{"host":"e2ju6k0wppswbhbd","time":1611193882,"event":{"mods":["BaseMod","Minty Spire (QoL Compilation)","Rare Cards Sparkle","StSLib"],"gold_per_floor":[116,116,127,137,157,157,457,475,550,550,585,595,622,633,633,734,734,751,751,761,781,155,155,190,190,190,190,203,215,215,215,215,318,318,328,11,21,41,141,141,169,181,232,232,243,257,307,327,327,327,327,327,58,93,93,93],"floor_reached":55,"language":"FRA","playtime":8833,"items_purged":["Defend_B"],"score":723,"play_id":"bba68a7c-3c74-4942-bb45-0e6eb4bac1e8","local_time":"20210121025121","is_ascension_mode":false,"campfire_choices":[{"floor":6.0,"key":"RECALL"},{"data":"Zap","floor":10.0,"key":"SMITH"},{"floor":15.0,"key":"REST"},{"data":"Consume","floor":23.0,"key":"SMITH"},{"data":"Machine Learning","floor":25.0,"key":"SMITH"},{"data":"Glacier","floor":30.0,"key":"SMITH"},{"data":"Redo","floor":32.0,"key":"SMITH"},{"data":"Blizzard","floor":40.0,"key":"SMITH"},{"floor":44,"key":"REST"},{"data":"Echo Form","floor":49,"key":"SMITH"},{"data":"Hologram","floor":52,"key":"SMITH"}],"circlet_count":0,"master_deck":["Zap+1","Dualcast","Lockon","Redo+1","Conserve Battery","Echo Form+1","Leap","FTL","Capacitor","BootSequence","Machine Learning+1","Compile Driver","Consume+1","Core Surge","Glacier+1","Coolheaded","Static Discharge","Master of Strategy","White Noise","Genetic Algorithm","Creative AI+1","Streamline","Hologram+1","Self Repair+1","Multi-Cast","Lockon","Steam+1","Storm+1","Defragment+1","Blizzard+1","Chaos+1","Sweeping Beam+1","Self Repair+1","Undo+1","Redo"],"relics":["Cracked Core","Old Coin","Bronze Scales","Calling Bell","Regal Pillow","InkBottle","Torii","Strawberry","Centennial Puzzle","Bottled Lightning","Frozen Egg 2","Nloth\u0027s Gift","Nilry\u0027s Codex","Pandora\u0027s Box","Matryoshka","Art of War","Anchor","Akabeko","Thread and Needle","Membership Card","Lantern"],"acts_visited":["Exordium","TheCity","TheBeyond","TheEnding"],"potions_floor_usage":[45,46,54,55],"damage_taken":[{"damage":1.0,"enemies":"Jaw Worm","floor":1.0,"turns":3.0},{"damage":0.0,"enemies":"2 Louse","floor":3.0,"turns":3.0},{"damage":0.0,"enemies":"Cultist","floor":4.0,"turns":3.0},{"damage":4.0,"enemies":"Blue Slaver","floor":5.0,"turns":3.0},{"damage":2.0,"enemies":"Looter","floor":8.0,"turns":4.0},{"damage":14.0,"enemies":"Gremlin Nob","floor":11.0,"turns":4.0},{"damage":13.0,"enemies":"Lots of Slimes","floor":12.0,"turns":2.0},{"damage":4.0,"enemies":"Blue Slaver","floor":14.0,"turns":3.0},{"damage":27.0,"enemies":"The Guardian","floor":16.0,"turns":11.0},{"damage":4.0,"enemies":"3 Byrds","floor":18.0,"turns":3.0},{"damage":1.0,"enemies":"Spheric Guardian","floor":20.0,"turns":4.0},{"damage":0.0,"enemies":"Snecko","floor":21.0,"turns":6.0},{"damage":10.0,"enemies":"Gremlin Leader","floor":24.0,"turns":6.0},{"damage":1.0,"enemies":"Centurion and Healer","floor":28.0,"turns":11.0},{"damage":7.0,"enemies":"Snake Plant","floor":29.0,"turns":5.0},{"damage":20.0,"enemies":"Automaton","floor":33.0,"turns":10.0},{"damage":7.0,"enemies":"Orb Walker","floor":35.0,"turns":5.0},{"damage":7.0,"enemies":"3 Shapes","floor":37.0,"turns":5.0},{"damage":15.0,"enemies":"3 Darklings","floor":38.0,"turns":6.0},{"damage":63.0,"enemies":"Reptomancer","floor":41.0,"turns":7.0},{"damage":1.0,"enemies":"Maw","floor":42.0,"turns":6.0},{"damage":1,"enemies":"Sphere and 2 Shapes","floor":45,"turns":3},{"damage":21,"enemies":"3 Darklings","floor":46,"turns":4},{"damage":0,"enemies":"Mind Bloom Boss Battle","floor":47,"turns":5},{"damage":1,"enemies":"Spire Growth","floor":48,"turns":5},{"damage":73,"enemies":"Donu and Deca","floor":50,"turns":12},{"damage":88,"enemies":"Shield and Spear","floor":54,"turns":10},{"damage":50,"enemies":"The Heart","floor":55,"turns":8}],"seed_played":"5919507432271312352","potions_obtained":[{"floor":3.0,"key":"GamblersBrew"},{"floor":4.0,"key":"FearPotion"},{"floor":8.0,"key":"PowerPotion"},{"floor":11.0,"key":"FocusPotion"},{"floor":20.0,"key":"AttackPotion"},{"floor":21.0,"key":"ColorlessPotion"},{"floor":24.0,"key":"Block Potion"},{"floor":38.0,"key":"PotionOfCapacity"},{"floor":41.0,"key":"BlessingOfTheForge"},{"floor":42,"key":"SpeedPotion"},{"floor":54,"key":"FairyPotion"}],"is_trial":false,"path_per_floor":["M","?","M","M","M","R","?","M","T","R","E","M","T","M","R","B",null,"M","?","M","M","$","R","E","R","T","?","M","M","R","?","R","B",null,"M","$","M","M","?","R","E","M","T","R","M","M","?","M","R","B",null,"R","$","E","B"],"character_chosen":"DEFECT","items_purchased":["Static Discharge","Strawberry","Master of Strategy","Centennial Puzzle","Matryoshka","Storm+1","Membership Card","SkillPotion","SteroidPotion","Redo","PotionOfCapacity"],"campfire_rested":2,"item_purchase_floors":[22,22,22,22,36,36,53,53,53,53,53],"current_hp_per_floor":[81,65,65,65,61,61,61,59,59,59,45,32,32,28,52,25,82,78,78,77,77,84,84,74,74,74,74,73,66,66,50,50,30,89,89,89,82,77,77,77,24,33,33,74,83,72,82,89,89,36,89,89,89,21,0,0],"gold":93,"neow_bonus":"TEN_PERCENT_HP_BONUS","is_daily":false,"chose_seed":false,"campfire_upgraded":8,"win_rate":0.0,"timestamp":1611193881,"path_taken":["M","?","M","M","M","R","?","M","T","R","E","M","?","M","R","BOSS","M","?","M","M","$","R","E","R","T","?","M","?","R","?","R","BOSS","M","$","M","M","?","R","E","M","T","R","?","M","?","M","R","BOSS","R","$","E","BOSS"],"items_purchased_type":["Card","Relic","Card","Relic","Relic","Card","Relic","Potion","Potion","Card","Potion"],"build_version":"2020-12-22","purchased_purges":1,"victory":false,"max_hp_per_floor":[82,82,82,82,82,82,82,82,82,82,82,82,82,82,82,82,82,82,82,82,82,89,89,89,89,89,89,89,89,89,89,89,89,89,89,89,89,89,89,89,89,89,89,89,89,89,89,89,89,89,89,89,89,89,89,89],"card_choices":[{"not_picked":["Barrage","Compile Driver"],"picked":"Lockon","floor":1.0},{"not_picked":["Static Discharge","Steam"],"picked":"Redo","floor":3.0},{"not_picked":["Static Discharge","Go for the Eyes"],"picked":"Conserve Battery","floor":4.0},{"not_picked":["Turbo","Leap"],"picked":"Echo Form","floor":5.0},{"not_picked":["Stack","Lockon"],"picked":"Leap","floor":8.0},{"not_picked":["Compile Driver","Loop"],"picked":"FTL","floor":11.0},{"not_picked":["Turbo","Barrage"],"picked":"Capacitor","floor":12.0},{"not_picked":["Blizzard","Turbo"],"picked":"BootSequence","floor":14.0},{"not_picked":["Multi-Cast","Buffer"],"picked":"Machine Learning","floor":16.0},{"not_picked":["Barrage","Rebound"],"picked":"Compile Driver","floor":18.0},{"not_picked":["Barrage+1","Rebound"],"picked":"Glacier","floor":20.0},{"not_picked":["Fission","Stack"],"picked":"Coolheaded","floor":21.0},{"not_picked":["Conserve Battery","Stack","Turbo+1"],"picked":"SKIP","floor":24.0},{"not_picked":["Sweeping Beam","Leap"],"picked":"White Noise","floor":28.0},{"not_picked":["Creative AI+1","Recycle"],"picked":"Genetic Algorithm","floor":29.0},{"not_picked":["Core Surge","Hyperbeam"],"picked":"Creative AI+1","floor":33.0},{"not_picked":["Rebound","Undo+1"],"picked":"Steam+1","floor":35.0},{"not_picked":["Stack+1","Turbo"],"picked":"Defragment+1","floor":37.0},{"not_picked":["Beam Cell+1","Redo+1"],"picked":"Blizzard","floor":38.0},{"not_picked":["Coolheaded","Skim+1"],"picked":"Chaos+1","floor":41.0},{"not_picked":["Melter+1","Compile Driver","Streamline+1"],"picked":"SKIP","floor":42},{"not_picked":["Melter+1","Hologram"],"picked":"Sweeping Beam+1","floor":45},{"not_picked":["Hologram","Leap","Stack"],"picked":"SKIP","floor":46},{"not_picked":["Streamline","Hologram"],"picked":"Self Repair+1","floor":47},{"not_picked":["Echo Form+1","Consume+1"],"picked":"Undo+1","floor":48},{"not_picked":["Gash","Sweeping Beam+1","Rip and Tear+1"],"picked":"SKIP","floor":54}],"player_experience":2749907,"relics_obtained":[{"floor":11.0,"key":"Omamori"},{"floor":13.0,"key":"Bronze Scales"},{"floor":17.0,"key":"Regal Pillow"},{"floor":17.0,"key":"InkBottle"},{"floor":17.0,"key":"Torii"},{"floor":24.0,"key":"Bottled Lightning"},{"floor":26.0,"key":"Frozen Egg 2"},{"floor":31.0,"key":"Nilry\u0027s Codex"},{"floor":41.0,"key":"Art of War"},{"floor":43,"key":"Anchor"},{"floor":43,"key":"Akabeko"},{"floor":47,"key":"Thread and Needle"},{"floor":54,"key":"Lantern"}],"event_choices":[{"damage_healed":0.0,"max_hp_gain":0.0,"max_hp_loss":0.0,"gold_gain":0.0,"event_name":"Shining Light","player_choice":"Entered Light","floor":2.0,"gold_loss":0.0,"damage_taken":16.0,"cards_upgraded":["Strike_B","Defend_B"]},{"damage_healed":0.0,"max_hp_gain":0.0,"max_hp_loss":0.0,"gold_gain":0.0,"event_name":"Dead Adventurer","player_choice":"Searched \u00272\u0027 times","floor":7.0,"gold_loss":0.0,"damage_taken":0.0,"relics_obtained":["Old Coin"]},{"damage_healed":0.0,"max_hp_gain":0.0,"max_hp_loss":0.0,"gold_gain":0.0,"cards_transformed":["Strike_B","Defend_B"],"event_name":"Drug Dealer","player_choice":"Became Test Subject","floor":19.0,"gold_loss":0.0,"damage_taken":0.0,"cards_obtained":["Consume","Core Surge"]},{"damage_healed":0.0,"max_hp_gain":0.0,"max_hp_loss":0.0,"gold_gain":0.0,"event_name":"N\u0027loth","player_choice":"Traded Relic","floor":27.0,"relics_lost":["Omamori"],"gold_loss":0.0,"damage_taken":0.0,"relics_obtained":["Nloth\u0027s Gift"]},{"damage_healed":0.0,"max_hp_gain":0.0,"max_hp_loss":0.0,"gold_gain":0.0,"event_name":"Cursed Tome","player_choice":"Obtained Book","floor":31.0,"gold_loss":0.0,"damage_taken":16.0},{"damage_healed":0.0,"max_hp_gain":0.0,"max_hp_loss":0.0,"gold_gain":100.0,"event_name":"Golden Shrine","player_choice":"Pray","floor":39.0,"gold_loss":0.0,"damage_taken":0.0},{"damage_healed":0,"gold_gain":0,"player_choice":"Fight","damage_taken":0,"max_hp_gain":0,"max_hp_loss":0,"event_name":"MindBloom","floor":47,"gold_loss":0}],"is_beta":false,"boss_relics":[{"not_picked":["Nuclear Battery","SacredBark"],"picked":"Calling Bell"},{"not_picked":["Runic Pyramid","Coffee Dripper"],"picked":"Pandora\u0027s Box"}],"items_purged_floors":[22],"is_endless":false,"potions_floor_spawned":[3,4,8,11,20,21,24,38,41,42,54],"killed_by":"The Heart","ascension_level":0}}