{"host":"obplhmlw33xb91v8","time":1611194734,"event":{"mods":["AchievementEnabler","BaseMod","Block Reminder","Curses Come First","Dio Mod","Evolution","Friendly Minions","HololiveMod","Koishi","Minty Spire (QoL Compilation)","Quick Restart","Reimu??????","Relic Stats","Remilia??????","Shop Mod","Spicy Shops","StSLib","The Alterego","The Gatherer","The IronCluck","The Servant 0.9.4","The Wild Card","TheSwordswoman","Uncapped","Waifu the Spire","Yakumo Yukari mod","Yohane!","Youmu??????","Yuyuko","egg"],"gold_per_floor":[111,124,134,154,154,183,183,211,211,241,12,12,12,12,12,12,12],"floor_reached":16,"language":"ENG","playtime":636,"items_purged":["Strike_R"],"score":148,"play_id":"4dc54ebb-ba18-4920-99ad-1aeac6c3ac38","local_time":"20210120210534","is_ascension_mode":true,"campfire_choices":[{"floor":7,"key":"REST"},{"floor":13,"key":"REST"},{"data":"Juggernaut","floor":15,"key":"SMITH"}],"circlet_count":0,"master_deck":["Strike_R","Strike_R","Strike_R","Strike_R","Defend_R","Defend_R","Defend_R","Defend_R","Bash","Pommel Strike","True Grit","Disarm","Pummel","Flame Barrier","Juggernaut+1","Reaper"],"relics":["EVO:Axolotl","RedLine:ReiMu","Strawberry","Du-Vu Doll","Mango","Shovel","Hololive_LightStick","Golden Idol"],"acts_visited":["Exordium"],"potions_floor_usage":[10,16],"damage_taken":[{"damage":10,"enemies":"Jaw Worm","floor":1,"turns":5},{"damage":10,"enemies":"Small Slimes","floor":2,"turns":4},{"damage":6,"enemies":"2 Louse","floor":3,"turns":2},{"damage":17,"enemies":"Red Slaver","floor":4,"turns":4},{"damage":33,"enemies":"Gremlin Nob","floor":6,"turns":5},{"damage":26,"enemies":"3 Sentries","floor":8,"turns":13},{"damage":40,"enemies":"Lagavulin","floor":10,"turns":9},{"damage":47,"enemies":"Hexaghost","floor":16,"turns":12}],"seed_played":"-3752814653272166321","potions_obtained":[{"floor":4,"key":"ZuzhouPotion:ReiMu"},{"floor":8,"key":"Explosive Potion"}],"is_trial":false,"path_per_floor":["M","M","M","M","?","E","R","E","T","E","$","?","R","$","R","B"],"character_chosen":"IRONCLAD","items_purchased":["Hololive_LightStick"],"campfire_rested":2,"item_purchase_floors":[11],"current_hp_per_floor":[70,60,54,37,63,37,63,37,51,11,11,11,38,38,38,0,0],"gold":12,"neow_bonus":"BOSS_RELIC","is_daily":false,"chose_seed":false,"campfire_upgraded":1,"win_rate":0.0,"timestamp":1611194734,"path_taken":["M","M","M","M","?","E","R","E","T","E","$","?","R","$","R","BOSS"],"items_purchased_type":["Relic"],"build_version":"2020-12-22","purchased_purges":1,"victory":false,"max_hp_per_floor":[80,80,80,80,80,87,87,87,101,101,101,93,93,93,93,93,93],"relic_stats":{"Shovel":0,"counters":[8,54],"Golden Idol":0,"obtain_stats":[{"Du-Vu Doll":8,"Hololive_LightStick":11,"Shovel":10,"Golden Idol":12,"Strawberry":6,"Mango":9,"EVO:Axolotl":0,"Burning Blood":0,"RedLine:ReiMu":0},{"Du-Vu Doll":6,"Hololive_LightStick":7,"Shovel":7,"Golden Idol":7,"Strawberry":5,"Mango":6,"EVO:Axolotl":0,"Burning Blood":0,"RedLine:ReiMu":0},{"Du-Vu Doll":33,"Hololive_LightStick":42,"Shovel":42,"Golden Idol":42,"Strawberry":20,"Mango":33,"EVO:Axolotl":0,"Burning Blood":0,"RedLine:ReiMu":0}]},"card_choices":[{"not_picked":["Havoc","Cleave"],"picked":"Pommel Strike","floor":1},{"not_picked":["Bloodletting","Heavy Blade"],"picked":"True Grit","floor":2},{"not_picked":["Second Wind","Armaments"],"picked":"Disarm","floor":3},{"not_picked":["Clash","Armaments"],"picked":"Pummel","floor":4},{"not_picked":["Sever Soul","Disarm"],"picked":"Flame Barrier","floor":6},{"not_picked":["Bloodletting","Headbutt"],"picked":"Juggernaut","floor":8},{"not_picked":["Infernal Blade","Wild Strike"],"picked":"Reaper","floor":10}],"player_experience":250318,"relics_obtained":[{"floor":6,"key":"Strawberry"},{"floor":8,"key":"Du-Vu Doll"},{"floor":9,"key":"Mango"},{"floor":10,"key":"Shovel"}],"event_choices":[{"damage_healed":26,"gold_gain":0,"player_choice":"Banana","damage_taken":0,"max_hp_gain":0,"max_hp_loss":0,"event_name":"Big Fish","floor":5,"gold_loss":0},{"damage_healed":0,"gold_gain":0,"player_choice":"Lose Max HP","damage_taken":0,"relics_obtained":["Golden Idol"],"max_hp_gain":0,"max_hp_loss":8,"event_name":"Golden Idol","floor":12,"gold_loss":0}],"is_beta":false,"boss_relics":[],"items_purged_floors":[11],"is_endless":false,"potions_floor_spawned":[4,8],"killed_by":"Hexaghost","ascension_level":5}}