{"host":"w23c85yopnejbyem","time":1611247697,"event":{"mods":["100% Spire Juice","2.2 Compatiblity","AchievementEnabler","Act Like it!","Arknights The Spire","BaseMod","Beaked The Cultist","BetterRewards","CapriCore","ChefMod","Colored Map","Colored Powertips","Conspire","Downfall-Rebalance","Duelist Mod","Elementarium","Gensokyo","GifTheSpireLib","Halation","Hallownest","Hermit","Highlight Path","JesterMod","KinomotoSakuraMod(????)","Luminous","Menagerie","Mimic Mod","Minty Spire (QoL Compilation)","MostiFishMod","Permanent Neow","Quarter Circle Forward PUNCH!","Quick Restart","Replay The Spire","Robot Space Explorer","Shade Mod","Shedinja","Shop Mod","Spicy Shops","Spikes Relics","Spire Arcade","StS++","StSLib","Stuff the Spire","The Animator","The Blue Laboratory","The Bug Knight","The Dragon Tamer","The Fake Hero","The Immortal","The Marked","The Mystic","The Necromancer","The Senshi","The Trickster","TheSwordswoman","TheVacant","TheVelvet","Useless Jewels Mod","Yakumo Yukari mod","??????REMEMod"],"gold_per_floor":[117,129,167,7,65,65,65,78,78,78,78,98,128,128,128,223,223,243,243,262,112,112,143,0,31,102,102,102,122,153,153,153,153,153],"floor_reached":33,"language":"ENG","playtime":1821,"items_purged":["Writhe","Injury","Shame","Strike_B","Slimebound:Icky","Decay"],"score":709,"play_id":"46bc784e-58cf-4a84-9b90-76b3a5ba51a3","local_time":"20210121164816","is_ascension_mode":false,"campfire_choices":[{"data":"ReplayTheSpireMod:Calculation Training","floor":6,"key":"SMITH"},{"data":"ReplayGash","floor":10,"key":"SMITH"},{"data":"Loop","floor":15,"key":"SMITH"},{"floor":27,"key":"RECALL"},{"data":"Heatsinks","floor":32,"key":"SMITH"}],"circlet_count":0,"master_deck":["Strike_B","Strike_B","Strike_B","Defend_B","Defend_B","Defend_B+1","Defend_B","Zap","Dualcast+1","theDuelist:DeltaMagnet","ReplayTheSpireMod:Calculation Training+1","Sweeping Beam","Replay:Bootleg Shield Generator","MostiFishMod:Culaccino+1","StuffTheSpire:Plugnplay+1","FIFO Queue","Loop+1","ReplayGash+1","Apotheosis+1","Seek+1","White Noise+1","MostiFishMod:OneDayCity+1","Defragment+1","MostiFishMod:Kaleido+1","Double Energy","Heatsinks+1"],"relics":["Cracked Core","REME_ComplimentaryCards","DaveBox","Replay:Rubber Ducky","DiscerningMonocle","SynthV:TestCard","Nilry\u0027s Codex","ArrowTower","BrkXgEgg","MealTicket","Singing Bowl","RoseTintedShades","StuffTheSpire:DarkSteelAnvil","Chemical X","StuffTheSpire:RubySignet","StuffTheSpire:Mouthbags","Rawhide","qcfpunch:Army_Boots","BirthdayGift-Tetrahedron","Cursed Key","StSpp:SailorCap","REME_CardOfGreed","Orichalcum","ChiLing","Chi","Ling","Kunai","ReplayTheSpireMod:Ring of Challenge","ReplayTheSpireMod:Ring of Collecting","Question Card","BlackRope","Pantograph","ReplayTheSpireMod:Ring of Addiction","Toy Ornithopter","Potion Belt","Gremlin Horn","BargainBundle","Oddly Smooth Stone","StuffTheSpire:ForceGauntlet","StSpp:Monolith","Runic Capacitor","Pen Nib","halation:Komachan","Art of War","Bag of Preparation","War Paint"],"acts_visited":["Gensokyo:Gensokyo","Gensokyo:Gensokyoer"],"potions_floor_usage":[2,5,5,13,13,13,18,30,30,31,33],"damage_taken":[{"damage":1,"enemies":"Gensokyo:Python","floor":1,"turns":4},{"damage":6,"enemies":"Gensokyo:Gryphon","floor":2,"turns":4},{"damage":6,"enemies":"Gensokyo:Cirno","floor":5,"turns":6},{"damage":2,"enemies":"Gensokyo:2_Kodama","floor":8,"turns":2},{"damage":0,"enemies":"Gensokyo:VengefulSpirit","floor":12,"turns":4},{"damage":0,"enemies":"Gensokyo:Aya","floor":13,"turns":3},{"damage":7,"enemies":"Gensokyo:Reimu","floor":16,"turns":4},{"damage":2,"enemies":"Gensokyo:AngelMirror","floor":18,"turns":2},{"damage":2,"enemies":"Gensokyo:Chomper","floor":20,"turns":2},{"damage":4,"enemies":"Gensokyo:Tenshi","floor":23,"turns":2},{"damage":5,"enemies":"Gensokyo:Reisen","floor":25,"turns":2},{"damage":5,"enemies":"Gensokyo:Wraith","floor":29,"turns":2},{"damage":3,"enemies":"Gensokyo:Koishi","floor":30,"turns":1}],"seed_played":"290974724630172507","potions_obtained":[{"floor":1,"key":"blueLaboratory:RecallPotion"},{"floor":2,"key":"blueLaboratory:CreativityPotion"},{"floor":3,"key":"REME_GoldPotion"},{"floor":3,"key":"blueLaboratory:BottleOfVodka"},{"floor":26,"key":"SteroidPotion"},{"floor":26,"key":"SteroidPotion"}],"is_trial":false,"path_per_floor":["M","M","?","?","?","R","?","M","T","R","$","M","E","$","R","B",null,"M","?","M","$","?","E","?","E","T","R","$","M","E","$","R","B"],"character_chosen":"DEFECT","items_purchased":["BrkXgEgg","MealTicket","Singing Bowl","RoseTintedShades","StuffTheSpire:DarkSteelAnvil","Chemical X","Adrenaline Potion","CultistPotion","Replay:Bootleg Shield Generator","MostiFishMod:Culaccino+1","StuffTheSpire:Plugnplay","FIFO Queue","StuffTheSpire:Mouthbags","Rawhide","qcfpunch:Army_Boots","BirthdayGift-Tetrahedron","blueLaboratory:CorrosionFlask","blueLaboratory:CoolantVial","Doom Potion","Apotheosis+1","StSpp:SailorCap","REME_CardOfGreed","Orichalcum","ChiLing","MostiFishMod:OneDayCity+1","Kunai","blueLaboratory:CoolantVial","Gremlin Horn","BargainBundle","Oddly Smooth Stone","StuffTheSpire:ForceGauntlet","MostiFishMod:Kaleido+1","Double Energy","Runic Capacitor","Pen Nib","halation:Komachan","Art of War","Bag of Preparation","War Paint","REME_GoldPotion","EssenceOfSteel","BlessingOfTheForge","Heatsinks"],"campfire_rested":0,"item_purchase_floors":[11,11,11,11,11,11,11,11,11,11,11,11,14,14,14,14,14,14,14,14,21,21,21,21,21,21,21,28,28,28,28,28,28,31,31,31,31,31,31,31,31,31,31],"current_hp_per_floor":[74,68,38,38,32,32,55,53,53,53,53,53,55,70,70,63,77,75,75,75,79,79,75,75,72,72,72,81,78,80,83,83,0,0],"gold":153,"neow_bonus":"RANDOM_COMMON_RELIC","is_daily":false,"chose_seed":false,"campfire_upgraded":4,"win_rate":0.0,"timestamp":1611247696,"path_taken":["M","M","?","?","?","R","?","M","T","R","$","?","E","?","R","BOSS","M","?","M","?","?","E","?","E","T","R","$","M","E","$","R","BOSS"],"items_purchased_type":["Relic","Relic","Relic","Relic","Relic","Relic","Potion","Potion","Card","Card","Card","Card","Relic","Relic","Relic","Relic","Potion","Potion","Potion","Card","Relic","Relic","Relic","Relic","Card","Relic","Potion","Relic","Relic","Relic","Relic","Card","Card","Relic","Relic","Relic","Relic","Relic","Relic","Potion","Potion","Potion","Card"],"build_version":"2020-12-22","purchased_purges":6,"victory":false,"max_hp_per_floor":[75,75,75,75,75,75,75,75,75,75,75,75,77,77,77,77,77,77,77,79,79,79,79,79,81,81,81,81,83,83,83,83,83,83],"card_choices":[{"not_picked":["Streamline","StSpp:Pointer","StSpp:Mask"],"picked":"SKIP","floor":1},{"not_picked":["Streamline","StSpp:Pointer","StSpp:Mask"],"picked":"SKIP","floor":1},{"not_picked":["Barrage","MostiFishMod:PushDownKick","StuffTheSpire:Plugnplay","Force Field"],"picked":"ReplayGash","floor":2},{"not_picked":["Compile Driver","StuffTheSpire:Plugnplay","MostiFishMod:PushDownKick","Panic Button"],"picked":"ReplayTheSpireMod:Calculation Training","floor":3},{"not_picked":["Time Bomb","MostiFishMod:Culaccino","Rebound","Stack"],"picked":"Sweeping Beam","floor":5},{"not_picked":["Melter","Static Discharge","StuffTheSpire:SnapShoot","MostiFishMod:PushDownKick","Turbo"],"picked":"SKIP","floor":8},{"not_picked":["Barrage","Compile Driver","StSpp:TargetLocked","StuffTheSpire:LoadUp","ReplayTheSpireMod:System Scan","conspire:Rain","Beam Cell"],"picked":"Loop","floor":12},{"not_picked":["conspire:Rain","Beam Cell","Sweeping Beam","Time Bomb","Aggregate"],"picked":"Singing Bowl","floor":13},{"not_picked":["StSpp:Converter+1","MostiFishMod:IceShield+1","Core Surge+1","Multi-Cast+1"],"picked":"Seek+1","floor":16},{"not_picked":["StSpp:TargetLocked","Gash","Barrage","StuffTheSpire:ShieldGenerator"],"picked":"White Noise","floor":18},{"not_picked":["BasicCrystalCard","conspire:Rain","REME_DataAnalysis","Double Energy","StuffTheSpire:Plugnplay"],"picked":"Singing Bowl","floor":20},{"not_picked":["FIFO Queue","StuffTheSpire:Plugnplay","Rebound","Hologram"],"picked":"Defragment+1","floor":23},{"not_picked":["All For One+1","Hologram+1","Fusion","ReplayTheSpireMod:System Scan","MostiFishMod:ReprogramOld","Gash"],"picked":"Singing Bowl","floor":25},{"not_picked":["Scrape","Turbo","StSpp:Fierceness","Hologram","MostiFishMod:Exploitation+1","conspire:SharedLibrary+1"],"picked":"Singing Bowl","floor":29},{"not_picked":["Steam Power","Leap","Recycle","Barrage","Coolheaded+1","Redo"],"picked":"Singing Bowl","floor":30}],"player_experience":513041,"relics_obtained":[{"floor":1,"key":"SynthV:TestCard"},{"floor":5,"key":"ArrowTower"},{"floor":13,"key":"StuffTheSpire:RubySignet"},{"floor":22,"key":"ReplayTheSpireMod:Ring of Challenge"},{"floor":22,"key":"ReplayTheSpireMod:Ring of Collecting"},{"floor":23,"key":"Question Card"},{"floor":25,"key":"BlackRope"},{"floor":26,"key":"Pantograph"},{"floor":26,"key":"ReplayTheSpireMod:Ring of Addiction"},{"floor":26,"key":"Toy Ornithopter"},{"floor":26,"key":"Potion Belt"},{"floor":30,"key":"StSpp:Monolith"}],"event_choices":[{"damage_healed":0,"gold_gain":0,"player_choice":"Leave","damage_taken":0,"max_hp_gain":0,"max_hp_loss":0,"event_name":"conspire:Investor","floor":19,"gold_loss":0}],"is_beta":false,"boss_relics":[{"not_picked":["StSpp:CrystalBall","qcfpunch:Crimson_Sash"],"picked":"Cursed Key"}],"items_purged_floors":[11,14,21,21,28,31],"is_endless":false,"potions_floor_spawned":[1,2,23,29],"killed_by":"Gensokyo:Eternal_Rivals","ascension_level":0}}