{"host":"ggy1mjjy92c62u6a","time":1611231340,"event":{"mods":["10 clothes from DAL","ATMod(阿瑾Mod)","Act Like it!","BaseMod","Colored Powertips","GifTheSpireLib","GungeonMod","GungeonMod Extend","Minty Spire (QoL Compilation)","Quick Restart","Relic Stats","RumiaBox-露米娅的神秘盒子","Shop Mod","Spicy Shops","StSLib","【功能Mod】混沌之环修复补丁","【遗物Mod】死灵法师NEW","【遗物卡牌】REMEMod"],"gold_per_floor":[118,118,88,17,23,63,82,118,145,145,160,194,79,100,100,230,230,223,66,66,66,80,80,94,94,94,94,109,124,147,160,178,178,178,301,301,320,339,345,406,430,469,487,510,534,534,548,327,327,327,327,377],"floor_reached":53,"language":"ZHS","playtime":1958,"items_purged":[],"score":738,"play_id":"a42bfbcf-2d5e-42c8-9420-faa5c26f0c87","local_time":"20210121201540","is_ascension_mode":false,"campfire_choices":[{"floor":15.0,"key":"REST"},{"data":"Summon_Undead","floor":23.0,"key":"SMITH"},{"data":"Summon_Undead","floor":25.0,"key":"SMITH"},{"data":"Summon_Undead","floor":27.0,"key":"SMITH"},{"data":"Summon_Undead","floor":33.0,"key":"SMITH"},{"data":"Summon_Undead","floor":46,"key":"SMITH"},{"data":"Summon_Undead","floor":49,"key":"SMITH"},{"data":"Summon_Undead","floor":51,"key":"SMITH"}],"circlet_count":0,"master_deck":["Bandage Up","DemoMod:PotionOfGunFriendShip","DemoMod:ShadowBullets","Summon_Undead+1","Summon_Undead","Summon_Undead","Summon_Undead","Summon_Undead+1","Summon_Undead+1","Summon_Undead+1","Summon_Undead+1","Summon_Undead+1","Summon_Undead+1","Summon_Undead+1","DemoMod:AWP+1","DemoMod:GunstockTap+1","DemoMod:SniperShot","DemoMod:FortunesFavor","Decay"],"relics":["REME_ComplimentaryCards","AT_ATBox","REME_DuelDisc","Golden Idol","SumBook2","Centennial Puzzle","DemoExt:PortableTurret","AT_EbonyIvory","Baka2","DemoMod:ResourcefulSack","DemoMod:PartiallyEatenCheese","Runic Pyramid","MerchantsRug","Bag of Preparation","Ancient Tea Set","AT_MibuBalloonWealth","DemoMod:ClearGuonStone"],"acts_visited":["Exordium","TheCity","TheCity","TheBeyond"],"potions_floor_usage":[52,52],"damage_taken":[{"damage":24.0,"enemies":"Jaw Worm","floor":1.0,"turns":5.0},{"damage":3.0,"enemies":"Small Slimes","floor":5.0,"turns":4.0},{"damage":44.0,"enemies":"3 Sentries","floor":6.0,"turns":5.0},{"damage":0.0,"enemies":"2 Louse","floor":7.0,"turns":3.0},{"damage":0.0,"enemies":"Gremlin Nob","floor":8.0,"turns":3.0},{"damage":9.0,"enemies":"Exordium Wildlife","floor":11.0,"turns":5.0},{"damage":7.0,"enemies":"Lagavulin","floor":12.0,"turns":6.0},{"damage":17.0,"enemies":"Red Slaver","floor":14.0,"turns":3.0},{"damage":34.0,"enemies":"Slime Boss","floor":16.0,"turns":8.0},{"damage":39.0,"enemies":"2 Thieves","floor":18.0,"turns":5.0},{"damage":6.0,"enemies":"Chosen","floor":22.0,"turns":4.0},{"damage":36.0,"enemies":"Snecko","floor":24.0,"turns":6.0},{"damage":10.0,"enemies":"DemoMod:4_Bullet_Kins_with_one_veteran","floor":28.0,"turns":4.0},{"damage":22.0,"enemies":"DemoMod:Red_and_blue_shotgun_kin","floor":29.0,"turns":3.0},{"damage":15.0,"enemies":"DemoMod:Veteran_shot_gun_kin_and_blue_shotgun_kin","floor":30.0,"turns":2.0},{"damage":47.0,"enemies":"DemoMod:Veteran_shot_gun_kin_and_blue_shotgun_kin_with_gunsinger","floor":31.0,"turns":3.0},{"damage":28.0,"enemies":"DemoMod:Veteran_shot_gun_kin_and_red_shotgun_kin_with_gunsinger","floor":32.0,"turns":3.0},{"damage":62.0,"enemies":"DemoMod:ResourcefulRat","floor":35.0,"turns":13.0},{"damage":16.0,"enemies":"3 Darklings","floor":37.0,"turns":9.0},{"damage":9.0,"enemies":"Orb Walker","floor":38.0,"turns":3.0},{"damage":10,"enemies":"Transient","floor":41,"turns":5},{"damage":125,"enemies":"Nemesis","floor":42,"turns":7},{"damage":0,"enemies":"3 Darklings","floor":43,"turns":2},{"damage":24,"enemies":"Sphere and 2 Shapes","floor":44,"turns":3},{"damage":41,"enemies":"Jaw Worm Horde","floor":47,"turns":3},{"damage":125,"enemies":"Donu and Deca","floor":52,"turns":8}],"seed_played":"-3059602092033327924","potions_obtained":[{"floor":5.0,"key":"CultistPotion"},{"floor":6.0,"key":"FearPotion"},{"floor":7.0,"key":"DemoMod:LeadSkinPotion"},{"floor":29.0,"key":"Fruit Juice"},{"floor":35.0,"key":"DuplicationPotion"},{"floor":41,"key":"Weak Potion"}],"is_trial":false,"path_per_floor":["M","?","?","$","M","E","M","E","T","?","M","E","$","M","R","B",null,"M","$","?","?","M","R","M","R","T","R","M","M","M","M","M","R","B","B",null,"M","M","?","$","M","E","M","M","T","R","M","$","R","?","R","B",null],"character_chosen":"HUNTRESS","items_purchased":["ClockworkSouvenir","DemoMod:GnawedKey","AT_EbonyIvory","MerchantsRug","AT_MibuBalloonWealth","DemoMod:ClearGuonStone"],"campfire_rested":1,"item_purchase_floors":[4,13,19,40,48,48],"current_hp_per_floor":[50,33,33,33,40,9,19,22,22,22,29,41,41,38,69,99,106,106,106,84,84,90,90,61,61,120,120,132,126,127,102,96,96,139,126,173,173,166,166,166,170,142,146,126,126,126,89,89,89,89,89,55],"gold":377,"neow_bonus":"BOSS_RELIC","is_daily":false,"chose_seed":false,"campfire_upgraded":7,"win_rate":0.0,"timestamp":1611231340,"path_taken":["M","?","?","?","M","E","?","E","T","?","M","E","$","?","R","BOSS","M","$","?","?","M","R","M","R","T","R","M","M","M","M","M","R","BOSS","BOSS","M","M","?","$","M","E","M","M","T","R","M","$","R","?","R","BOSS"],"items_purchased_type":["Relic","Relic","Relic","Relic","Relic","Relic"],"build_version":"2020-12-22","purchased_purges":0,"victory":true,"max_hp_per_floor":[70,70,70,70,76,85,91,94,94,94,100,103,103,106,106,106,106,109,109,114,114,117,117,120,120,120,120,132,138,144,153,162,162,170,173,173,173,173,173,173,170,159,159,159,159,159,159,159,159,159,159,159],"relic_stats":{"Centennial Puzzle":[45],"counters":[27,133],"Golden Idol":175,"Bag of Preparation":[0],"obtain_stats":[{"AT_ATBox":0,"AT_MibuBalloonWealth":48,"REME_DuelDisc":0,"DemoMod:GlassGuonStoneRelic":5,"Bag of Preparation":42,"Empty Cage":17,"Ancient Tea Set":45,"ClockworkSouvenir":4,"Centennial Puzzle":9,"Baka2":35,"DemoMod:GnawedKey":13,"DemoMod:ClearGuonStone":48,"Runic Pyramid":36,"MerchantsRug":40,"DemoMod:Dog":0,"Golden Idol":2,"DemoMod:OrangeGuonStone":6,"DemoMod:PartiallyEatenCheese":36,"AT_EbonyIvory":19,"Baka":1,"DemoMod:RatBoots":36,"SumBook2":8,"DemoMod:ResourcefulSack":36,"DemoExt:PortableTurret":12,"REME_ComplimentaryCards":0},{"AT_ATBox":0,"AT_MibuBalloonWealth":26,"REME_DuelDisc":0,"DemoMod:GlassGuonStoneRelic":2,"Bag of Preparation":23,"Empty Cage":9,"Ancient Tea Set":25,"ClockworkSouvenir":1,"Centennial Puzzle":5,"Baka2":19,"DemoMod:GnawedKey":7,"DemoMod:ClearGuonStone":26,"Runic Pyramid":19,"MerchantsRug":21,"DemoMod:Dog":0,"Golden Idol":1,"DemoMod:OrangeGuonStone":3,"DemoMod:PartiallyEatenCheese":19,"AT_EbonyIvory":10,"Baka":1,"DemoMod:RatBoots":19,"SumBook2":5,"DemoMod:ResourcefulSack":19,"DemoExt:PortableTurret":7,"REME_ComplimentaryCards":0},{"AT_ATBox":0,"AT_MibuBalloonWealth":125,"REME_DuelDisc":0,"DemoMod:GlassGuonStoneRelic":9,"Bag of Preparation":117,"Empty Cage":42,"Ancient Tea Set":122,"ClockworkSouvenir":5,"Centennial Puzzle":20,"Baka2":93,"DemoMod:GnawedKey":31,"DemoMod:ClearGuonStone":125,"Runic Pyramid":93,"MerchantsRug":105,"DemoMod:Dog":0,"Golden Idol":5,"DemoMod:OrangeGuonStone":14,"DemoMod:PartiallyEatenCheese":93,"AT_EbonyIvory":47,"Baka":5,"DemoMod:RatBoots":93,"SumBook2":20,"DemoMod:ResourcefulSack":93,"DemoExt:PortableTurret":31,"REME_ComplimentaryCards":0}]},"card_choices":[{"not_picked":["DemoMod:AbyssalTentacle","DemoMod:MegaHand","DemoMod:CombinedRifle"],"picked":"SKIP","floor":1.0},{"not_picked":["DemoMod:FeignSurrender","DemoMod:BattleInHaste"],"picked":"DemoMod:StickyCrossBow","floor":5.0},{"not_picked":["DemoMod:BulletBore","DemoMod:EasyReloadBullets"],"picked":"DemoMod:PotionOfGunFriendShip","floor":6.0},{"not_picked":["DemoMod:Purify","DemoMod:Unity"],"picked":"DemoMod:ShadowBullets","floor":7.0},{"not_picked":["DemoMod:BoxingGlove","DemoMod:StickyCrossBow","DemoMod:Unity"],"picked":"SKIP","floor":8.0},{"not_picked":["DemoMod:FeignSurrender","DemoMod:AWP","DemoMod:RadGun"],"picked":"SKIP","floor":11.0},{"not_picked":["DemoMod:JK47","DemoMod:PotionOfGunFriendShip","DemoMod:SAA"],"picked":"SKIP","floor":12.0},{"not_picked":["DemoMod:ShadowBullets","DemoMod:ConditionalReflex","DemoMod:GunShield"],"picked":"SKIP","floor":14.0},{"not_picked":["DemoMod:SAA","DemoMod:Unmoved","DemoMod:PotionOfGunFriendShip+1"],"picked":"SKIP","floor":18.0},{"not_picked":["DemoMod:StickyCrossBow+1","DemoMod:MegaHand","DemoMod:PotionOfGunFriendShip"],"picked":"SKIP","floor":22.0},{"not_picked":["DemoMod:TeaPot","DemoMod:PotionOfGunFriendShip+1","DemoMod:HighKaliber+1"],"picked":"SKIP","floor":24.0},{"not_picked":["DemoMod:ZorGun","DemoMod:ProbeStrike","DemoMod:JK47"],"picked":"SKIP","floor":28.0},{"not_picked":["DemoMod:MegaHand+1","DemoMod:JK47","DemoMod:AC15+1"],"picked":"SKIP","floor":29.0},{"not_picked":["DemoMod:AbyssalTentacle","DemoMod:FastSwitch","DemoMod:Unmoved+1"],"picked":"SKIP","floor":30.0},{"not_picked":["DemoMod:JK47+1","DemoMod:TeaPot+1","DemoMod:ZorGun"],"picked":"SKIP","floor":31.0},{"not_picked":["DemoMod:HuntsMan","DemoMod:SkilledReload","DemoMod:FortunesFavor"],"picked":"SKIP","floor":32.0},{"not_picked":["DemoMod:AbyssalTentacle+1","DemoMod:EasyReloadBullets+1","DemoMod:FeignSurrender+1"],"picked":"SKIP","floor":37.0},{"not_picked":["DemoMod:BattleInHaste+1","DemoMod:Purify+1"],"picked":"DemoMod:AWP+1","floor":38.0},{"not_picked":["DemoMod:DirectionalPad+1","DemoMod:FastSwitch","DemoMod:SAA"],"picked":"SKIP","floor":41},{"not_picked":["DemoMod:SAA","DemoMod:DoubleVision"],"picked":"DemoMod:GunstockTap+1","floor":42},{"not_picked":["DemoMod:TeaPot","DemoMod:HuntsMan+1"],"picked":"DemoMod:SniperShot","floor":43},{"not_picked":["DemoMod:EasyReloadBullets+1","DemoMod:BoxingGlove","DemoMod:MachoBrace"],"picked":"SKIP","floor":44},{"not_picked":["DemoMod:HardPowerCard+1","DemoMod:ChanceBullets+1"],"picked":"DemoMod:FortunesFavor","floor":47},{"not_picked":["DemoMod:MegaHand+1","DemoMod:Unmoved+1","DemoMod:HuntsMan"],"picked":"SKIP","floor":47},{"not_picked":["DemoMod:Polaris+1","DemoMod:GunstockTap+1","DemoMod:FullFirepower"],"picked":"SKIP","floor":47},{"not_picked":["DemoMod:FeignSurrender","DemoMod:SniperShot+1","DemoMod:Camera+1"],"picked":"SKIP","floor":47}],"player_experience":66100,"relics_obtained":[{"floor":1.0,"key":"Baka"},{"floor":6.0,"key":"DemoMod:OrangeGuonStone"},{"floor":8.0,"key":"SumBook2"},{"floor":9.0,"key":"Centennial Puzzle"},{"floor":12.0,"key":"DemoExt:PortableTurret"},{"floor":35.0,"key":"Baka2"},{"floor":36.0,"key":"DemoMod:RatBoots"},{"floor":36.0,"key":"DemoMod:ResourcefulSack"},{"floor":36.0,"key":"DemoMod:PartiallyEatenCheese"},{"floor":36.0,"key":"Runic Pyramid"},{"floor":42,"key":"Bag of Preparation"},{"floor":45,"key":"Ancient Tea Set"}],"event_choices":[{"damage_healed":0.0,"max_hp_gain":0.0,"max_hp_loss":0.0,"gold_gain":0.0,"event_name":"Golden Idol","player_choice":"Take Damage","floor":2.0,"gold_loss":0.0,"damage_taken":17.0,"relics_obtained":["Golden Idol"]},{"damage_healed":0.0,"max_hp_gain":0.0,"max_hp_loss":0.0,"gold_gain":0.0,"event_name":"Accursed Blacksmith","player_choice":"Forge","floor":10.0,"gold_loss":0.0,"damage_taken":0.0,"cards_upgraded":["Summon_Undead"]},{"damage_healed":0.0,"max_hp_gain":5.0,"max_hp_loss":0.0,"gold_gain":0.0,"event_name":"Forgotten Altar","player_choice":"Shed Blood","floor":20.0,"gold_loss":0.0,"damage_taken":27.0},{"damage_healed":0.0,"max_hp_gain":0.0,"max_hp_loss":0.0,"gold_gain":0.0,"event_name":"Back to Basics","player_choice":"Simplicity","floor":21.0,"gold_loss":0.0,"damage_taken":0.0,"cards_upgraded":[]},{"damage_healed":0,"gold_gain":0,"player_choice":"Cursed","damage_taken":0,"max_hp_gain":0,"max_hp_loss":0,"event_name":"Wheel of Change","floor":50,"gold_loss":0,"cards_obtained":["Decay"]}],"is_beta":false,"boss_relics":[{"not_picked":["REME_DemonsWealth","REME_LowDesire"],"picked":"Empty Cage"},{"not_picked":[]}],"items_purged_floors":[],"is_endless":false,"potions_floor_spawned":[5,6,7,12,28,29,30,35,41,42,44,47],"ascension_level":0}}