{"host":"0mk07bycsqo1qk03","time":1611262023,"event":{"mods":["BaseMod","Downfall","Hermit","Hubris","Minty Spire (QoL Compilation)","StSLib","The Cursed"],"gold_per_floor":[99,118,134,134,134,150,220,278,178,178,193,210,210,221,233,338,338,338,348,359,379,120,138,211,227,246,246,346,366,10,20,33,132,132,132,147,147,166,216,69,69,85,85,95,95,120,20,37,49,49],"floor_reached":51,"language":"ENG","playtime":2563,"items_purged":[],"score":704,"play_id":"769d20d7-9fdb-4e14-9f04-d9980e5b202a","local_time":"20210121214703","is_ascension_mode":false,"campfire_choices":[{"floor":1.0,"key":"RECALL"},{"data":"champ:Taunt","floor":9.0,"key":"SMITH"},{"data":"champ:Endure","floor":13.0,"key":"SMITH"},{"data":"champ:MurderStrike","floor":18.0,"key":"SMITH"},{"floor":27.0,"key":"REST"},{"data":"expansioncontent:DashGenerateEvil","floor":35,"key":"SMITH"},{"floor":43,"key":"DIG"},{"floor":45,"key":"DIG"},{"data":"champ:SwordThrow","floor":47,"key":"SMITH"}],"circlet_count":0,"master_deck":["champ:Strike","champ:Strike","champ:Strike","champ:Strike","champ:Defend","champ:Defend","champ:Defend","champ:Taunt+1","champ:Haymaker","champ:StanceDance","champ:TornadoPunch","champ:Endure+1","champ:SwordThrow+1","champ:MurderStrike+1","champ:GladiatorForm","champ:Shatter","champ:ArenaPreparation","expansioncontent:DashGenerateEvil+1","champ:StanceDance+1","champ:Improvising","hubris:DuctTapeCard","CurseOfTheBell","expansioncontent:DashGenerateEvil"],"relics":["Velvet Choker","hubris:Towel","Shuriken","hubris:Spice","downfall:HeartBlessingRed","champ:LiftRelic","hubris:RunicObelisk","Mercury Hourglass","hubris:DuctTape","Potion Belt","hubris:TenFootPole","Calling Bell","Pear","Shovel","Happy Flower","hubris:Metronome","Bag of Marbles","hubris:PeanutButter","downfall:HeartBlessingGreen"],"acts_visited":["Exordium","TheCity","TheBeyond"],"potions_floor_usage":[39,48,50,50,50,50],"damage_taken":[{"damage":20.0,"enemies":"Jaw Worm","floor":2.0,"turns":3.0},{"damage":10.0,"enemies":"Small Slimes","floor":3.0,"turns":3.0},{"damage":10.0,"enemies":"2 Louse","floor":6.0,"turns":2.0},{"damage":29.0,"enemies":"Gremlin Nob","floor":8.0,"turns":4.0},{"damage":10.0,"enemies":"Blue Slaver","floor":11.0,"turns":2.0},{"damage":16.0,"enemies":"Red Slaver","floor":12.0,"turns":3.0},{"damage":10.0,"enemies":"Large Slime","floor":14.0,"turns":3.0},{"damage":29.0,"enemies":"Blue Slaver","floor":15.0,"turns":3.0},{"damage":46.0,"enemies":"WA_ARCHETYPE_RETAIN","floor":16.0,"turns":6.0},{"damage":15.0,"enemies":"Chosen","floor":19.0,"turns":2.0},{"damage":26.0,"enemies":"Snecko","floor":20.0,"turns":4.0},{"damage":20.0,"enemies":"Sentry and Sphere","floor":21.0,"turns":3.0},{"damage":30.0,"enemies":"downfall:FleeingMerchant","floor":22.0,"turns":4.0},{"damage":38.0,"enemies":"Chosen and Byrds","floor":23.0,"turns":5.0},{"damage":16.0,"enemies":"Centurion and Healer","floor":25.0,"turns":6.0},{"damage":15.0,"enemies":"Shelled Parasite and Fungi","floor":26.0,"turns":3.0},{"damage":68.0,"enemies":"downfall:LadyInBlue","floor":28.0,"turns":8.0},{"damage":25.0,"enemies":"Cultist and Chosen","floor":29.0,"turns":3.0},{"damage":30.0,"enemies":"downfall:FleeingMerchant","floor":30.0,"turns":4.0},{"damage":15.0,"enemies":"Sentry and Sphere","floor":31.0,"turns":3.0},{"damage":26.0,"enemies":"Centurion and Healer","floor":32.0,"turns":3.0},{"damage":70.0,"enemies":"SI_MIRROR_ARCHETYPE","floor":33.0,"turns":7.0},{"damage":15,"enemies":"Orb Walker","floor":36,"turns":2},{"damage":5,"enemies":"3 Shapes","floor":38,"turns":4},{"damage":24,"enemies":"3 Shapes","floor":39,"turns":5},{"damage":21,"enemies":"downfall:FleeingMerchant","floor":40,"turns":3},{"damage":19,"enemies":"Spire Growth","floor":42,"turns":4},{"damage":30,"enemies":"Transient","floor":44,"turns":5},{"damage":40,"enemies":"Giant Head","floor":46,"turns":5},{"damage":12,"enemies":"Jaw Worm Horde","floor":48,"turns":3},{"damage":4,"enemies":"Spire Growth","floor":49,"turns":2},{"damage":104,"enemies":"IC_BLOCK_ARCHETYPE","floor":50,"turns":9}],"seed_played":"-57993802505281767","potions_obtained":[{"floor":6.0,"key":"champ:UltimateStancePotion"},{"floor":11.0,"key":"bronze:BurnAndBuffPotion"},{"floor":12.0,"key":"ColorlessPotion"},{"floor":15.0,"key":"Fire Potion"},{"floor":16.0,"key":"LiquidBronze"},{"floor":19.0,"key":"LiquidBronze"},{"floor":21.0,"key":"Fruit Juice"},{"floor":26.0,"key":"SpeedPotion"},{"floor":28.0,"key":"Explosive Potion"},{"floor":28.0,"key":"CultistPotion"},{"floor":28.0,"key":"Slimebound:ThreeZeroPotion"},{"floor":31.0,"key":"FearPotion"},{"floor":33.0,"key":"SkillPotion"},{"floor":39,"key":"bronze:BurnAndBuffPotion"},{"floor":42,"key":"sneckomod:MuddlingPotion"},{"floor":44,"key":"Dexterity Potion"},{"floor":48,"key":"SkillPotion"}],"is_trial":false,"path_per_floor":["R","M","M","?","?","M","T","?","R","?","M","M","R","M","M","B",null,"R","M","M","M","$","M","T","M","M","R","?","M","$","M","M","B",null,"R","M","?","M","?","$","T","M","R","M","R","E","R","M","M","B",null],"character_chosen":"THE_CHAMP","items_purchased":["Mercury Hourglass","expansioncontent:DashGenerateEvil","hubris:TenFootPole","Happy Flower","expansioncontent:DashGenerateEvil","Guardian:BlockOnCardUsePotion","champ:TechniquePotion"],"campfire_rested":1,"item_purchase_floors":[22,30,30,40,40,40,40],"current_hp_per_floor":[90,90,90,95,95,95,95,84,84,84,84,78,78,78,69,48,103,103,103,97,102,92,84,84,68,63,95,72,62,52,52,41,31,118,118,118,118,110,106,105,105,91,91,91,91,71,71,79,75,46],"gold":49,"neow_bonus":"BOSS_RELIC","is_daily":false,"chose_seed":false,"campfire_upgraded":5,"win_rate":0.0,"timestamp":1611262023,"path_taken":["R","M","M","?","?","M","T","?","R","?","M","M","R","M","M","BOSS","R","M","M","M","$","M","T","M","M","R","?","M","$","M","M","BOSS","R","M","?","M","?","$","T","M","R","M","R","E","R","M","M","BOSS"],"items_purchased_type":["Relic","Card","Relic","Relic","Card","Potion","Potion"],"build_version":"2020-12-22","purchased_purges":0,"victory":true,"max_hp_per_floor":[90,90,90,95,95,95,95,103,103,103,103,103,103,103,103,103,103,103,103,103,108,108,108,108,108,108,108,108,108,108,108,108,108,118,118,118,118,110,110,110,110,102,102,94,94,94,94,86,86,86],"card_choices":[{"not_picked":["champ:PerfectedStrike","champ:TornadoPunch"],"picked":"champ:Haymaker","floor":2.0},{"not_picked":["champ:FlashCut","champ:ShieldThrow"],"picked":"champ:StanceDance","floor":3.0},{"not_picked":["champ:EndlessRage","champ:BerserkerStyle"],"picked":"champ:TornadoPunch","floor":6.0},{"not_picked":["champ:ViciousMockery","champ:FlashCut"],"picked":"champ:Endure","floor":11.0},{"not_picked":["champ:CrownThrow","champ:GutPunch","champ:Backstep"],"picked":"SKIP","floor":12.0},{"not_picked":["champ:IronFortress","champ:EnGarde"],"picked":"champ:BerserkersShout","floor":14.0},{"not_picked":["champ:FlashCut","champ:CrownThrow"],"picked":"champ:SwordThrow","floor":15.0},{"not_picked":["champ:LastStand","champ:HeavySlash"],"picked":"champ:MurderStrike","floor":16.0},{"not_picked":["champ:RapidStrikes","champ:FaceSlap","champ:SkillfulDodge"],"picked":"SKIP","floor":19.0},{"not_picked":["champ:RapidStrikes","champ:Shatter","champ:AdrenalArmor"],"picked":"SKIP","floor":20.0},{"not_picked":["champ:FocusedDefense","champ:Shatter","champ:Haymaker"],"picked":"SKIP","floor":21.0},{"not_picked":["champ:BerserkersShout+1","champ:Shatter"],"picked":"champ:GladiatorForm","floor":22.0},{"not_picked":["champ:BerserkersShout","champ:HeartStrike","champ:Shatter"],"picked":"SKIP","floor":23.0},{"not_picked":["champ:BerserkersShout","champ:DefensiveStyle+1","champ:FocusedDefense+1"],"picked":"SKIP","floor":25.0},{"not_picked":["champ:ViciousMockery+1","champ:GutPunch+1"],"picked":"champ:Shatter","floor":26.0},{"not_picked":["champ:EnGarde","champ:CrookedStrike","champ:SetATrap+1"],"picked":"SKIP","floor":29.0},{"not_picked":["champ:BerserkersShout","champ:RapidStrikes"],"picked":"champ:ArenaPreparation","floor":30.0},{"not_picked":["champ:HeavySlash","champ:Backstep","champ:GladiatorStyle"],"picked":"SKIP","floor":31.0},{"not_picked":["champ:FlashCut","champ:BladeFlurry"],"picked":"champ:StanceDance+1","floor":32.0},{"not_picked":["champ:DancingMaster","champ:TripleStrike"],"picked":"champ:Improvising","floor":33.0},{"not_picked":["champ:BladeFlurry","champ:CrookedStrike","champ:Endure+1"],"picked":"SKIP","floor":36},{"not_picked":["champ:ViciousMockery+1","champ:RisingSlash+1"],"picked":"hubris:SpiceAddiction","floor":38},{"not_picked":["champ:PreciseThrust","champ:FancyFootwork+1","champ:BladeFlurry"],"picked":"SKIP","floor":40},{"not_picked":["champ:CrookedStrike","champ:FocusedDefense+1"],"picked":"hubris:SpiceAddiction","floor":42},{"not_picked":["champ:Circumvent","champ:Shatter"],"picked":"hubris:SpiceAddiction","floor":44},{"not_picked":["champ:IronFortress","champ:SetATrap","champ:DancingMaster"],"picked":"SKIP","floor":46},{"not_picked":["champ:GladiatorStyle","champ:DefensiveShout"],"picked":"hubris:SpiceAddiction","floor":48},{"not_picked":["champ:PreemptiveStrike+1","champ:FocusedBerserking+1","champ:EndlessRage"],"picked":"SKIP","floor":49}],"player_experience":940592,"relics_obtained":[{"floor":7.0,"key":"Shuriken"},{"floor":24.0,"key":"hubris:DuctTape"},{"floor":28.0,"key":"Potion Belt"},{"floor":34,"key":"hubris:Spice"},{"floor":34,"key":"Pear"},{"floor":34,"key":"hubris:Spice"},{"floor":39,"key":"Shovel"},{"floor":43,"key":"hubris:Metronome"},{"floor":45,"key":"Bag of Marbles"},{"floor":46,"key":"hubris:PeanutButter"}],"event_choices":[{"damage_healed":0.0,"max_hp_gain":5.0,"max_hp_loss":0.0,"gold_gain":0.0,"event_name":"Big Fish","player_choice":"Donut","floor":4.0,"gold_loss":0.0,"damage_taken":0.0},{"cards_removed":["champ:Defend"],"damage_healed":0,"gold_gain":0,"player_choice":"Removed Skill","damage_taken":0,"max_hp_gain":0,"max_hp_loss":0,"event_name":"Falling","floor":37,"gold_loss":0}],"is_beta":false,"boss_relics":[{"not_picked":["Runic Dome","hubris:VirtuousBlindfold"],"picked":"hubris:RunicObelisk"},{"not_picked":["SlaversCollar","Pandora\u0027s Box"],"picked":"Calling Bell"}],"items_purged_floors":[],"is_endless":false,"potions_floor_spawned":[6,11,12,15,16,19,21,26,31,32,33,39,42,44,48],"ascension_level":0}}