{"host":"ga4s3hj9m6nkn6gp","time":1611263848,"event":{"mods":["AchievementEnabler","BaseMod","Bestiary","Colored Powertips","Highlight Path","Minty Spire (QoL Compilation)","Relic Stats","everything is the same but u backflip on backflip"],"gold_per_floor":[110,110,110,110,120,145,158,188,242,242,257,207,207,232,232,336,336,356,356,160,85,95,95,129,129,129,29,29,43,74,86,86,182,182,202,202,220,231,251,251,251],"floor_reached":40,"language":"ENG","playtime":2906,"items_purged":["Consume","Normality"],"score":727,"play_id":"f1c4781e-4e99-40bc-ae75-85c56050bf02","local_time":"20210121221728","is_ascension_mode":true,"campfire_choices":[{"data":"Reprogram","floor":10.0,"key":"SMITH"},{"data":"Beam Cell","floor":13.0,"key":"SMITH"},{"floor":15.0,"key":"REST"},{"data":"Steam Power","floor":23.0,"key":"SMITH"},{"data":"Rip and Tear","floor":25.0,"key":"SMITH"},{"data":"Auto Shields","floor":32.0,"key":"SMITH"}],"circlet_count":0,"master_deck":["AscendersBane","Defend_B+1","Defend_B+1","Defend_B","Defend_B","Ball Lightning","Beam Cell+1","Genetic Algorithm","Reprogram+1","Rebound","Auto Shields+1","Echo Form","Aggregate+1","Ball Lightning","Steam Power+1","Rip and Tear+1","Beam Cell+1","All For One","CurseOfTheBell","Gash+1"],"relics":["Cracked Core","NeowsBlessing","Ornamental Fan","Oddly Smooth Stone","Strawberry","Centennial Puzzle","Cursed Key","Blood Vial","MealTicket","Calling Bell","Boot","Darkstone Periapt","WingedGreaves"],"acts_visited":["Exordium","TheCity","TheBeyond"],"potions_floor_usage":[35],"damage_taken":[{"damage":0.0,"enemies":"2 Louse","floor":1.0,"turns":1.0},{"damage":0.0,"enemies":"Small Slimes","floor":5.0,"turns":1.0},{"damage":0.0,"enemies":"3 Sentries","floor":6.0,"turns":1.0},{"damage":0.0,"enemies":"Cultist","floor":7.0,"turns":3.0},{"damage":20.0,"enemies":"Lagavulin","floor":8.0,"turns":8.0},{"damage":6.0,"enemies":"2 Fungi Beasts","floor":11.0,"turns":3.0},{"damage":24.0,"enemies":"3 Sentries","floor":14.0,"turns":8.0},{"damage":11.0,"enemies":"Slime Boss","floor":16.0,"turns":14.0},{"damage":0.0,"enemies":"Spheric Guardian","floor":18.0,"turns":6.0},{"damage":0.0,"enemies":"Shell Parasite","floor":22.0,"turns":4.0},{"damage":14.0,"enemies":"Gremlin Leader","floor":24.0,"turns":4.0},{"damage":1.0,"enemies":"Centurion and Healer","floor":29.0,"turns":5.0},{"damage":17.0,"enemies":"Book of Stabbing","floor":30.0,"turns":4.0},{"damage":23.0,"enemies":"Snecko","floor":31.0,"turns":4.0},{"damage":10,"enemies":"Champ","floor":33,"turns":10},{"damage":9,"enemies":"3 Darklings","floor":35,"turns":5},{"damage":1,"enemies":"3 Shapes","floor":37,"turns":7},{"damage":25,"enemies":"Writhing Mass","floor":38,"turns":7},{"damage":24,"enemies":"Jaw Worm Horde","floor":39,"turns":4},{"damage":33,"enemies":"Nemesis","floor":40,"turns":4}],"seed_played":"-2746975256841948290","potions_obtained":[{"floor":6.0,"key":"Fire Potion"},{"floor":8.0,"key":"DistilledChaos"},{"floor":16.0,"key":"Dexterity Potion"},{"floor":30.0,"key":"SkillPotion"},{"floor":33,"key":"ColorlessPotion"},{"floor":37,"key":"Explosive Potion"}],"is_trial":false,"path_per_floor":["M","?","?","$","M","E","M","E","T","R","M","?","R","E","R","B",null,"M","?","$","?","M","R","E","R","T","$","?","M","E","M","R","B",null,"M","?","M","M","M","E"],"character_chosen":"DEFECT","items_purchased":["Steam Power","Rip and Tear"],"campfire_rested":1,"item_purchase_floors":[20,20],"current_hp_per_floor":[68,61,46,46,46,46,46,26,33,33,27,27,27,3,27,16,66,66,66,66,66,66,66,52,52,52,52,52,53,38,17,17,9,64,57,57,58,35,13,0,0],"gold":251,"neow_bonus":"THREE_ENEMY_KILL","is_daily":false,"chose_seed":false,"campfire_upgraded":5,"win_rate":0.0,"timestamp":1611263848,"path_taken":["M","?","?","$","M","E","M","E","T","R","M","?","R","E","R","BOSS","M","?","$","?","M","R","E","R","T","$","?","?","E","M","R","BOSS","M","?","?","?","?","E"],"items_purchased_type":["Card","Card"],"build_version":"2020-12-22","purchased_purges":2,"victory":false,"max_hp_per_floor":[75,75,75,75,75,75,75,75,82,82,82,82,82,82,82,82,82,82,82,82,82,82,82,82,82,82,82,82,82,82,82,82,82,82,82,82,82,82,82,82,82],"relic_stats":{"Blood Vial":18,"Darkstone Periapt":0,"Centennial Puzzle":[30],"counters":[20,103],"Ornamental Fan":[124],"MealTicket":0,"Cursed Key":1,"Boot":[33],"obtain_stats":[{"Darkstone Periapt":34,"NeowsBlessing":0,"Oddly Smooth Stone":8,"Cursed Key":17,"Boot":34,"Blood Vial":24,"Calling Bell":34,"Centennial Puzzle":14,"Ornamental Fan":6,"Strawberry":9,"MealTicket":30,"WingedGreaves":34,"Cracked Core":0},{"Darkstone Periapt":15,"NeowsBlessing":0,"Oddly Smooth Stone":5,"Cursed Key":8,"Boot":15,"Blood Vial":11,"Calling Bell":15,"Centennial Puzzle":7,"Ornamental Fan":3,"Strawberry":5,"MealTicket":13,"WingedGreaves":15,"Cracked Core":0},{"Darkstone Periapt":76,"NeowsBlessing":0,"Oddly Smooth Stone":14,"Cursed Key":39,"Boot":76,"Blood Vial":53,"Calling Bell":76,"Centennial Puzzle":25,"Ornamental Fan":3,"Strawberry":14,"MealTicket":62,"WingedGreaves":76,"Cracked Core":0}]},"card_choices":[{"not_picked":["Stack","Compile Driver"],"picked":"Ball Lightning","floor":1.0},{"not_picked":["Steam Power","Leap"],"picked":"Beam Cell","floor":5.0},{"not_picked":["Redo","Compile Driver"],"picked":"Genetic Algorithm","floor":6.0},{"not_picked":["Stack","Redo","Beam Cell"],"picked":"SKIP","floor":7.0},{"not_picked":["Leap","Reinforced Body"],"picked":"Reprogram","floor":8.0},{"not_picked":["Cold Snap","Hello World"],"picked":"Rebound","floor":11.0},{"not_picked":["Steam","Fusion"],"picked":"Auto Shields","floor":14.0},{"not_picked":["Hyperbeam","Thunder Strike"],"picked":"Echo Form","floor":16.0},{"not_picked":["Sweeping Beam","Steam"],"picked":"Aggregate+1","floor":18.0},{"not_picked":["Leap","Reinforced Body","Fusion"],"picked":"SKIP","floor":22.0},{"not_picked":["Glacier","Recycle","Leap"],"picked":"SKIP","floor":24.0},{"not_picked":["Aggregate","Rebound","Darkness"],"picked":"SKIP","floor":29.0},{"not_picked":["Ball Lightning","Coolheaded+1"],"picked":"Beam Cell+1","floor":30.0},{"not_picked":["Stack","Melter","Turbo"],"picked":"SKIP","floor":31.0},{"not_picked":["Fission","Multi-Cast"],"picked":"All For One","floor":33},{"not_picked":["Fusion+1","Redo+1"],"picked":"Gash","floor":35},{"not_picked":["Rip and Tear+1","Fission","Doom and Gloom"],"picked":"SKIP","floor":37},{"not_picked":["Double Energy","Auto Shields+1","Rebound"],"picked":"SKIP","floor":38},{"not_picked":["Blizzard+1","Chaos+1","Force Field+1"],"picked":"SKIP","floor":39},{"not_picked":["Blizzard+1","Chaos+1","Force Field+1"],"picked":"SKIP","floor":39}],"player_experience":658218,"relics_obtained":[{"floor":6.0,"key":"Ornamental Fan"},{"floor":8.0,"key":"Oddly Smooth Stone"},{"floor":9.0,"key":"Strawberry"},{"floor":14.0,"key":"Centennial Puzzle"},{"floor":24.0,"key":"Blood Vial"},{"floor":30.0,"key":"MealTicket"},{"floor":34,"key":"Boot"},{"floor":34,"key":"Darkstone Periapt"},{"floor":34,"key":"WingedGreaves"}],"event_choices":[{"cards_removed":["Strike_B"],"damage_healed":0.0,"max_hp_gain":0.0,"max_hp_loss":0.0,"gold_gain":0.0,"event_name":"Golden Wing","player_choice":"Card Removal","floor":2.0,"gold_loss":0.0,"damage_taken":7.0},{"damage_healed":0.0,"max_hp_gain":0.0,"max_hp_loss":0.0,"gold_gain":0.0,"event_name":"Shining Light","player_choice":"Entered Light","floor":3.0,"gold_loss":0.0,"damage_taken":15.0,"cards_upgraded":["Defend_B","Defend_B"]},{"cards_removed":["Zap"],"damage_healed":0.0,"max_hp_gain":0.0,"max_hp_loss":0.0,"gold_gain":0.0,"event_name":"The Cleric","player_choice":"Card Removal","floor":12.0,"gold_loss":50.0,"damage_taken":0.0},{"damage_healed":0.0,"max_hp_gain":0.0,"max_hp_loss":0.0,"gold_gain":0.0,"cards_transformed":["Dualcast","Strike_B"],"event_name":"Drug Dealer","player_choice":"Became Test Subject","floor":19.0,"gold_loss":0.0,"damage_taken":0.0,"cards_obtained":["Ball Lightning","Consume"]},{"cards_removed":["Strike_B"],"damage_healed":0.0,"max_hp_gain":0.0,"max_hp_loss":0.0,"gold_gain":0.0,"event_name":"Beggar","player_choice":"Gave Gold","floor":21.0,"gold_loss":75.0,"damage_taken":0.0},{"cards_removed":["Strike_B"],"damage_healed":0.0,"max_hp_gain":0.0,"max_hp_loss":0.0,"gold_gain":0.0,"event_name":"Purifier","player_choice":"Purged","floor":28.0,"gold_loss":0.0,"damage_taken":0.0},{"damage_healed":0,"gold_gain":0,"player_choice":"Upgraded","damage_taken":0,"max_hp_gain":0,"max_hp_loss":0,"event_name":"Upgrade Shrine","floor":36,"gold_loss":0,"cards_upgraded":["Gash"]}],"is_beta":false,"boss_relics":[{"not_picked":["Tiny House","Runic Pyramid"],"picked":"Cursed Key"},{"not_picked":["Sozu","Empty Cage"],"picked":"Calling Bell"}],"items_purged_floors":[20,27],"is_endless":false,"potions_floor_spawned":[6,8,16,30,33,37,38,39],"killed_by":"Nemesis","ascension_level":11}}