{"host":"fche7yfjqecoz34w","time":1611192547,"event":{"mods":["BaseMod","BetterRewards","Minty Spire (QoL Compilation)","Replay The Spire","StSLib"],"gold_per_floor":[115,115,131,131,155,188,188,188,212,245,245,283,308,332,332,451,451,476,117,136,151,151,151,151,171,171,198,2,2,33,33,33,153,153,166,189,213,173,231,231,85,138,165,195,256,268,268],"floor_reached":46,"language":"ENG","playtime":3121,"items_purged":["Dagger Spray+1"],"score":687,"play_id":"c18619ec-59fe-4819-8799-0ac8c7961a65","local_time":"20210120192907","daily_mods":["SealedDeck","Vintage","Colorless Cards","Heirloom","Time Dilation","Flight","DeadlyEvents","Lethality"],"is_ascension_mode":false,"campfire_choices":[{"floor":7.0,"key":"REST"},{"floor":8.0,"key":"REST"},{"data":"Specialist","floor":15.0,"key":"SMITH"},{"data":"Adrenaline","floor":23.0,"key":"SMITH"},{"data":"Crippling Poison","floor":24.0,"key":"SMITH"},{"data":"Deflect","floor":29.0,"key":"SMITH"},{"data":"Tools of the Trade","floor":40.0,"key":"SMITH"}],"circlet_count":0,"master_deck":["Footwork","Specialist+1","Deflect+1","Poisoned Stab","Poisoned Stab","Deadly Poison","Deadly Poison","Dagger Spray","Dagger Spray","Adrenaline+1","Poisoned Stab+1","Flying Knee","Poisoned Stab","Crippling Poison+1","Atom Bomb","Poisoned Stab","Atom Bomb+1","Dramatic Entrance+1","Poisoned Stab+1","Tools of the Trade+1","Dagger Spray+1","Flash of Steel+1","Catalyst","Crippling Poison+1"],"relics":["Ring of the Snake","Ring of Chaos","replay:Trail_Library","Ice Cream","Omamori","Tiny Chest","Golden Idol","Smiling Mask","Oddly Smooth Stone","Anchor","ReplayTheSpireMod:TigerMarble","HornCleat","Regal Pillow","Sundial","Replay:Bottled Steam","Replay:Kaleidoscope","Vampiric Spirits","Molten Egg 2","Pen Nib","Happy Flower","Snack Pack","Bag of Marbles","Vajra","Shuriken","Nilry\u0027s Codex","WristBlade","Replay:Bandana","Quantum Egg","Snake Skull","Replay:Bottled Flurry","Toy Ornithopter","Ancient Tea Set","PreservedInsect","Dream Catcher","MawBank"],"acts_visited":["Exordium","TheCity","TheBeyond"],"potions_floor_usage":[],"damage_taken":[{"damage":0.0,"enemies":"Jaw Worm","floor":1.0,"turns":1.0},{"damage":0.0,"enemies":"Cultist","floor":3.0,"turns":2.0},{"damage":20.0,"enemies":"3 Sentries","floor":6.0,"turns":3.0},{"damage":0.0,"enemies":"Gremlin Nob","floor":10.0,"turns":2.0},{"damage":2.0,"enemies":"3 Sentries","floor":12.0,"turns":2.0},{"damage":0.0,"enemies":"2 Louse","floor":13.0,"turns":1.0},{"damage":0.0,"enemies":"Exordium Wildlife","floor":14.0,"turns":2.0},{"damage":36.0,"enemies":"The Guardian","floor":16.0,"turns":5.0},{"damage":0.0,"enemies":"2 Thieves","floor":18.0,"turns":2.0},{"damage":5.0,"enemies":"3 Byrds","floor":20.0,"turns":2.0},{"damage":1.0,"enemies":"Centurion and Healer","floor":21.0,"turns":2.0},{"damage":4.0,"enemies":"3 Cultists","floor":25.0,"turns":3.0},{"damage":10.0,"enemies":"Replay:Snechameleon","floor":30.0,"turns":3.0},{"damage":3.0,"enemies":"Automaton","floor":33.0,"turns":4.0},{"damage":0.0,"enemies":"3 Shapes","floor":35.0,"turns":2.0},{"damage":0.0,"enemies":"Orb Walker","floor":36.0,"turns":1.0},{"damage":4.0,"enemies":"R_Hoarder","floor":39.0,"turns":4.0},{"damage":0.0,"enemies":"Jaw Worm Horde","floor":44.0,"turns":1.0},{"damage":0.0,"enemies":"Giant Head","floor":45.0,"turns":3.0}],"seed_played":"5135843433540451862","potions_obtained":[{"floor":1.0,"key":"Adrenaline Potion"},{"floor":10.0,"key":"SteroidPotion"},{"floor":18.0,"key":"Strength Potion"},{"floor":33.0,"key":"Energy Potion"},{"floor":35.0,"key":"SpeedPotion"},{"floor":38.0,"key":"CunningPotion"},{"floor":39.0,"key":"Adrenaline Potion"}],"is_trial":true,"path_per_floor":["M","?","M","?","T","E","R","R","T","E","T","E","M","M","R","B",null,"M","$","M","M","?","R","R","M","T","T","$","R","E","?","R","B",null,"M","M","T","?","E","R","$","T","T","M","E","?"],"character_chosen":"THE_SILENT","items_purchased":["Vampiric Spirits","Poisoned Stab","Vajra","Toy Ornithopter"],"campfire_rested":2,"item_purchase_floors":[19,19,28,41],"current_hp_per_floor":[70,70,70,53,53,33,54,70,70,70,70,68,68,68,68,32,70,70,70,65,69,69,69,69,65,65,65,65,65,60,44,70,69,70,70,70,70,70,68,68,68,68,68,70,70,70,70],"gold":268,"neow_bonus":"","is_daily":false,"chose_seed":false,"campfire_upgraded":5,"win_rate":0.0,"timestamp":1611192547,"path_taken":["M","?","?","?","?","E","R","R","T","?","?","?","M","M","R","BOSS","M","$","M","M","?","R","R","?","T","?","?","R","?","?","R","BOSS","M","M","?","?","?","R","?","?","T","?","?","?"],"items_purchased_type":["Relic","Card","Relic","Relic"],"build_version":"2020-12-22","purchased_purges":1,"victory":false,"max_hp_per_floor":[70,70,70,70,70,70,70,70,70,70,70,70,70,70,70,70,70,70,70,70,70,70,70,70,70,70,70,70,70,70,70,70,70,70,70,70,70,70,70,70,70,70,70,70,70,70,70],"card_choices":[{"not_picked":["Bane","Acrobatics"],"picked":"Adrenaline","floor":6.0},{"not_picked":["Acrobatics","Dagger Throw"],"picked":"Flying Knee","floor":10.0},{"not_picked":["ReplayTheSpireMod:Scrap Shanks","Acrobatics"],"picked":"Crippling Poison","floor":12.0},{"not_picked":["ReplayTheSpireMod:Necrogeddon","Phantasmal Killer"],"picked":"Atom Bomb","floor":16.0},{"not_picked":["Underhanded Strike+1","Specialist"],"picked":"Poisoned Stab+1","floor":30.0},{"not_picked":["Chrysalis","Crow Ritual"],"picked":"Tools of the Trade","floor":33.0},{"not_picked":["Dagger Throw+1","Eviscerate+1"],"picked":"Flash of Steel+1","floor":39.0},{"not_picked":["Acrobatics+1","Mayhem"],"picked":"Crippling Poison+1","floor":45.0}],"player_experience":1953960,"relics_obtained":[{"floor":1.0,"key":"Omamori"},{"floor":3.0,"key":"Tiny Chest"},{"floor":5.0,"key":"Smiling Mask"},{"floor":6.0,"key":"Oddly Smooth Stone"},{"floor":9.0,"key":"Anchor"},{"floor":10.0,"key":"ReplayTheSpireMod:TigerMarble"},{"floor":11.0,"key":"HornCleat"},{"floor":12.0,"key":"Regal Pillow"},{"floor":13.0,"key":"Sundial"},{"floor":14.0,"key":"Replay:Bottled Steam"},{"floor":18.0,"key":"Replay:Kaleidoscope"},{"floor":20.0,"key":"Molten Egg 2"},{"floor":21.0,"key":"Pen Nib"},{"floor":25.0,"key":"Happy Flower"},{"floor":26.0,"key":"Snack Pack"},{"floor":27.0,"key":"Bag of Marbles"},{"floor":30.0,"key":"Shuriken"},{"floor":31.0,"key":"Nilry\u0027s Codex"},{"floor":35.0,"key":"Replay:Bandana"},{"floor":36.0,"key":"Quantum Egg"},{"floor":37.0,"key":"Snake Skull"},{"floor":39.0,"key":"Replay:Bottled Flurry"},{"floor":42.0,"key":"Ancient Tea Set"},{"floor":43.0,"key":"PreservedInsect"},{"floor":44.0,"key":"Dream Catcher"},{"floor":45.0,"key":"MawBank"}],"event_choices":[{"cards_removed":["ReplayTheSpireMod:Uncanny Aura"],"damage_healed":0.0,"max_hp_gain":0.0,"max_hp_loss":0.0,"gold_gain":0.0,"event_name":"Bonfire Elementals","player_choice":"Offered Uncommon","floor":2.0,"gold_loss":0.0,"damage_taken":0.0},{"damage_healed":0.0,"max_hp_gain":0.0,"max_hp_loss":0.0,"gold_gain":0.0,"event_name":"Golden Idol","player_choice":"Take Damage","floor":4.0,"gold_loss":0.0,"damage_taken":17.0,"relics_obtained":["Golden Idol"]},{"damage_healed":0.0,"max_hp_gain":0.0,"max_hp_loss":0.0,"gold_gain":0.0,"event_name":"Cursed Tome","player_choice":"Obtained Book","floor":31.0,"gold_loss":0.0,"damage_taken":16.0},{"damage_healed":0.0,"max_hp_gain":0.0,"max_hp_loss":0.0,"gold_gain":0.0,"event_name":"The Woman in Blue","player_choice":"Bought 3 Potions","floor":38.0,"gold_loss":0.0,"damage_taken":0.0}],"is_beta":false,"boss_relics":[{"not_picked":["Runic Dome","Ectoplasm","Honey Jar"]},{"not_picked":["Abe\u0027s Treasure","Tiny House"],"picked":"WristBlade"}],"items_purged_floors":[28],"is_endless":true,"potions_floor_spawned":[1,10,18,25,33,35,39],"ascension_level":0}}