{"host":"roto7j7840a50pxh","time":1611216305,"event":{"mods":["Act Like it!","BaseMod","Better Altar","Better Note","Better Sensory Stone","Better Skull","Better Third Choice","BetterRewards","Colored Map","Colored Powertips","Downfall","Hermit","Highlight Path","Hubris","Infinite Spire","Minty Spire (QoL Compilation)","Robot Space Explorer","Shade Mod","Spicy Shops","StSLib","The Cursed","The Dragon Tamer","The Hierophant","The Necromancer","The Runesmith","The Servant 0.9.4","TheVacant"],"gold_per_floor":[110,127,147,161,178,178,212,212,238,268,87,87,113,188,188,284,284,294,334,334,334,334,334,334,334,408,49,76,53,80,94,94,198,198,211,211,211,211,248,273,273,0,53,53,86,102,122,49,49,49],"floor_reached":51,"language":"ENG","playtime":4704,"items_purged":["Defend_W","Defend_W"],"score":1431,"play_id":"e5785800-3455-4221-a957-716f5adf5fef","local_time":"20210121030505","is_ascension_mode":true,"campfire_choices":[{"data":"Cloudkill","floor":6.0,"key":"SMITH"},{"floor":8.0,"key":"REST"},{"data":"Siphon_Strength","floor":12.0,"key":"SMITH"},{"floor":15.0,"key":"REST"},{"data":"Summon_Vampire_Lady","floor":23.0,"key":"SMITH"},{"data":"Moondial","floor":25.0,"key":"SMITH"},{"data":"Toxic_Smoke_Screen","floor":32,"key":"SMITH"},{"floor":41,"key":"REST"},{"floor":44,"key":"REST"},{"floor":49,"key":"REST"}],"circlet_count":0,"master_deck":["Defend_W","Defend_W","Negative_Energy_Arrows","Bone_Wall","Negative_Energy_Javelin","Finger_Of_Death","Blood_Wake","Cloudkill+1","Spectral_Walk","Blood_Curse","HandOfGreed","Negative_Energy_Mist","Necrotic_Claws","Negative_Energy_Shield","Summon_Undead_Army","Blood_Curse","Negative_Energy_Sphere","Spectral_Armor","Negative_Energy_Shield","Negative_Energy_Javelin","Shackles_Of_Pain","Toxic_Smoke_Screen+1","Siphon_Strength+1","Bone_Bullets","Summon_Vampire_Lady+1","Bone_Bullets+1","Blood_for_Blood+1","Chill_Blood+1","Negative_Energy_Shield","Flesh_Made_Foul","Blood_Curse","Apotheosis+1","Moondial+1","Siphon_Strength+1","Negative_Energy_Mist","Negative_Energy_Burst","Consume_Illness+1","Bone_Bullets","Scare","Negative_Energy_Sphere","Grasp_Heart","Summon_Undead_Army+1","infinitespire:TheBestDefense","Bone_Armor+1","Plague_Bolt+1","Panache","Negative_Energy_Shield","Bone_Spikes","Negative_Energy_Mist","Negative_Energy_Mist","Corrupt+1"],"relics":["Vampire_Amulet","Matryoshka","infinitespire:Beetle Shell","Ancient Tea Set","infinitespire:PuzzleCube","Blue Candle","Orrery","infinitespire:Satchel","Astrolabe","TheAbacus","expansioncontent:StudyCardRelic","PreservedInsect","White Beast Statue","DollysMirror","infinitespire:Lucky Rock","Nunchaku","Fusion Hammer","Mercury Hourglass","Bottled Flame","Bag of Preparation","hubris:PeanutButter","FossilizedHelix"],"acts_visited":["Exordium","TheCity","TheBeyond"],"potions_floor_usage":[31,33,40,40,50,50],"damage_taken":[{"damage":0.0,"enemies":"2 Louse","floor":1.0,"turns":1.0},{"damage":0.0,"enemies":"Jaw Worm","floor":2.0,"turns":3.0},{"damage":0.0,"enemies":"Small Slimes","floor":3.0,"turns":3.0},{"damage":8.0,"enemies":"Looter","floor":4.0,"turns":3.0},{"damage":8.0,"enemies":"Red Slaver","floor":5.0,"turns":4.0},{"damage":14.0,"enemies":"3 Sentries","floor":7.0,"turns":7.0},{"damage":19.0,"enemies":"Gremlin Nob","floor":10.0,"turns":4.0},{"damage":17.0,"enemies":"3 Sentries","floor":13.0,"turns":6.0},{"damage":0.0,"enemies":"Hexaghost","floor":16.0,"turns":7.0},{"damage":0.0,"enemies":"Shell Parasite","floor":18.0,"turns":5.0},{"damage":0.0,"enemies":"3 Byrds","floor":19.0,"turns":4.0},{"damage":9.0,"enemies":"Gremlin Leader","floor":28.0,"turns":4.0},{"damage":16.0,"enemies":"Book of Stabbing","floor":30.0,"turns":6.0},{"damage":14,"enemies":"Cultist and Chosen","floor":31,"turns":3},{"damage":0,"enemies":"Automaton","floor":33,"turns":6},{"damage":26,"enemies":"3 Darklings","floor":35,"turns":3},{"damage":6,"enemies":"Orb Walker","floor":39,"turns":2},{"damage":21,"enemies":"Reptomancer","floor":40,"turns":3},{"damage":8,"enemies":"Nemesis","floor":45,"turns":3},{"damage":0,"enemies":"Spire Growth","floor":46,"turns":5},{"damage":1,"enemies":"Jaw Worm Horde","floor":47,"turns":2},{"damage":0,"enemies":"Time Eater","floor":50,"turns":10}],"seed_played":"-7413580507865273226","potions_obtained":[{"floor":2.0,"key":"FearPotion"},{"floor":4.0,"key":"BlessingOfTheForge"},{"floor":5.0,"key":"Ancient Potion"},{"floor":13.0,"key":"SteroidPotion"},{"floor":28.0,"key":"Strength Potion"},{"floor":30.0,"key":"BlessingOfTheForge"},{"floor":31,"key":"LiquidBronze"},{"floor":33,"key":"BlessingOfTheForge"},{"floor":35,"key":"Explosive Potion"},{"floor":40,"key":"EssenceOfSteel"},{"floor":45,"key":"Block Potion"},{"floor":46,"key":"DistilledChaos"},{"floor":47,"key":"PowerPotion"}],"is_trial":false,"path_per_floor":["M","M","M","M","M","R","E","R","T","E","$","R","E","?","R","B",null,"M","M","?","?","AVR","R","?","R","T","$","E","$","E","M","R","B",null,"M","?","?","AVR","M","E","R","$","T","R","E","M","M","$","R","B",null],"character_chosen":"NECROMANCER","items_purchased":["Negative_Energy_Javelin","Finger_Of_Death","Blood_Wake","Cloudkill","Spectral_Walk","Matryoshka","Blood_Curse","HandOfGreed","Spectral_Armor","Orrery","DollysMirror","Negative_Energy_Mist","Negative_Energy_Burst","Bone_Bullets","Panache","Negative_Energy_Shield","Bone_Spikes","FossilizedHelix"],"campfire_rested":5,"item_purchase_floors":[0,0,0,0,0,0,0,0,11,11,27,27,27,29,42,42,42,48],"current_hp_per_floor":[43,45,49,43,37,37,29,51,51,34,34,34,23,12,34,36,75,75,75,75,75,75,75,75,75,75,75,70,70,59,55,55,75,75,51,51,33,33,29,16,38,38,38,60,57,59,64,64,75,75],"gold":49,"neow_bonus":"","is_daily":false,"chose_seed":false,"campfire_upgraded":5,"win_rate":0.0,"timestamp":1611216305,"path_taken":["M","M","M","M","M","R","E","R","T","E","$","R","E","?","R","BOSS","M","M","?","?","AVR","R","?","R","T","?","E","$","E","M","R","BOSS","M","?","?","AVR","?","E","R","?","T","R","E","M","M","$","R","BOSS"],"items_purchased_type":["Card","Card","Card","Card","Card","Relic","Card","Card","Card","Relic","Relic","Card","Card","Card","Card","Card","Card","Relic"],"build_version":"2020-12-22","purchased_purges":2,"victory":true,"max_hp_per_floor":[75,75,75,75,75,75,75,75,75,75,75,75,75,75,75,75,75,75,75,75,75,75,75,75,75,75,75,75,75,75,75,75,75,75,75,75,75,75,75,75,75,75,75,75,75,75,75,75,75,75],"card_choices":[{"not_picked":["Deaths_Shadow","Death_March_Dance"],"picked":"Negative_Energy_Mist","floor":1.0},{"not_picked":["Plague_Bolt","Bones_to_Steel"],"picked":"Necrotic_Claws","floor":2.0},{"not_picked":["Finger_Of_Death","Blood_Curse"],"picked":"Negative_Energy_Shield","floor":3.0},{"not_picked":["Necromantic_Selection","Negative_Energy_Javelin"],"picked":"Summon_Undead_Army","floor":4.0},{"not_picked":["Death_Coil","Reap_The_Weak"],"picked":"Blood_Curse","floor":5.0},{"not_picked":["Blood_Curse","Consume_Illness"],"picked":"Thousand_Bone_Knives","floor":7.0},{"not_picked":["Negative_Energy_Bomb","Death_Coil"],"picked":"Negative_Energy_Sphere","floor":10.0},{"not_picked":["Blood_Wake","Bone_Spikes"],"picked":"Negative_Energy_Shield","floor":11.0},{"not_picked":["Negative_Energy_Burst","Whirlwind_of_Bones"],"picked":"Negative_Energy_Javelin","floor":11.0},{"not_picked":["Acid_Javelin","Blood_Whip"],"picked":"Shackles_Of_Pain","floor":11.0},{"not_picked":["Negative_Energy_Mist","Negative_Energy_Javelin"],"picked":"Toxic_Smoke_Screen","floor":11.0},{"not_picked":["Death_Coil","Negative_Energy_Javelin"],"picked":"Siphon_Strength","floor":11.0},{"not_picked":["Toxic_Smoke_Screen","Detonate_Bones"],"picked":"Bone_Bullets","floor":13.0},{"not_picked":["Detonate_Bones","Requiem"],"picked":"Summon_Vampire_Lady","floor":16.0},{"not_picked":["Negative_Energy_Sphere","Scare"],"picked":"Negative_Energy_Shield","floor":18.0},{"not_picked":["Death_March_Dance+1","Chill_Blood"],"picked":"Flesh_Made_Foul","floor":19.0},{"not_picked":["Negative_Energy_Mist","Blood_Is_Power+1"],"picked":"Consume_Illness+1","floor":28.0},{"not_picked":["Blood_Shield+1","Bone_Shift+1"],"picked":"Scare","floor":30.0},{"not_picked":["Finger_Of_Death","Death_March_Dance"],"picked":"Negative_Energy_Sphere","floor":31},{"not_picked":["Summon_Vampire_Lady","Blood_Wake"],"picked":"Grasp_Heart","floor":33},{"not_picked":["Negative_Energy_Sphere+1","Blood_Curse+1"],"picked":"Summon_Undead_Army+1","floor":35},{"not_picked":["hubris:InfiniteBlow+74580","infinitespire:UltimateForm"],"picked":"infinitespire:TheBestDefense","floor":37},{"not_picked":["Death_Coil+1","Strike_from_Beyond+1"],"picked":"Bone_Armor+1","floor":39},{"not_picked":["Skeleton_Dragon","Bone_Spikes"],"picked":"Plague_Bolt+1","floor":40},{"not_picked":["Plague_Bolt","Negative_Energy_Sphere"],"picked":"Negative_Energy_Mist","floor":45},{"not_picked":["Death_March_Dance","Flesh_Made_Foul"],"picked":"Negative_Energy_Mist","floor":46},{"not_picked":["Summon_Death_Knight","Chill_Blood+1"],"picked":"Corrupt+1","floor":47}],"player_experience":1571759,"relics_obtained":[{"floor":7.0,"key":"infinitespire:Beetle Shell"},{"floor":9.0,"key":"Ancient Tea Set"},{"floor":9.0,"key":"infinitespire:PuzzleCube"},{"floor":10.0,"key":"Blue Candle"},{"floor":13.0,"key":"infinitespire:Satchel"},{"floor":26.0,"key":"PreservedInsect"},{"floor":26.0,"key":"White Beast Statue"},{"floor":28.0,"key":"infinitespire:Lucky Rock"},{"floor":30.0,"key":"Nunchaku"},{"floor":40,"key":"Bottled Flame"},{"floor":43,"key":"Bag of Preparation"},{"floor":45,"key":"hubris:PeanutButter"}],"event_choices":[{"damage_healed":0.0,"max_hp_gain":0.0,"max_hp_loss":0.0,"gold_gain":75.0,"event_name":"betterThird:BetterGoop","player_choice":"Gold","floor":14.0,"gold_loss":0.0,"damage_taken":11.0},{"damage_healed":0.0,"max_hp_gain":0.0,"max_hp_loss":0.0,"gold_gain":0.0,"cards_transformed":["Strike_W"],"event_name":"Transmorgrifier","player_choice":"Transformed","floor":20.0,"gold_loss":0.0,"damage_taken":0.0,"cards_obtained":["Blood_Curse"]},{"cards_removed":["Siphon_Strength"],"damage_healed":0.0,"max_hp_gain":0.0,"max_hp_loss":0.0,"gold_gain":0.0,"event_name":"betterNote:BetterNote","player_choice":"Take \u0026 Give","floor":21.0,"gold_loss":0.0,"damage_taken":0.0,"cards_obtained":["Apotheosis"]},{"damage_healed":0.0,"max_hp_gain":0.0,"max_hp_loss":0.0,"gold_gain":0.0,"event_name":"The Library","player_choice":"Read","floor":24.0,"gold_loss":0.0,"damage_taken":0.0,"cards_obtained":["Moondial"]},{"cards_removed":["Thousand_Bone_Knives"],"damage_healed":0,"gold_gain":0,"player_choice":"Removed Attack","damage_taken":0,"max_hp_gain":0,"max_hp_loss":0,"event_name":"Falling","floor":36,"gold_loss":0}],"is_beta":false,"boss_relics":[{"not_picked":["Tiny House","Runic Dome"],"picked":"Astrolabe"},{"not_picked":["Cursed Key","SacredBark"],"picked":"Fusion Hammer"}],"items_purged_floors":[27,38],"is_endless":false,"potions_floor_spawned":[2,4,5,13,28,30,31,33,35,39,40,45,46,47],"ascension_level":4}}