{"host":"6wux4armhsntp4yb","time":1611196587,"event":{"mods":["BaseMod","Colored Map","DeckTracker","Minty Spire (QoL Compilation)","Relic Stats"],"gold_per_floor":[109,128,144,162,180,180,195,195,195,222,222,222,241,275,275,352,352,362,118,138,173,173,173,173,206,253,253,268,295,305,322,322,396,396,410,426,437,454,470,495,495,529,554,187,237,250,250,46,46,46,46,46,46,46,75,75],"floor_reached":57,"language":"JPN","playtime":4175,"items_purged":["Strike_G","Strike_G+1"],"score":2937,"play_id":"baed8777-9fed-4585-9e6d-6356b4905814","local_time":"20210121113627","is_ascension_mode":true,"campfire_choices":[{"data":"Glass Knife","floor":6.0,"key":"SMITH"},{"data":"Neutralize","floor":8.0,"key":"SMITH"},{"data":"Predator","floor":12.0,"key":"SMITH"},{"data":"Envenom","floor":15.0,"key":"SMITH"},{"data":"Corpse Explosion","floor":23.0,"key":"SMITH"},{"data":"Terror","floor":27.0,"key":"SMITH"},{"data":"Accuracy","floor":32.0,"key":"SMITH"},{"data":"Catalyst","floor":41.0,"key":"SMITH"},{"data":"Phantasmal Killer","floor":47.0,"key":"SMITH"},{"floor":49.0,"key":"RECALL"},{"data":"Malaise","floor":53.0,"key":"SMITH"}],"circlet_count":0,"master_deck":["AscendersBane","Defend_G+1","Defend_G+1","Defend_G+1","Defend_G+1","Defend_G+1","Survivor","Neutralize+1","Glass Knife+1","Endless Agony","PiercingWail","Predator+1","Leg Sweep","Acrobatics","Blur","Envenom+1","Corpse Explosion+1","Glass Knife+1","Footwork+1","Backflip+1","Deflect","Backflip","Terror+1","Adrenaline","Infinite Blades","Accuracy+1","Venomology","Prepared+1","PiercingWail","Accuracy+1","Malaise+1","Catalyst+1","Phantasmal Killer+1","Parasite","Infinite Blades+1","Footwork","After Image"],"relics":["Ring of the Snake","Snake Skull","Odd Mushroom","PreservedInsect","Astrolabe","Vajra","Red Mask","Nloth\u0027s Gift","Bag of Preparation","Mummified Hand","Cursed Key","Matryoshka","Letter Opener","Juzu Bracelet","Bottled Lightning","Shuriken","Du-Vu Doll","Lee\u0027s Waffle","Bottled Flame"],"acts_visited":["Exordium","TheCity","TheBeyond","TheEnding"],"potions_floor_usage":[56,56,56],"damage_taken":[{"damage":1.0,"enemies":"Cultist","floor":1.0,"turns":3.0},{"damage":2.0,"enemies":"Jaw Worm","floor":2.0,"turns":3.0},{"damage":0.0,"enemies":"2 Louse","floor":3.0,"turns":2.0},{"damage":0.0,"enemies":"Gremlin Gang","floor":4.0,"turns":3.0},{"damage":0.0,"enemies":"2 Fungi Beasts","floor":5.0,"turns":3.0},{"damage":5.0,"enemies":"3 Louse","floor":7.0,"turns":4.0},{"damage":0.0,"enemies":"The Mushroom Lair","floor":10.0,"turns":3.0},{"damage":2.0,"enemies":"Large Slime","floor":13.0,"turns":4.0},{"damage":0.0,"enemies":"Gremlin Nob","floor":14.0,"turns":3.0},{"damage":12.0,"enemies":"The Guardian","floor":16.0,"turns":10.0},{"damage":0.0,"enemies":"3 Byrds","floor":18.0,"turns":6.0},{"damage":0.0,"enemies":"Shell Parasite","floor":20.0,"turns":10.0},{"damage":0.0,"enemies":"Masked Bandits","floor":21.0,"turns":2.0},{"damage":11.0,"enemies":"Slavers","floor":25.0,"turns":2.0},{"damage":0.0,"enemies":"Centurion and Healer","floor":28.0,"turns":6.0},{"damage":0.0,"enemies":"Gremlin Leader","floor":29.0,"turns":4.0},{"damage":0.0,"enemies":"Snake Plant","floor":30.0,"turns":3.0},{"damage":0.0,"enemies":"Sentry and Sphere","floor":31.0,"turns":6.0},{"damage":28.0,"enemies":"Champ","floor":33.0,"turns":14.0},{"damage":3.0,"enemies":"3 Darklings","floor":35.0,"turns":5.0},{"damage":0.0,"enemies":"3 Shapes","floor":36.0,"turns":4.0},{"damage":0.0,"enemies":"Writhing Mass","floor":37.0,"turns":5.0},{"damage":6.0,"enemies":"Spire Growth","floor":38.0,"turns":6.0},{"damage":0.0,"enemies":"Sphere and 2 Shapes","floor":39.0,"turns":5.0},{"damage":0.0,"enemies":"Reptomancer","floor":40.0,"turns":5.0},{"damage":2.0,"enemies":"Giant Head","floor":42.0,"turns":7.0},{"damage":1.0,"enemies":"2 Orb Walkers","floor":45.0,"turns":2.0},{"damage":12.0,"enemies":"Maw","floor":46.0,"turns":5.0},{"damage":0.0,"enemies":"Donu and Deca","floor":50.0,"turns":7.0},{"damage":26.0,"enemies":"Awakened One","floor":51.0,"turns":10.0},{"damage":4.0,"enemies":"Shield and Spear","floor":55.0,"turns":3.0},{"damage":50,"enemies":"The Heart","floor":56,"turns":8}],"seed_played":"-4447448569550795038","potions_obtained":[{"floor":1.0,"key":"Explosive Potion"},{"floor":3.0,"key":"AttackPotion"},{"floor":7.0,"key":"Fire Potion"},{"floor":14.0,"key":"SneckoOil"},{"floor":18.0,"key":"Block Potion"},{"floor":20.0,"key":"SteroidPotion"},{"floor":31.0,"key":"DuplicationPotion"},{"floor":33.0,"key":"Ancient Potion"},{"floor":36.0,"key":"CunningPotion"},{"floor":38.0,"key":"DistilledChaos"},{"floor":55.0,"key":"Poison Potion"}],"is_trial":false,"path_per_floor":["M","M","M","M","M","R","M","R","T","?","T","R","M","E","R","B",null,"M","$","M","?","?","R","?","E","T","R","M","E","M","M","R","B",null,"M","M","M","M","M","E","R","E","T","$","?","M","R","$","R","B","B",null,"R","$","E","B",null],"character_chosen":"THE_SILENT","items_purchased":["Vajra","Shuriken","Lee\u0027s Waffle","Footwork"],"campfire_rested":0,"item_purchase_floors":[19,44,48,48],"current_hp_per_floor":[58,56,56,56,56,56,51,51,51,51,51,51,49,49,49,37,54,54,54,54,56,56,56,56,45,45,45,45,45,45,45,45,17,51,48,48,48,42,42,42,42,40,40,40,39,27,27,69,69,69,43,63,63,63,59,9],"gold":75,"neow_bonus":"THREE_RARE_CARDS","is_daily":false,"chose_seed":false,"campfire_upgraded":10,"win_rate":0.0,"timestamp":1611196587,"path_taken":["M","?","?","M","M","R","M","R","T","?","?","R","M","E","R","BOSS","M","$","?","?","?","R","?","E","T","R","M","E","M","M","R","BOSS","M","M","M","M","?","E","R","E","T","$","?","M","R","$","R","BOSS","BOSS","R","$","E","BOSS"],"items_purchased_type":["Relic","Relic","Relic","Card"],"build_version":"2020-12-22","purchased_purges":2,"victory":true,"max_hp_per_floor":[60,60,60,60,60,60,60,60,60,60,60,60,60,60,60,60,60,60,60,60,62,62,62,62,62,62,62,62,62,62,62,62,62,62,62,62,62,62,62,62,62,62,62,62,62,62,62,69,69,69,69,69,69,69,69,69],"relic_stats":{"Lee\u0027s Waffle":42,"counters":[32,163],"Astrolabe":["Glass Knife","Footwork","Backflip"],"Snake Skull":[179],"PreservedInsect":362,"Bag of Preparation":[36],"Juzu Bracelet":1,"Letter Opener":[160],"Cursed Key":1,"Mummified Hand":[85],"Shuriken":[12],"Nloth\u0027s Gift":5,"obtain_stats":[{"Lee\u0027s Waffle":48,"Singing Bowl":11,"Astrolabe":17,"Vajra":19,"Snake Skull":9,"PreservedInsect":14,"Bag of Preparation":25,"Juzu Bracelet":43,"Letter Opener":42,"Odd Mushroom":10,"Cursed Key":34,"Du-Vu Doll":45,"Bottled Flame":55,"Matryoshka":40,"Mummified Hand":29,"Shuriken":44,"Red Mask":21,"Nloth\u0027s Gift":24,"Bottled Lightning":43,"Ring of the Snake":0},{"Lee\u0027s Waffle":28,"Singing Bowl":7,"Astrolabe":10,"Vajra":11,"Snake Skull":6,"PreservedInsect":9,"Bag of Preparation":14,"Juzu Bracelet":26,"Letter Opener":26,"Odd Mushroom":7,"Cursed Key":19,"Du-Vu Doll":27,"Bottled Flame":31,"Matryoshka":25,"Mummified Hand":16,"Shuriken":26,"Red Mask":13,"Nloth\u0027s Gift":13,"Bottled Lightning":26,"Ring of the Snake":0},{"Lee\u0027s Waffle":135,"Singing Bowl":21,"Astrolabe":38,"Vajra":44,"Snake Skull":18,"PreservedInsect":28,"Bag of Preparation":58,"Juzu Bracelet":128,"Letter Opener":128,"Odd Mushroom":21,"Cursed Key":91,"Du-Vu Doll":130,"Bottled Flame":155,"Matryoshka":121,"Mummified Hand":68,"Shuriken":128,"Red Mask":56,"Nloth\u0027s Gift":56,"Bottled Lightning":128,"Ring of the Snake":0}],"Ring of the Snake":[67]},"card_choices":[{"not_picked":["Die Die Die","Unload"],"picked":"Glass Knife","floor":0.0},{"not_picked":["Sucker Punch","Masterful Stab"],"picked":"Endless Agony","floor":1.0},{"not_picked":["Deflect","Blade Dance","Distraction"],"picked":"SKIP","floor":2.0},{"not_picked":["Dagger Throw","Deflect"],"picked":"PiercingWail","floor":3.0},{"not_picked":["Backstab","Expertise"],"picked":"Predator","floor":4.0},{"not_picked":["Masterful Stab","Bane"],"picked":"Leg Sweep","floor":5.0},{"not_picked":["Riddle With Holes","Deadly Poison","Dagger Throw"],"picked":"SKIP","floor":7.0},{"not_picked":["Deadly Poison","Catalyst"],"picked":"Acrobatics","floor":10.0},{"not_picked":["Deadly Poison","Cloak And Dagger"],"picked":"Blur","floor":13.0},{"not_picked":["Expertise","Backstab"],"picked":"Envenom","floor":14.0},{"not_picked":["Bullet Time","Envenom"],"picked":"Corpse Explosion","floor":16.0},{"not_picked":["Poisoned Stab","Outmaneuver"],"picked":"Deflect","floor":18.0},{"not_picked":["Flying Knee","Slice"],"picked":"Backflip","floor":20.0},{"not_picked":["Caltrops","Deflect","Eviscerate"],"picked":"Singing Bowl","floor":21.0},{"not_picked":["Night Terror","Underhanded Strike"],"picked":"Terror","floor":25.0},{"not_picked":["Underhanded Strike","Deflect","Bouncing Flask"],"picked":"SKIP","floor":28.0},{"not_picked":["Underhanded Strike","Deflect","Bouncing Flask"],"picked":"SKIP","floor":28.0},{"not_picked":["Heel Hook+1","Accuracy"],"picked":"Adrenaline","floor":29.0},{"not_picked":["Quick Slash+1","Backflip"],"picked":"Infinite Blades","floor":30.0},{"not_picked":["Underhanded Strike","Deadly Poison"],"picked":"Accuracy","floor":31.0},{"not_picked":["Doppelganger","Die Die Die"],"picked":"Venomology","floor":33.0},{"not_picked":["Setup","Deflect"],"picked":"Prepared+1","floor":35.0},{"not_picked":["Crippling Poison","Flying Knee"],"picked":"PiercingWail","floor":36.0},{"not_picked":["Dagger Spray","Backflip+1"],"picked":"Accuracy+1","floor":37.0},{"not_picked":["Terror","Poisoned Stab"],"picked":"Malaise","floor":38.0},{"not_picked":["Underhanded Strike","Backflip","Skewer"],"picked":"SKIP","floor":39.0},{"not_picked":["PiercingWail","Backstab"],"picked":"Catalyst","floor":40.0},{"not_picked":["Riddle With Holes","Dodge and Roll"],"picked":"Phantasmal Killer","floor":42.0},{"not_picked":["Reflex+1","Bane"],"picked":"Infinite Blades+1","floor":45.0},{"not_picked":["Dagger Spray+1","Dodge and Roll+1","Quick Slash"],"picked":"SKIP","floor":46.0},{"not_picked":["Dagger Spray+1","Dodge and Roll+1","Quick Slash"],"picked":"SKIP","floor":46.0},{"not_picked":["Adrenaline","Outmaneuver"],"picked":"After Image","floor":55.0}],"player_experience":5824343,"relics_obtained":[{"floor":9.0,"key":"Snake Skull"},{"floor":10.0,"key":"Odd Mushroom"},{"floor":11.0,"key":"Singing Bowl"},{"floor":14.0,"key":"PreservedInsect"},{"floor":21.0,"key":"Red Mask"},{"floor":25.0,"key":"Bag of Preparation"},{"floor":29.0,"key":"Mummified Hand"},{"floor":40.0,"key":"Matryoshka"},{"floor":42.0,"key":"Letter Opener"},{"floor":43.0,"key":"Juzu Bracelet"},{"floor":43.0,"key":"Bottled Lightning"},{"floor":45.0,"key":"Du-Vu Doll"},{"floor":55.0,"key":"Bottled Flame"}],"event_choices":[{"damage_healed":0.0,"max_hp_gain":0.0,"max_hp_loss":0.0,"gold_gain":0.0,"event_name":"Mushrooms","player_choice":"Fought Mushrooms","floor":10.0,"gold_loss":0.0,"damage_taken":0.0},{"damage_healed":0.0,"max_hp_gain":0.0,"max_hp_loss":0.0,"gold_gain":0.0,"event_name":"Masked Bandits","player_choice":"Fought Bandits","floor":21.0,"gold_loss":0.0,"damage_taken":0.0},{"damage_healed":0.0,"max_hp_gain":0.0,"max_hp_loss":0.0,"gold_gain":0.0,"event_name":"Back to Basics","player_choice":"Simplicity","floor":22.0,"gold_loss":0.0,"damage_taken":0.0,"cards_upgraded":["Strike_G","Defend_G","Defend_G","Defend_G","Defend_G","Defend_G"]},{"damage_healed":0.0,"max_hp_gain":0.0,"max_hp_loss":0.0,"gold_gain":0.0,"event_name":"N\u0027loth","player_choice":"Traded Relic","floor":24.0,"relics_lost":["Singing Bowl"],"gold_loss":0.0,"damage_taken":0.0,"relics_obtained":["Nloth\u0027s Gift"]},{"damage_healed":0.0,"max_hp_gain":0.0,"max_hp_loss":0.0,"gold_gain":0.0,"event_name":"Mysterious Sphere","player_choice":"Fight","floor":45.0,"gold_loss":0.0,"damage_taken":0.0}],"is_beta":false,"boss_relics":[{"not_picked":["Empty Cage","Philosopher\u0027s Stone"],"picked":"Astrolabe"},{"not_picked":["Fusion Hammer","Black Star"],"picked":"Cursed Key"}],"items_purged_floors":[19,44],"is_endless":false,"potions_floor_spawned":[1,3,7,14,18,20,31,33,36,38,46,55],"ascension_level":20}}