{"host":"oqvelqkxh74plq6q","time":1611209476,"event":{"mods":["ATMod(°¢èªMod)","AchievementEnabler","BaseMod","Better Match","Better-Laid Plans","BetterRewards","BshForSts","Conspire","Good Game Mod","Jedi Mod","Minty Spire (QoL Compilation)","MostiFishMod","Poor People Problems","Quick Restart","Relic Stats","Remilia£¨ÀÙÃ×ÀòÑÇ£©","Shop Mod","Spicy Shops","StSLib","TestMod","Youmu£¨»êÆÇÑýÃÎ£©","vexMod","óô»ðÖ¸ÄÏ"],"gold_per_floor":[115,37,37,54,69,102,118,185,236,236,264,14,34,51,51,152,152,170,170,95,113,128,128,162,162,239,239,310,375,28,229,39,166,166,262,406,112,200,25,80,80,119,119,119,165,208,208,315,37,65],"floor_reached":51,"language":"ZHS","playtime":2147,"items_purged":["Strike_R","Strike_R","Strike_R","Defend_R","Defend_R","Bash"],"score":1443,"play_id":"efc23cf7-e552-4b66-b5a8-0783eb45d16c","local_time":"20210121141116","is_ascension_mode":true,"campfire_choices":[{"data":"Inflame","floor":10,"key":"SMITH"},{"data":"Aggregate","floor":15,"key":"SMITH"},{"data":"AT_DivineConfetti","floor":23,"key":"SMITH"},{"data":"Sword Boomerang","floor":25,"key":"SMITH"},{"data":"Flex","floor":27,"key":"SMITH"},{"data":"Spot Weakness","floor":41,"key":"SMITH"},{"data":"Shockwave","floor":47,"key":"SMITH"}],"circlet_count":0,"master_deck":["Strike_R+1","Strike_R","Defend_R+1","Defend_R","AT_DivineConfetti+1","Aggregate+1","conspire:Charge","Inflame+1","Spot Weakness+1","Flex+1","Carnage","Sword Boomerang+1","Flex+1","Shockwave+1"],"relics":["Burning Blood","REME:ComplimentaryCards","DaveBox","AT_ATBox","testmod-TestBox","testmod-LifeArmor","FeatherPendant","SynthV:TestCard","Potion Belt","Eternal Feather","AT_SeraphEmbrace","Bag of Marbles","Shuriken","testmod-DeterminationOfClimber","MutagenicStrength","AT_MibuBalloonWealth","InkBottle","Frozen Egg 2","jedi:kaleidoscope","Blue Candle","AT_RabadonDeathcap","AT_TrinityForce","AT_BladeRuinedKing","conspire:Flyswatter","Dream Catcher","Bird Faced Urn","Brimstone"],"acts_visited":["Exordium","TheCity","TheBeyond"],"potions_floor_usage":[6,16,50],"damage_taken":[{"damage":0,"enemies":"Cultist","floor":1,"turns":3},{"damage":1,"enemies":"conspire:RoseBush","floor":4,"turns":1},{"damage":0,"enemies":"2 Louse","floor":5,"turns":2},{"damage":1,"enemies":"Lagavulin","floor":6,"turns":4},{"damage":2,"enemies":"Exordium Wildlife","floor":7,"turns":3},{"damage":2,"enemies":"3 Sentries","floor":11,"turns":2},{"damage":1,"enemies":"3 Louse","floor":13,"turns":2},{"damage":0,"enemies":"Blue Slaver","floor":14,"turns":2},{"damage":23,"enemies":"Hexaghost","floor":16,"turns":5},{"damage":1,"enemies":"Chosen","floor":18,"turns":2},{"damage":0,"enemies":"Spheric Guardian","floor":21,"turns":1},{"damage":40,"enemies":"Shelled Parasite and Fungi","floor":22,"turns":3},{"damage":1,"enemies":"conspire:SneckoGhost","floor":24,"turns":3},{"damage":0,"enemies":"Sentry and Sphere","floor":28,"turns":1},{"damage":0,"enemies":"Chosen and Byrds","floor":29,"turns":1},{"damage":0,"enemies":"Colosseum Slavers","floor":31,"turns":1},{"damage":20,"enemies":"Colosseum Nobs","floor":31,"turns":3},{"damage":0,"enemies":"Collector","floor":33,"turns":1},{"damage":0,"enemies":"3 Shapes","floor":35,"turns":1},{"damage":0,"enemies":"3 Darklings","floor":36,"turns":1},{"damage":0,"enemies":"Sphere and 2 Shapes","floor":38,"turns":1},{"damage":0,"enemies":"Giant Head","floor":40,"turns":1},{"damage":0,"enemies":"Maw","floor":42,"turns":1},{"damage":0,"enemies":"Transient","floor":45,"turns":1},{"damage":0,"enemies":"Writhing Mass","floor":46,"turns":1},{"damage":0,"enemies":"Reptomancer","floor":48,"turns":1},{"damage":0,"enemies":"conspire:OrnateMirror","floor":50,"turns":1}],"seed_played":"1290313256261726310","potions_obtained":[{"floor":1,"key":"Strength Potion"},{"floor":11,"key":"testmod-TestPotion"},{"floor":13,"key":"BlessingOfTheForge"},{"floor":16,"key":"LiquidMemories"},{"floor":21,"key":"AttackPotion"},{"floor":24,"key":"BlessingOfTheForge"},{"floor":29,"key":"Explosive Potion"}],"is_trial":false,"path_per_floor":["M","$","?","M","M","E","M","?","T","R","E","$","M","M","R","B",null,"M","?","$","M","M","R","E","R","T","R","M","M","$","?","R","B",null,"M","M","$","M","$","E","R","M","T","?","M","M","R","E","R","B",null],"character_chosen":"IRONCLAD","items_purchased":["Potion Belt","Shuriken","Frozen Egg 2","AT_RabadonDeathcap","AT_BladeRuinedKing","Brimstone"],"campfire_rested":0,"item_purchase_floors":[2,12,30,32,37,49],"current_hp_per_floor":[86,86,68,73,79,84,88,88,88,88,88,88,88,88,88,71,84,88,88,88,88,55,64,71,80,80,88,88,88,88,74,83,88,88,88,88,88,88,88,88,88,88,88,88,88,88,88,88,88,88],"gold":65,"neow_bonus":"TEN_PERCENT_HP_BONUS","is_daily":false,"chose_seed":false,"campfire_upgraded":7,"win_rate":0.0,"timestamp":1611209476,"path_taken":["M","?","?","M","M","E","M","?","T","R","E","$","?","M","R","BOSS","M","?","$","M","M","R","E","R","T","R","M","M","$","?","R","BOSS","M","M","$","M","$","E","R","M","T","?","M","M","R","E","R","BOSS"],"items_purchased_type":["Relic","Relic","Relic","Relic","Relic","Relic"],"build_version":"2020-12-22","purchased_purges":6,"victory":true,"max_hp_per_floor":[88,88,88,88,88,88,88,88,88,88,88,88,88,88,88,88,88,88,88,88,88,88,88,88,88,88,88,88,88,88,88,88,88,88,88,88,88,88,88,88,88,88,88,88,88,88,88,88,88,88],"relic_stats":{"Dream Catcher":0,"counters":[27,49],"Shuriken":[22],"Blue Candle":[0],"Bird Faced Urn":[0],"Eternal Feather":35,"obtain_stats":[{"AT_SeraphEmbrace":38,"AT_ATBox":0,"DaveBox":0,"AT_MibuBalloonWealth":24,"testmod-LifeArmor":0,"AT_ArchangelStaff":9,"Burning Blood":0,"Dream Catcher":43,"AT_TrinityForce":34,"testmod-DeterminationOfClimber":17,"InkBottle":26,"Potion Belt":2,"AT_RabadonDeathcap":32,"testmod-TestBox":0,"Blue Candle":31,"Eternal Feather":6,"AT_BladeRuinedKing":37,"Frozen Egg 2":30,"REME:ComplimentaryCards":0,"SynthV:TestCard":1,"jedi:kaleidoscope":31,"FeatherPendant":0,"Shuriken":12,"Brimstone":49,"MutagenicStrength":19,"Bird Faced Urn":48,"Bag of Marbles":11,"conspire:Flyswatter":40},{"AT_SeraphEmbrace":21,"AT_ATBox":0,"DaveBox":0,"AT_MibuBalloonWealth":13,"testmod-LifeArmor":0,"AT_ArchangelStaff":5,"Burning Blood":0,"Dream Catcher":23,"AT_TrinityForce":18,"testmod-DeterminationOfClimber":9,"InkBottle":13,"Potion Belt":1,"AT_RabadonDeathcap":17,"testmod-TestBox":0,"Blue Candle":17,"Eternal Feather":4,"AT_BladeRuinedKing":20,"Frozen Egg 2":15,"REME:ComplimentaryCards":0,"SynthV:TestCard":1,"jedi:kaleidoscope":17,"FeatherPendant":0,"Shuriken":6,"Brimstone":26,"MutagenicStrength":10,"Bird Faced Urn":26,"Bag of Marbles":6,"conspire:Flyswatter":22},{"AT_SeraphEmbrace":43,"AT_ATBox":0,"DaveBox":0,"AT_MibuBalloonWealth":33,"testmod-LifeArmor":0,"AT_ArchangelStaff":13,"Burning Blood":0,"Dream Catcher":45,"AT_TrinityForce":40,"testmod-DeterminationOfClimber":24,"InkBottle":33,"Potion Belt":3,"AT_RabadonDeathcap":39,"testmod-TestBox":0,"Blue Candle":39,"Eternal Feather":10,"AT_BladeRuinedKing":42,"Frozen Egg 2":35,"REME:ComplimentaryCards":0,"SynthV:TestCard":3,"jedi:kaleidoscope":39,"FeatherPendant":0,"Shuriken":15,"Brimstone":48,"MutagenicStrength":26,"Bird Faced Urn":48,"Bag of Marbles":15,"conspire:Flyswatter":44}],"Burning Blood":64,"InkBottle":[15]},"card_choices":[{"not_picked":["Headbutt","Intimidate"],"picked":"conspire:Charge","floor":1},{"not_picked":["Whirlwind","AT_CaressingTears","Anger","Body Slam"],"picked":"Inflame","floor":4},{"not_picked":["Cleave","AT_BodySlamDance","Shrug It Off","AT_IchimonjiDouble"],"picked":"Spot Weakness","floor":5},{"not_picked":["Combust","Inflame","Pommel Strike","MostiFishMod:Chiaki"],"picked":"Flex","floor":6},{"not_picked":["Clothesline","jedi:fear","Power Through","Spot Weakness"],"picked":"Carnage","floor":7},{"not_picked":["AT_CaressingTears","Clash","Warcry","MostiFishMod:#F4004","Havoc"],"picked":"SKIP","floor":11},{"not_picked":["Searing Blow","jedi:fear","Reckless Charge","True Grit","Perfected Strike"],"picked":"SKIP","floor":13},{"not_picked":["Clash","Infernal Blade","jedi:fear","Twin Strike","Impervious"],"picked":"SKIP","floor":14},{"not_picked":["Havoc","conspire:ExplosiveBarrier+1","Headbutt+1","Fire Breathing+1"],"picked":"Sword Boomerang","floor":18},{"not_picked":["Twin Strike+1","Shrug It Off","Heavy Blade","Sword Boomerang","Iron Wave+1"],"picked":"SKIP","floor":21},{"not_picked":["Twin Strike","AT_BodySlamDance+1","Warcry","Metallicize","True Grit"],"picked":"SKIP","floor":22},{"not_picked":["Disarm","Twin Strike+1","AT_ManFootWork","jedi:suffering","Infernal Blade"],"picked":"SKIP","floor":24},{"not_picked":["Infernal Blade","Combust","Thunderclap","Body Slam","Second Wind"],"picked":"SKIP","floor":28},{"not_picked":["Evolve","Cleave","AT_BodySlamDance","Pommel Strike","conspire:ExplosiveBarrier+1"],"picked":"SKIP","floor":29},{"not_picked":["Wild Strike","Metallicize+1","Cleave+1","Havoc+1","AT_BodySlamDance"],"picked":"SKIP","floor":35},{"not_picked":["Ghostly Armor+1","conspire:Charge","Blood for Blood","Body Slam+1","Pommel Strike"],"picked":"SKIP","floor":36},{"not_picked":["Heavy Blade+1","Second Wind","jedi:fear","Armaments","Clothesline+1"],"picked":"SKIP","floor":38},{"not_picked":["Brutality+1","Headbutt+1","Clothesline+1","Perfected Strike+1","Anger+1"],"picked":"SKIP","floor":40},{"not_picked":["jedi:controlledanger+1","Ghostly Armor+1","Clothesline+1","Perfected Strike+1"],"picked":"Flex+1","floor":42},{"not_picked":["Heavy Blade","Whirlwind+1","Disarm","Searing Blow","Clash+1"],"picked":"SKIP","floor":45},{"not_picked":["Pommel Strike+1","Sentinel","Perfected Strike+1","jedi:MakeshiftSword+1"],"picked":"Shockwave","floor":46},{"not_picked":["jedi:suffering+1","Seeing Red","AT_BodySlamDance","Flex","Warcry"],"picked":"SKIP","floor":48}],"player_experience":104678,"relics_obtained":[{"floor":1,"key":"SynthV:TestCard"},{"floor":6,"key":"Eternal Feather"},{"floor":9,"key":"AT_ArchangelStaff"},{"floor":11,"key":"Bag of Marbles"},{"floor":24,"key":"AT_MibuBalloonWealth"},{"floor":26,"key":"InkBottle"},{"floor":31,"key":"jedi:kaleidoscope"},{"floor":31,"key":"Blue Candle"},{"floor":40,"key":"conspire:Flyswatter"},{"floor":43,"key":"Dream Catcher"},{"floor":48,"key":"Bird Faced Urn"}],"event_choices":[{"damage_healed":0,"gold_gain":0,"player_choice":"Entered Light","damage_taken":18,"max_hp_gain":0,"max_hp_loss":0,"event_name":"Shining Light","floor":3,"gold_loss":0,"cards_upgraded":["Defend_R","Strike_R"]},{"damage_healed":0,"gold_gain":67,"player_choice":"Gained Gold","damage_taken":0,"max_hp_gain":0,"max_hp_loss":0,"event_name":"Golden Wing","floor":8,"gold_loss":0},{"damage_healed":0,"gold_gain":0,"player_choice":"Inject Mutagens","damage_taken":0,"relics_obtained":["MutagenicStrength"],"max_hp_gain":0,"max_hp_loss":0,"event_name":"Drug Dealer","floor":19,"gold_loss":0},{"damage_healed":0,"gold_gain":0,"player_choice":"Fight","damage_taken":0,"max_hp_gain":0,"max_hp_loss":0,"event_name":"Colosseum","floor":31,"gold_loss":0},{"damage_healed":0,"gold_gain":0,"player_choice":"Fought Nobs","damage_taken":0,"max_hp_gain":0,"max_hp_loss":0,"event_name":"Colosseum","floor":31,"gold_loss":0},{"damage_healed":0,"gold_gain":0,"player_choice":"Memory 1","damage_taken":0,"max_hp_gain":0,"max_hp_loss":0,"event_name":"SensoryStone","floor":44,"gold_loss":0}],"is_beta":false,"boss_relics":[{"not_picked":["Philosopher\u0027s Stone","TimeKeys"],"picked":"testmod-DeterminationOfClimber"},{"not_picked":["NightmareShop","vexMod:BigBerry"],"picked":"AT_TrinityForce"}],"items_purged_floors":[20,30,32,37,39,49],"is_endless":false,"potions_floor_spawned":[1,4,11,13,16,21,24,29,31,33,40,42,45],"ascension_level":7}}