{"host":"6xsbn6ynqlzwllfm","time":1611258154,"event":{"mods":["2.2 Compatiblity","BaseMod","Bestiary","Colored Map","Colored Powertips","Curses Come First","Highlight Path","Keyboard Shortcuts","Minty Spire (QoL Compilation)","Quick Restart","Relic Stats","Slay the Relics Exporter","StSLib","SuperFastMode"],"gold_per_floor":[110,35,35,45,58,58,89,89,134,159,159,178,178,212,212,284,334,349,349,190,202,23,50,0,0,0,14,14,33,33,48,48,124,124,143,157,182,199,122,122,134,134,159,159,49,87,103,128,128,128,128,128,3,31,31,31],"floor_reached":55,"language":"ENG","playtime":3586,"items_purged":["Strike_B","Defend_B","Bite"],"score":1393,"play_id":"39d6416c-7d43-4f6f-b212-e4dc5f535a32","local_time":"20210121144234","is_ascension_mode":true,"campfire_choices":[{"data":"Defragment","floor":6,"key":"SMITH"},{"floor":8,"key":"REST"},{"data":"Storm","floor":11,"key":"SMITH"},{"data":"Defragment","floor":13,"key":"SMITH"},{"data":"Fission","floor":15,"key":"SMITH"},{"data":"Loop","floor":25,"key":"SMITH"},{"data":"Loop","floor":28,"key":"SMITH"},{"floor":32,"key":"REST"},{"data":"Amplify","floor":40,"key":"SMITH"},{"data":"Heatsinks","floor":42,"key":"SMITH"},{"floor":44,"key":"RECALL"},{"data":"Buffer","floor":49,"key":"SMITH"},{"data":"Coolheaded","floor":52,"key":"SMITH"}],"circlet_count":0,"master_deck":["AscendersBane","Defend_B+1","Zap","Dualcast+1","Compile Driver+1","Defragment+1","Defragment+1","Storm+1","Fission+1","Core Surge","Glacier","Coolheaded+1","Sweeping Beam","Loop+1","Coolheaded+1","Loop+1","Bite","Bite+1","Bite","Amplify+1","Heatsinks+1","Buffer+1"],"relics":["Sozu","Orichalcum","Anchor","DataDisk","Singing Bowl","Tiny House","Bag of Preparation","War Paint","Empty Cage","Girya","CeramicFish","Potion Belt","Lizard Tail","Bottled Tornado"],"acts_visited":["Exordium","TheCity","TheBeyond","TheEnding"],"potions_floor_usage":[],"damage_taken":[{"damage":8,"enemies":"Small Slimes","floor":1,"turns":4},{"damage":4,"enemies":"Jaw Worm","floor":4,"turns":4},{"damage":1,"enemies":"Cultist","floor":5,"turns":4},{"damage":45,"enemies":"3 Sentries","floor":7,"turns":8},{"damage":0,"enemies":"Large Slime","floor":12,"turns":3},{"damage":5,"enemies":"Lagavulin","floor":14,"turns":5},{"damage":25,"enemies":"The Guardian","floor":16,"turns":9},{"damage":2,"enemies":"Spheric Guardian","floor":18,"turns":4},{"damage":17,"enemies":"2 Thieves","floor":21,"turns":4},{"damage":8,"enemies":"Book of Stabbing","floor":23,"turns":5},{"damage":8,"enemies":"Snake Plant","floor":27,"turns":3},{"damage":8,"enemies":"Centurion and Healer","floor":29,"turns":5},{"damage":11,"enemies":"3 Cultists","floor":31,"turns":4},{"damage":0,"enemies":"Automaton","floor":33,"turns":13},{"damage":21,"enemies":"3 Shapes","floor":35,"turns":5},{"damage":10,"enemies":"Orb Walker","floor":36,"turns":4},{"damage":0,"enemies":"Mind Bloom Boss Battle","floor":37,"turns":2},{"damage":19,"enemies":"Transient","floor":38,"turns":6},{"damage":14,"enemies":"4 Shapes","floor":41,"turns":3},{"damage":39,"enemies":"Nemesis","floor":46,"turns":5},{"damage":11,"enemies":"Sphere and 2 Shapes","floor":47,"turns":8},{"damage":41,"enemies":"Giant Head","floor":48,"turns":26},{"damage":27,"enemies":"Time Eater","floor":50,"turns":14},{"damage":37,"enemies":"Shield and Spear","floor":54,"turns":5},{"damage":100,"enemies":"The Heart","floor":55,"turns":9}],"seed_played":"-54609391156162612","potions_obtained":[],"is_trial":false,"path_per_floor":["M","?","?","M","M","R","E","R","T","T","R","M","R","E","R","B",null,"M","?","$","M","$","E","?","R","T","M","R","M","?","M","R","B",null,"M","M","?","M","$","R","M","R","T","R","?","E","M","E","R","B",null,"R","$","E","B"],"character_chosen":"DEFECT","items_purchased":["Loop","Loop","Heatsinks"],"campfire_rested":2,"item_purchase_floors":[20,22,39],"current_hp_per_floor":[56,56,61,57,56,56,11,33,33,33,33,33,33,28,28,3,63,61,61,61,44,44,38,38,38,38,32,32,26,26,27,45,62,62,57,55,59,54,54,54,44,44,44,44,44,17,23,50,50,68,74,74,74,42,0,0],"gold":31,"neow_bonus":"BOSS_RELIC","is_daily":false,"chose_seed":false,"campfire_upgraded":10,"win_rate":0.0,"timestamp":1611258154,"path_taken":["M","?","?","M","M","R","E","R","T","?","R","?","R","E","R","BOSS","M","?","$","M","$","E","?","R","T","M","R","?","?","M","R","BOSS","M","M","?","M","$","R","M","R","T","R","?","E","M","E","R","BOSS","R","$","E","BOSS"],"items_purchased_type":["Card","Card","Card"],"build_version":"2020-12-22","purchased_purges":3,"victory":false,"max_hp_per_floor":[71,71,76,76,76,76,76,76,76,76,76,76,76,76,76,76,81,81,81,81,81,81,83,83,83,83,85,85,87,60,62,62,62,62,64,66,68,70,70,70,72,72,72,72,72,72,74,76,76,76,76,76,76,78,78,78],"relic_stats":{"Sozu":15,"Lizard Tail":39,"Singing Bowl":24,"counters":[25,161],"CeramicFish":9,"Bag of Preparation":[30],"Orichalcum":[96],"War Paint":["Dualcast","Defend_B"],"obtain_stats":[{"Potion Belt":46,"Girya":37,"Tiny House":17,"Singing Bowl":14,"CeramicFish":43,"Bag of Preparation":23,"Orichalcum":7,"War Paint":24,"Bottled Tornado":54,"Empty Cage":34,"Sozu":0,"Anchor":9,"DataDisk":10,"Lizard Tail":48,"Cracked Core":0},{"Potion Belt":20,"Girya":17,"Tiny House":7,"Singing Bowl":6,"CeramicFish":19,"Bag of Preparation":10,"Orichalcum":4,"War Paint":10,"Bottled Tornado":24,"Empty Cage":14,"Sozu":0,"Anchor":4,"DataDisk":4,"Lizard Tail":22,"Cracked Core":0},{"Potion Belt":99,"Girya":85,"Tiny House":37,"Singing Bowl":28,"CeramicFish":94,"Bag of Preparation":50,"Orichalcum":20,"War Paint":50,"Bottled Tornado":152,"Empty Cage":74,"Sozu":0,"Anchor":20,"DataDisk":20,"Lizard Tail":133,"Cracked Core":0}]},"card_choices":[{"not_picked":["Beam Cell","Cold Snap"],"picked":"Compile Driver","floor":1},{"not_picked":["Reinforced Body","Compile Driver"],"picked":"Defragment","floor":4},{"not_picked":["Go for the Eyes","Coolheaded"],"picked":"Defragment","floor":5},{"not_picked":["All For One","Conserve Battery"],"picked":"Storm","floor":7},{"not_picked":["Reprogram","Leap","Doom and Gloom"],"picked":"SKIP","floor":12},{"not_picked":["Conserve Battery","Hyperbeam"],"picked":"Fission","floor":14},{"not_picked":["Reboot","All For One"],"picked":"Core Surge","floor":16},{"not_picked":["Leap","White Noise"],"picked":"Glacier","floor":17},{"not_picked":["Beam Cell","Reprogram"],"picked":"Coolheaded","floor":18},{"not_picked":["Fusion","Streamline"],"picked":"Coolheaded+1","floor":21},{"not_picked":["Steam","Reprogram","Coolheaded+1"],"picked":"Singing Bowl","floor":23},{"not_picked":["Glacier","Beam Cell","Conserve Battery"],"picked":"Singing Bowl","floor":27},{"not_picked":["Hologram","Redo","All For One"],"picked":"Singing Bowl","floor":29},{"not_picked":["Cold Snap","Rebound","Coolheaded"],"picked":"Singing Bowl","floor":31},{"not_picked":["Echo Form","Multi-Cast"],"picked":"Amplify","floor":33},{"not_picked":["Beam Cell","Leap","Gash"],"picked":"Singing Bowl","floor":35},{"not_picked":["Leap","Barrage","Turbo"],"picked":"Singing Bowl","floor":36},{"not_picked":["Scrape","Stack+1","Go for the Eyes+1"],"picked":"Singing Bowl","floor":37},{"not_picked":["Compile Driver+1","Ball Lightning","Stack"],"picked":"Singing Bowl","floor":38},{"not_picked":["Auto Shields","Consume+1","Stack"],"picked":"Singing Bowl","floor":41},{"not_picked":["Sweeping Beam","White Noise"],"picked":"Buffer","floor":46},{"not_picked":["Redo+1","Cold Snap","Ball Lightning"],"picked":"Singing Bowl","floor":47},{"not_picked":["Sunder+1","Chill","Doom and Gloom+1"],"picked":"Singing Bowl","floor":48},{"not_picked":["Fission","Cold Snap","Beam Cell"],"picked":"Singing Bowl","floor":54}],"player_experience":1071136,"relics_obtained":[{"floor":7,"key":"Orichalcum"},{"floor":9,"key":"Anchor"},{"floor":10,"key":"DataDisk"},{"floor":14,"key":"Singing Bowl"},{"floor":23,"key":"Bag of Preparation"},{"floor":37,"key":"Girya"},{"floor":43,"key":"CeramicFish"},{"floor":46,"key":"Potion Belt"},{"floor":48,"key":"Lizard Tail"},{"floor":54,"key":"Bottled Tornado"}],"event_choices":[{"cards_removed":["Strike_B"],"damage_healed":0,"gold_gain":0,"player_choice":"Card Removal","damage_taken":0,"max_hp_gain":0,"max_hp_loss":0,"event_name":"The Cleric","floor":2,"gold_loss":75},{"damage_healed":0,"gold_gain":0,"player_choice":"Donut","damage_taken":0,"max_hp_gain":5,"max_hp_loss":0,"event_name":"Big Fish","floor":3,"gold_loss":0},{"damage_healed":0,"gold_gain":0,"player_choice":"Read","damage_taken":0,"max_hp_gain":0,"max_hp_loss":0,"event_name":"The Library","floor":19,"gold_loss":0,"cards_obtained":["Sweeping Beam"]},{"damage_healed":0,"gold_gain":0,"player_choice":"Paid Gold","damage_taken":0,"relics_obtained":["War Paint"],"max_hp_gain":0,"max_hp_loss":0,"event_name":"WeMeetAgain","floor":24,"gold_loss":50},{"damage_healed":0,"gold_gain":0,"player_choice":"Became a vampire","damage_taken":0,"max_hp_gain":0,"max_hp_loss":27,"event_name":"Vampires","floor":30,"gold_loss":0,"cards_obtained":["Bite","Bite","Bite","Bite","Bite"]},{"damage_healed":0,"gold_gain":0,"player_choice":"Fight","damage_taken":0,"max_hp_gain":0,"max_hp_loss":0,"event_name":"MindBloom","floor":37,"gold_loss":0},{"cards_removed":["Bite"],"damage_healed":0,"gold_gain":0,"player_choice":"Upgrade and Remove","damage_taken":0,"max_hp_gain":0,"max_hp_loss":0,"event_name":"Designer","floor":45,"gold_loss":110,"cards_upgraded":["Bite"]}],"is_beta":false,"boss_relics":[{"not_picked":["Ectoplasm","Runic Dome"],"picked":"Tiny House"},{"not_picked":["Nuclear Battery","Busted Crown"],"picked":"Empty Cage"}],"items_purged_floors":[20,22,53],"is_endless":false,"potions_floor_spawned":[4,7,12,14,21,27,29,31,35,38,46,47,48,54],"killed_by":"The Heart","ascension_level":17}}