{"host":"x0zs2aah5aepmxqq","time":1611194599,"event":{"mods":["BaseMod","Downfall","Minty Spire (QoL Compilation)","StSLib"],"gold_per_floor":[99,99,99,99,99,110,110,110,128,146,164,264,64,164,175,275,275,275,293,79,79,79,79,79,111,111,131,147,158,58,69,84,84,84,84],"floor_reached":33,"language":"ENG","playtime":2544,"items_purged":[],"score":282,"play_id":"3696f34b-0ea4-46c5-810d-0eb2ece58af6","local_time":"20210120190319","is_ascension_mode":false,"campfire_choices":[{"floor":1,"key":"RECALL"},{"data":"champ:FancyFootwork","floor":13,"key":"SMITH"},{"data":"champ:PerfectedStrike","floor":18,"key":"SMITH"},{"data":"champ:StanceDance","floor":30,"key":"SMITH"}],"circlet_count":0,"master_deck":["champ:Strike","champ:Strike","champ:Strike","champ:Strike","champ:Defend","champ:Defend","champ:Defend","champ:Defend","champ:Taunt","champ:GutPunch","champ:PerfectedStrike+1","champ:BladeFlurry","champ:PerfectedStrike","champ:BladeFlurry","champ:FanOfKnives","champ:PreciseThrust","champ:FancyFootwork+1","champ:Encircle","champ:CheapShot","champ:PreciseThrust","champ:EnGarde+1","champ:StanceDance+1","Writhe","champ:FlashCut+1","champ:DefensiveShout","champ:PerfectedStrike+1","champ:Shatter+1"],"relics":["champ:ChampionCrown","downfall:HeartsMalice","downfall:HeartBlessingRed","downfall:HeartBlessingBlue","Sozu","Blood Vial","Pear","Molten Egg 2","downfall:RedIOU","downfall:HeartBlessingGreen"],"acts_visited":["Exordium","TheCity"],"potions_floor_usage":[33,33],"damage_taken":[{"damage":0,"enemies":"2 Louse","floor":2,"turns":1},{"damage":0,"enemies":"Cultist","floor":4,"turns":1},{"damage":0,"enemies":"Jaw Worm","floor":5,"turns":1},{"damage":3,"enemies":"Lots of Slimes","floor":6,"turns":5},{"damage":0,"enemies":"2 Fungi Beasts","floor":9,"turns":2},{"damage":7,"enemies":"Blue Slaver","floor":10,"turns":3},{"damage":9,"enemies":"3 Louse","floor":11,"turns":3},{"damage":0,"enemies":"2 Fungi Beasts","floor":15,"turns":2},{"damage":70,"enemies":"WA_ARCHETYPE_RETAIN","floor":16,"turns":9},{"damage":0,"enemies":"Spheric Guardian","floor":19,"turns":2},{"damage":5,"enemies":"downfall:FleeingMerchant","floor":20,"turns":5},{"damage":40,"enemies":"Book of Stabbing","floor":25,"turns":6},{"damage":25,"enemies":"Snake Plant","floor":27,"turns":4},{"damage":5,"enemies":"Shelled Parasite and Fungi","floor":28,"turns":4},{"damage":4,"enemies":"Chosen and Byrds","floor":29,"turns":5},{"damage":0,"enemies":"Snecko","floor":31,"turns":5},{"damage":5,"enemies":"Centurion and Healer","floor":32,"turns":4},{"damage":88,"enemies":"DF_ARCHETYPE_CLAW","floor":33,"turns":7}],"seed_played":"5117898374523015631","potions_obtained":[{"floor":6,"key":"champ:UltimateStancePotion"},{"floor":10,"key":"Swift Potion"},{"floor":11,"key":"Dexterity Potion"},{"floor":15,"key":"Weak Potion"}],"is_trial":false,"path_per_floor":["R","M","?","M","M","M","T","?","M","M","M","?","R","?","M","B",null,"R","M","$","?","?","?","T","E","?","M","M","M","R","M","M","B"],"character_chosen":"THE_CHAMP","items_purchased":["champ:StanceDance","Blood Vial"],"campfire_rested":0,"item_purchase_floors":[20,20],"current_hp_per_floor":[90,90,90,90,90,87,87,87,87,80,71,71,81,81,81,11,100,100,100,95,95,95,95,105,72,72,49,51,49,49,51,53,0,0,0],"gold":84,"neow_bonus":"THREE_ENEMY_KILL","is_daily":false,"chose_seed":false,"campfire_upgraded":3,"win_rate":0.0,"timestamp":1611194599,"path_taken":["R","M","?","M","?","M","T","?","M","?","M","?","R","?","M","BOSS","R","M","$","?","?","?","T","E","?","M","M","M","R","M","M","BOSS"],"items_purchased_type":["Card","Relic"],"build_version":"2020-12-22","purchased_purges":0,"victory":false,"max_hp_per_floor":[90,90,90,90,90,90,90,90,90,90,90,90,100,100,100,100,100,100,100,100,100,100,100,110,110,110,110,110,110,110,110,110,110,110,110],"card_choices":[{"not_picked":["champ:AdrenalArmor","champ:Backstep"],"picked":"champ:GutPunch","floor":2},{"not_picked":["champ:SetATrap","champ:HeartStrike"],"picked":"champ:PerfectedStrike","floor":4},{"not_picked":["champ:GladiatorStyle","champ:StanceDance"],"picked":"champ:BladeFlurry","floor":5},{"not_picked":["champ:Haymaker","champ:Backstep"],"picked":"champ:PerfectedStrike","floor":6},{"not_picked":["champ:SetATrap","champ:FlashCut"],"picked":"champ:FanOfKnives","floor":9},{"not_picked":["champ:Backstep","champ:FlashCut"],"picked":"champ:PreciseThrust","floor":10},{"not_picked":["champ:HeartStrike","champ:BerserkersShout"],"picked":"champ:FancyFootwork","floor":11},{"not_picked":["champ:StanceDance","champ:CheapShot"],"picked":"champ:Encircle","floor":15},{"not_picked":["champ:IgnorePain","champ:StrikeOfGenius"],"picked":"champ:CheapShot","floor":16},{"not_picked":["champ:RapidStrikes","champ:Lariat+1"],"picked":"champ:PreciseThrust","floor":19},{"not_picked":["champ:AdrenalArmor","champ:Encircle+1"],"picked":"champ:EnGarde+1","floor":20},{"not_picked":["champ:FanOfKnives+1","champ:Encircle+1","champ:Backstep"],"picked":"SKIP","floor":25},{"not_picked":["champ:DefensiveShout","champ:EndlessRage"],"picked":"champ:FlashCut+1","floor":27},{"not_picked":["champ:BringItOn","champ:RisingSlash+1","champ:EndlessRage"],"picked":"SKIP","floor":28},{"not_picked":["champ:Backstep","champ:ArenaPreparation+1"],"picked":"champ:DefensiveShout","floor":29},{"not_picked":["champ:RecklessLeap+1","champ:Shatter+1"],"picked":"champ:PerfectedStrike+1","floor":31},{"not_picked":["champ:FancyFootwork","champ:FanOfKnives+1"],"picked":"champ:Shatter+1","floor":32}],"player_experience":303765,"relics_obtained":[{"floor":24,"key":"Pear"},{"floor":25,"key":"Molten Egg 2"}],"event_choices":[{"cards_removed":["champ:Execute"],"damage_healed":0,"gold_gain":0,"player_choice":"Offered Basic","damage_taken":0,"max_hp_gain":0,"max_hp_loss":0,"event_name":"Bonfire Elementals","floor":3,"gold_loss":0},{"damage_healed":0,"gold_gain":0,"player_choice":"Ignored","damage_taken":0,"max_hp_gain":0,"max_hp_loss":0,"event_name":"Vampires","floor":21,"gold_loss":0},{"damage_healed":0,"gold_gain":0,"player_choice":"Ignored","damage_taken":0,"max_hp_gain":0,"max_hp_loss":0,"event_name":"Ghosts","floor":22,"gold_loss":0}],"is_beta":false,"boss_relics":[{"not_picked":["Astrolabe","SacredBark"],"picked":"Sozu"}],"items_purged_floors":[],"is_endless":false,"potions_floor_spawned":[6,10,11,15,25,29,31],"killed_by":"DF_ARCHETYPE_CLAW","ascension_level":0}}