{"host":"xp5rvh2jwe2ejyfm","time":1611197380,"event":{"mods":["BaseMod","Downfall","Hermit","Minty Spire (QoL Compilation)","Robot Space Explorer","StSLib","The Clintock","The Construct","The Cursed","The Disciple","The Forsaken","The Hierophant","The Runesmith"],"gold_per_floor":[99,115,290,308,308,319,319,333,348,348,362,397,416,445,467,467,467,467],"floor_reached":16,"language":"ENG","playtime":817,"items_purged":[],"score":108,"play_id":"e31897e5-458c-49ab-86b9-86c9b58f64b9","local_time":"20210120214940","is_ascension_mode":false,"campfire_choices":[{"floor":1,"key":"RECALL"},{"floor":10,"key":"REST"}],"circlet_count":0,"master_deck":["bronze:Strike","bronze:Strike","bronze:Strike","bronze:Strike","bronze:Defend","bronze:Defend","bronze:Defend","bronze:Defend","bronze:Replicate","bronze:Goto","bronze:Return","Doubt","bronze:BronzeOrb","bronze:Philosophize","bronze:DelayedGuard","bronze:Iterate","bronze:DelayedSlice","bronze:Virus","bronze:Iterate","bronze:Break","bronze:Shell"],"relics":["bronze:BronzeCore","Pen Nib","Regal Pillow","CeramicFish"],"acts_visited":["Exordium"],"potions_floor_usage":[12,16,16,16],"damage_taken":[{"damage":0,"enemies":"Small Slimes","floor":2,"turns":3},{"damage":18,"enemies":"Jaw Worm","floor":4,"turns":7},{"damage":10,"enemies":"Cultist","floor":6,"turns":6},{"damage":23,"enemies":"Gremlin Gang","floor":8,"turns":5},{"damage":10,"enemies":"Blue Slaver","floor":9,"turns":4},{"damage":8,"enemies":"2 Fungi Beasts","floor":11,"turns":4},{"damage":27,"enemies":"3 Sentries","floor":12,"turns":8},{"damage":7,"enemies":"Exordium Wildlife","floor":13,"turns":2},{"damage":5,"enemies":"Large Slime","floor":14,"turns":5},{"damage":20,"enemies":"Exordium Thugs","floor":15,"turns":3},{"damage":20,"enemies":"IC_STATUS_ARCHETYPE","floor":16,"turns":2}],"seed_played":"6698552518732288047","potions_obtained":[{"floor":2,"key":"SpeedPotion"},{"floor":6,"key":"Strength Potion"},{"floor":9,"key":"PowerPotion"},{"floor":12,"key":"FairyPotion"},{"floor":15,"key":"EssenceOfSteel"}],"is_trial":false,"path_per_floor":["R","M","?","M","T","M","T","M","M","R","M","E","M","M","M","B"],"character_chosen":"THE_AUTOMATON","items_purchased":[],"campfire_rested":1,"item_purchase_floors":[],"current_hp_per_floor":[77,77,77,59,59,49,49,26,16,54,46,19,12,7,11,0,0,0],"gold":467,"neow_bonus":"TEN_PERCENT_HP_BONUS","is_daily":false,"chose_seed":false,"campfire_upgraded":0,"win_rate":0.0,"timestamp":1611197380,"path_taken":["R","M","?","M","?","M","T","M","?","R","M","E","M","M","M","BOSS"],"items_purchased_type":[],"build_version":"2020-12-22","purchased_purges":0,"victory":false,"max_hp_per_floor":[77,77,77,77,77,77,77,77,77,77,77,77,77,77,77,77,77,77],"card_choices":[{"not_picked":["bronze:Overload","bronze:DarkDash"],"picked":"bronze:Return","floor":2},{"not_picked":["bronze:FineTuning","bronze:DigitalCarnage"],"picked":"bronze:BronzeOrb","floor":4},{"not_picked":["bronze:BitShift","bronze:DarkDash"],"picked":"bronze:Philosophize","floor":6},{"not_picked":["bronze:WildBeam","bronze:BugBarrage"],"picked":"bronze:DelayedGuard","floor":8},{"not_picked":["bronze:Shield","bronze:CutThrough"],"picked":"bronze:Iterate","floor":9},{"not_picked":["bronze:Allocate","bronze:ForLoop"],"picked":"bronze:DelayedSlice","floor":11},{"not_picked":["bronze:Deprecate","bronze:BugBarrage"],"picked":"bronze:Virus","floor":12},{"not_picked":["bronze:BitShift","bronze:NullPointer"],"picked":"bronze:Iterate","floor":13},{"not_picked":["bronze:Overheat","bronze:Turbo"],"picked":"bronze:Break","floor":14},{"not_picked":["bronze:Invalidate","bronze:BuggyMess"],"picked":"bronze:Shell","floor":15}],"player_experience":280240,"relics_obtained":[{"floor":5,"key":"Pen Nib"},{"floor":7,"key":"Regal Pillow"},{"floor":12,"key":"CeramicFish"}],"event_choices":[],"is_beta":false,"boss_relics":[],"items_purged_floors":[],"is_endless":false,"potions_floor_spawned":[2,6,9,12,15],"killed_by":"IC_STATUS_ARCHETYPE","ascension_level":0}}