{"host":"og6lam4kt3nibbw0","time":1611247217,"event":{"mods":["AchievementEnabler","BaseMod","Colored Map","DeckTracker","Highlight Path","Keyboard Shortcuts","Minty Spire (QoL Compilation)","Permanent Neow","Quick Restart","StSLib","SuperFastMode"],"gold_per_floor":[117,1,1,1,13,13,29,29,29,39,39,39,39,59,59,59,59],"floor_reached":16,"language":"KOR","playtime":375,"items_purged":["Decay"],"score":180,"play_id":"b2cb2f20-ef66-4601-a154-851568489d96","local_time":"20210122014017","is_ascension_mode":true,"campfire_choices":[{"data":"Blade Dance","floor":6.0,"key":"SMITH"},{"data":"Underhanded Strike","floor":8,"key":"SMITH"},{"floor":15,"key":"REST"}],"circlet_count":0,"master_deck":["AscendersBane","Strike_G","Strike_G","Strike_G","Strike_G","Strike_G","Defend_G","Defend_G","Defend_G","Defend_G","Survivor","Neutralize","After Image+1","Blade Dance+1","Infinite Blades","Underhanded Strike+1","PiercingWail","Cloak And Dagger","Prepared"],"relics":["Ring of the Snake","Sundial","Frozen Egg 2"],"acts_visited":["Exordium"],"potions_floor_usage":[16],"damage_taken":[{"damage":3.0,"enemies":"2 Louse","floor":1.0,"turns":3.0},{"damage":0.0,"enemies":"Cultist","floor":5.0,"turns":5.0},{"damage":0,"enemies":"Jaw Worm","floor":7,"turns":4},{"damage":9,"enemies":"3 Louse","floor":10,"turns":4},{"damage":0,"enemies":"2 Fungi Beasts","floor":14,"turns":3},{"damage":42,"enemies":"Hexaghost","floor":16,"turns":10}],"seed_played":"6443794095392575153","potions_obtained":[{"floor":5.0,"key":"GhostInAJar"},{"floor":14,"key":"LiquidBronze"}],"is_trial":false,"path_per_floor":["M","$","?","?","M","R","M","R","T","M","$","?","?","M","R","B"],"character_chosen":"THE_SILENT","items_purchased":["Infinite Blades"],"campfire_rested":1,"item_purchase_floors":[2],"current_hp_per_floor":[56,56,30,30,30,30,30,30,30,21,21,21,21,21,40,0,0],"gold":59,"neow_bonus":"THREE_RARE_CARDS","is_daily":false,"chose_seed":false,"campfire_upgraded":2,"win_rate":0.0,"timestamp":1611247217,"path_taken":["M","$","?","?","?","R","M","R","T","M","$","?","?","M","R","BOSS"],"items_purchased_type":["Card"],"build_version":"2020-12-22","purchased_purges":1,"victory":false,"max_hp_per_floor":[66,66,66,66,66,66,66,66,66,66,66,66,66,66,66,66,66],"card_choices":[{"not_picked":["Wraith Form v2","Adrenaline"],"picked":"After Image","floor":0.0},{"not_picked":["Prepared","Concentrate"],"picked":"Blade Dance","floor":1.0},{"not_picked":["Tactician","Deflect"],"picked":"Underhanded Strike","floor":5.0},{"not_picked":["Blade Dance","Flying Knee"],"picked":"PiercingWail","floor":7},{"not_picked":["Glass Knife","Slice"],"picked":"Cloak And Dagger","floor":10},{"not_picked":["Distraction","Deflect"],"picked":"Prepared","floor":14}],"player_experience":933710,"relics_obtained":[{"floor":9,"key":"Frozen Egg 2"}],"event_choices":[{"damage_healed":0.0,"max_hp_gain":0.0,"max_hp_loss":0.0,"gold_gain":0.0,"event_name":"Scrap Ooze","player_choice":"Success","floor":3.0,"gold_loss":0.0,"damage_taken":26.0,"relics_obtained":["Sundial"]},{"damage_healed":0.0,"max_hp_gain":0.0,"max_hp_loss":0.0,"gold_gain":0.0,"event_name":"Accursed Blacksmith","player_choice":"Forge","floor":4.0,"gold_loss":0.0,"damage_taken":0.0,"cards_upgraded":["After Image"]},{"damage_healed":0,"gold_gain":0,"player_choice":"Ignored","damage_taken":0,"max_hp_gain":0,"max_hp_loss":0,"event_name":"Liars Game","floor":12,"gold_loss":0},{"cards_removed":["Defend_G"],"damage_healed":0,"gold_gain":0,"player_choice":"Forget","damage_taken":0,"max_hp_gain":0,"max_hp_loss":0,"event_name":"Living Wall","floor":13,"gold_loss":0}],"is_beta":false,"boss_relics":[],"items_purged_floors":[2],"is_endless":false,"potions_floor_spawned":[5,14],"killed_by":"Hexaghost","ascension_level":20}}