{"host":"oiw60b5ins9fyx34","time":1611244467,"event":{"mods":["BaseMod","Colored Map","Colored Powertips","Minty Spire (QoL Compilation)","Permanent Neow","Quick Restart","Rare Cards Sparkle","Relic Stats","StSLib","The Cursed"],"gold_per_floor":[112,131,17,17,17,46,46,76,76,89,102,84,96,96,96,222,222,240,165,18,43,43,43,84,97,97,97,97],"floor_reached":27,"language":"JPN","playtime":1408,"items_purged":["Strike_B"],"score":255,"play_id":"6fa68740-2041-4df7-a0b7-83597ccab9ec","local_time":"20210122005427","is_ascension_mode":true,"campfire_choices":[{"floor":7,"key":"REST"},{"floor":15,"key":"REST"},{"floor":23,"key":"REST"}],"circlet_count":0,"master_deck":["Defend_B+1","Defend_B","Zap","Dualcast+1","Ball Lightning","Sunder","Loop","Cold Snap","Coolheaded","Consume","Seek","Hologram","FTL","Glacier","Biased Cognition","Ball Lightning","Capacitor","Skim","Turbo","Rainbow","Capacitor","Multi-Cast","Go for the Eyes"],"relics":["Cracked Core","CaptainsWheel","Kunai","Letter Opener","Dream Catcher","Golden Idol","Empty Cage","Sundial","Incense Burner"],"acts_visited":["Exordium","TheCity"],"potions_floor_usage":[16,16,24],"damage_taken":[{"damage":3,"enemies":"Jaw Worm","floor":1,"turns":4},{"damage":1,"enemies":"Cultist","floor":2,"turns":3},{"damage":18,"enemies":"3 Sentries","floor":6,"turns":5},{"damage":12,"enemies":"Gremlin Nob","floor":8,"turns":3},{"damage":0,"enemies":"Small Slimes","floor":10,"turns":3},{"damage":0,"enemies":"2 Fungi Beasts","floor":11,"turns":3},{"damage":7,"enemies":"Exordium Thugs","floor":12,"turns":4},{"damage":0,"enemies":"3 Louse","floor":13,"turns":2},{"damage":2,"enemies":"Slime Boss","floor":16,"turns":9},{"damage":30,"enemies":"3 Byrds","floor":18,"turns":5},{"damage":15,"enemies":"Chosen","floor":21,"turns":5},{"damage":15,"enemies":"Gremlin Leader","floor":24,"turns":7},{"damage":0,"enemies":"3 Cultists","floor":25,"turns":5},{"damage":18,"enemies":"Colosseum Slavers","floor":27,"turns":4},{"damage":14,"enemies":"Colosseum Nobs","floor":27,"turns":4}],"seed_played":"7649357327389813455","potions_obtained":[{"floor":1,"key":"Dexterity Potion"},{"floor":8,"key":"AttackPotion"},{"floor":11,"key":"DuplicationPotion"},{"floor":16,"key":"ColorlessPotion"},{"floor":21,"key":"BlessingOfTheForge"},{"floor":25,"key":"FocusPotion"}],"is_trial":false,"path_per_floor":["M","M","$","?","?","E","R","E","T","M","M","M","M","?","R","B",null,"M","?","$","M","?","R","E","M","T","?"],"character_chosen":"DEFECT","items_purchased":["Loop","Capacitor","Skim"],"campfire_rested":3,"item_purchase_floors":[3,20,20],"current_hp_per_floor":[51,50,50,35,28,10,32,20,20,20,20,13,13,13,33,31,69,39,39,39,24,24,44,29,29,29,0,0],"gold":97,"neow_bonus":"ONE_RARE_RELIC","is_daily":false,"chose_seed":false,"campfire_upgraded":0,"win_rate":0.0,"timestamp":1611244467,"path_taken":["M","M","$","?","?","E","R","E","T","?","M","M","M","?","R","BOSS","M","?","$","M","?","R","E","?","T","?"],"items_purchased_type":["Card","Card","Card"],"build_version":"2020-12-22","purchased_purges":1,"victory":false,"max_hp_per_floor":[75,75,75,75,75,75,75,75,75,75,75,75,75,69,69,69,69,69,69,69,69,69,69,69,69,69,69,69],"relic_stats":{"Dream Catcher":2,"counters":[15,64],"Golden Idol":70,"Sundial":[0],"Kunai":[5],"Letter Opener":[120],"obtain_stats":[{"CaptainsWheel":0,"Dream Catcher":9,"Golden Idol":14,"Sundial":24,"Incense Burner":26,"Kunai":6,"Letter Opener":8,"Cracked Core":0,"Empty Cage":17},{"CaptainsWheel":0,"Dream Catcher":4,"Golden Idol":8,"Sundial":12,"Incense Burner":13,"Kunai":3,"Letter Opener":4,"Cracked Core":0,"Empty Cage":9},{"CaptainsWheel":0,"Dream Catcher":15,"Golden Idol":27,"Sundial":51,"Incense Burner":56,"Kunai":12,"Letter Opener":15,"Cracked Core":0,"Empty Cage":35}]},"card_choices":[{"not_picked":["White Noise","Heatsinks"],"picked":"Ball Lightning","floor":1},{"not_picked":["Streamline","Redo"],"picked":"Sunder","floor":2},{"not_picked":["Sweeping Beam","Reprogram"],"picked":"Cold Snap","floor":6},{"not_picked":["Blizzard","Sweeping Beam"],"picked":"Coolheaded","floor":8},{"not_picked":["Steam","Barrage"],"picked":"Consume","floor":10},{"not_picked":["Rebound","Steam"],"picked":"Seek","floor":11},{"not_picked":["Cold Snap","Redo"],"picked":"Hologram","floor":12},{"not_picked":["Redo","Barrage"],"picked":"FTL","floor":13},{"not_picked":["Steam","Conserve Battery"],"picked":"Glacier","floor":15},{"not_picked":["Machine Learning","Multi-Cast"],"picked":"Biased Cognition","floor":16},{"not_picked":["Leap+1","Stack"],"picked":"Ball Lightning","floor":18},{"not_picked":["Double Energy+1","Sweeping Beam"],"picked":"Turbo","floor":21},{"not_picked":["Leap+1","Hologram"],"picked":"Multi-Cast","floor":23},{"not_picked":["Darkness","Fusion","Rebound"],"picked":"SKIP","floor":24},{"not_picked":["Undo","Sweeping Beam"],"picked":"Go for the Eyes","floor":25}],"player_experience":694373,"relics_obtained":[{"floor":6,"key":"Kunai"},{"floor":8,"key":"Letter Opener"},{"floor":9,"key":"Dream Catcher"},{"floor":24,"key":"Sundial"},{"floor":26,"key":"Incense Burner"}],"event_choices":[{"damage_healed":0,"gold_gain":0,"player_choice":"Entered Light","damage_taken":15,"max_hp_gain":0,"max_hp_loss":0,"event_name":"Shining Light","floor":4,"gold_loss":0,"cards_upgraded":["Dualcast","Defend_B"]},{"damage_healed":0,"gold_gain":0,"player_choice":"Damaged","damage_taken":7,"max_hp_gain":0,"max_hp_loss":0,"event_name":"Wheel of Change","floor":5,"gold_loss":0},{"damage_healed":0,"gold_gain":0,"player_choice":"Lose Max HP","damage_taken":0,"relics_obtained":["Golden Idol"],"max_hp_gain":0,"max_hp_loss":6,"event_name":"Golden Idol","floor":14,"gold_loss":0},{"cards_removed":["Strike_B"],"damage_healed":0,"gold_gain":0,"player_choice":"Gave Gold","damage_taken":0,"max_hp_gain":0,"max_hp_loss":0,"event_name":"Beggar","floor":19,"gold_loss":75},{"damage_healed":0,"gold_gain":0,"cards_transformed":["Defend_B","Defend_B"],"player_choice":"Became Test Subject","damage_taken":0,"max_hp_gain":0,"max_hp_loss":0,"event_name":"Drug Dealer","floor":22,"gold_loss":0,"cards_obtained":["Rainbow","Capacitor"]},{"damage_healed":0,"gold_gain":0,"player_choice":"Fight","damage_taken":0,"max_hp_gain":0,"max_hp_loss":0,"event_name":"Colosseum","floor":27,"gold_loss":0},{"damage_healed":0,"gold_gain":0,"player_choice":"Fought Nobs","damage_taken":0,"max_hp_gain":0,"max_hp_loss":0,"event_name":"Colosseum","floor":27,"gold_loss":0}],"is_beta":false,"boss_relics":[{"not_picked":["Calling Bell","SlaversCollar"],"picked":"Empty Cage"}],"items_purged_floors":[3],"is_endless":false,"potions_floor_spawned":[1,8,11,16,21,25],"killed_by":"Colosseum Nobs","ascension_level":1}}