{"host":"vm38gssijriejdfn","time":1611239441,"event":{"mods":["100% Spire Juice","AchievementEnabler","Act Like it!","Arknights The Spire","BaseMod","Better Match","Better Note","Better Sensory Stone","Better Synergies","Better Vampires","CCEM","Colored Map","Colored Powertips","Fireblade Mod","Gensokyo","GifTheSpireLib","Gold Saver","Good Game Mod","Hallownest","Infinite Spire","Minty Spire (QoL Compilation)","Rare Cards Sparkle","Reimu??????","Spicy Shops","StSLib","The Animator","Wandering Minibosses","???Mod?????????"],"gold_per_floor":[725,725,725,736,736,771,783,783,810,829,829,864,864,896,896,996,996,1015,1026,798,813,813,844,844,844,844,844,863,889,900,925,925,1026,1026,1196,1196,585,601,601,601,611,611,635,635,666,861,786,786,786,786],"floor_reached":51,"language":"ENG","playtime":5707,"items_purged":["ats:Strike S","ats:Strike G","ats:Strike V"],"score":806,"play_id":"2f67cbcb-fe52-4b5b-b151-99a2850a0ca3","local_time":"20210121083041","is_ascension_mode":false,"campfire_choices":[{"data":"ats:LN2 Cannon","floor":8.0,"key":"SMITH"},{"data":"ats:Sunburst","floor":11.0,"key":"SMITH"},{"data":"ats:Thermite Blade","floor":13.0,"key":"SMITH"},{"data":"ats:Emotion Absorption","floor":15.0,"key":"SMITH"},{"data":"ats:Apocalypse","floor":25.0,"key":"SMITH"},{"data":"infinitespire:TheBestDefense","floor":32.0,"key":"SMITH"},{"data":"DependentForm:ReiMu","floor":40.0,"key":"SMITH"},{"data":"ats:Durian","floor":42,"key":"SMITH"},{"data":"Gensokyo:ShootingStar","floor":49,"key":"SMITH"}],"circlet_count":0,"master_deck":["ats:Strike C","ats:Armor Crushing Shot+1","ats:Defend","ats:Defend","ats:Defend","ats:Defend","ats:Emotion Absorption+1","ats:Apocalypse+1","infinitespire:SevenWalls+1","ats:LN2 Cannon+1","ats:Mental Burst","ats:Sunburst+1","ats:Thermite Blade+1","ats:Healing Drone","ats:Wolf Pack","ats:Very Hot Blade+1","ats:Automatic Cover","ats:Volcano","Gensokyo:FourOfAKind","Gensokyo:FourOfAKind","Gensokyo:FourOfAKind","Gensokyo:FourOfAKind","ats:Demon Strength","ats:Calcification","infinitespire:TheBestDefense+1","Gensokyo:ShootingStar","ats:Roar Of Ursus","ats:Very Hot Blade+1","Madness+1","Gensokyo:ShootingStar+1","ats:Shadow Raid","Gensokyo:DreamlikeParadise+1","DependentForm:ReiMu+1","ats:Durian+1","Doubt","ats:Counter Healing Mode","ats:Volcano+1"],"relics":["ats:Sanity","REME:ComplimentaryCards","NeowsBlessing","Hallownest:DreamNailRelic","ats:Originium","Whetstone","infinitespire:PuzzleCube","Meat on the Bone","CCEMRelics:DerglesHeadphones","Coffee Dripper","infinitespire:CursedDice","CCEMRelics:TechnogenicHelmet","Gensokyo:RedStar","Smiling Mask","Bird Faced Urn","Cursed Key","DollysMirror","Medical Kit","Blue Candle","Omamori","CCEMRelics:GrapeVine","ats:Military Tradition","wanderingMiniBosses:LockLocket","infinitespire:Golems Mask"],"acts_visited":["Hallownest:Greenpath","Gensokyo:Gensokyoer","Gensokyo:Gensokyoest"],"potions_floor_usage":[],"damage_taken":[{"damage":0.0,"enemies":"Hallownest:monsterHuskGuard","floor":1.0,"turns":1.0},{"damage":0.0,"enemies":"Hallownest:2_Baldur","floor":4.0,"turns":4.0},{"damage":0.0,"enemies":"Hallownest:eliteMossKnight","floor":6.0,"turns":1.0},{"damage":7.0,"enemies":"Hallownest:2_MossCreeps","floor":7.0,"turns":6.0},{"damage":3.0,"enemies":"Hallownest:Wandering_and_Horned","floor":10.0,"turns":4.0},{"damage":0.0,"enemies":"Hallownest:eliteCrystalGuardian","floor":12.0,"turns":5.0},{"damage":0.0,"enemies":"Hallownest:eliteVengeflyKing","floor":14.0,"turns":5.0},{"damage":35.0,"enemies":"Hallownest:BossBrokenVessel","floor":16.0,"turns":10.0},{"damage":0.0,"enemies":"Gensokyo:AngelMirror","floor":18.0,"turns":2.0},{"damage":0.0,"enemies":"Gensokyo:CosmicMonolith","floor":19.0,"turns":5.0},{"damage":1.0,"enemies":"Gensokyo:Chomper_and_Gloop","floor":21.0,"turns":4.0},{"damage":23.0,"enemies":"Gensokyo:Reisen","floor":23.0,"turns":7.0},{"damage":3.0,"enemies":"Gensokyo:3_Gloops","floor":28.0,"turns":3.0},{"damage":0.0,"enemies":"Gensokyo:Slime_Group","floor":30.0,"turns":4.0},{"damage":17.0,"enemies":"Nightmare","floor":31.0,"turns":8.0},{"damage":20.0,"enemies":"Gensokyo:Kaguya","floor":33.0,"turns":10.0},{"damage":0.0,"enemies":"Gensokyo:3_Bats","floor":35.0,"turns":7.0},{"damage":0.0,"enemies":"Gensokyo:AncientGuardian","floor":38.0,"turns":3.0},{"damage":4.0,"enemies":"Gensokyo:AncientGuardian","floor":39.0,"turns":7.0},{"damage":0,"enemies":"Gensokyo:3_Boulders","floor":41,"turns":4},{"damage":39,"enemies":"Gensokyo:Kasen","floor":45,"turns":7},{"damage":9,"enemies":"Gensokyo:Rafflesia","floor":46,"turns":6},{"damage":1,"enemies":"Gensokyo:Shinki","floor":50,"turns":7}],"seed_played":"-7005080602476839571","potions_obtained":[{"floor":10.0,"key":"Weak Potion"},{"floor":12.0,"key":"LiquidMemories"},{"floor":14.0,"key":"GamblersBrew"},{"floor":16.0,"key":"ColorlessPotion"},{"floor":21.0,"key":"Block Potion"},{"floor":38.0,"key":"Strength Potion"},{"floor":46,"key":"Explosive Potion"}],"is_trial":false,"path_per_floor":["M","?","?","M","?","E","M","R","T","M","R","E","R","?","R","B",null,"M","M","$","M","?","E","AVR","R","T","?","M","T","M","NM","R","B",null,"M","?","$","M","?","R","M","R","T","T","E","M","?","?","R","B",null],"character_chosen":"DOCTOR_CLASS","items_purchased":["ats:Volcano","DollysMirror","Medical Kit","Blue Candle"],"campfire_rested":0,"item_purchase_floors":[20,37,37,37],"current_hp_per_floor":[72,54,54,64,73,73,76,76,76,78,78,81,81,81,81,61,81,81,81,81,80,57,50,50,57,57,57,54,54,57,43,55,57,57,57,57,57,57,57,57,57,57,57,57,57,54,54,32,44,57],"gold":786,"neow_bonus":"THREE_ENEMY_KILL","is_daily":false,"chose_seed":false,"campfire_upgraded":9,"win_rate":0.0,"timestamp":1611239441,"path_taken":["M","?","?","?","?","E","M","R","T","M","R","E","R","?","R","BOSS","M","M","$","M","?","E","AVR","R","T","?","M","?","M","NM","R","BOSS","M","?","$","M","?","R","M","R","T","?","E","?","?","?","R","BOSS"],"items_purchased_type":["Card","Relic","Relic","Relic"],"build_version":"2020-12-22","purchased_purges":3,"victory":true,"max_hp_per_floor":[72,72,72,72,81,81,81,81,81,81,81,81,81,81,81,81,81,81,81,81,81,57,57,57,57,57,57,57,57,57,57,57,57,57,57,57,57,57,57,57,57,57,57,57,57,57,57,57,57,57],"card_choices":[{"not_picked":["ats:Overload","ats:Revitalization"],"picked":"ats:Apocalypse","floor":1.0},{"not_picked":["infinitespire:Execution","infinitespire:NeuralNetwork"],"picked":"infinitespire:SevenWalls","floor":2.0},{"not_picked":["ats:Shell Defense","ats:Ignite"],"picked":"ats:LN2 Cannon","floor":4.0},{"not_picked":["ats:Hook Shot","ats:Magnetic Hammer"],"picked":"ats:Mental Burst","floor":6.0},{"not_picked":["ats:Sashimi Platter","ats:Curse Doll","ats:Steam Pump"],"picked":"SKIP","floor":7.0},{"not_picked":["ats:Ignite","ats:Apocalypse"],"picked":"ats:Sunburst","floor":10.0},{"not_picked":["ats:LN2 Cannon","ats:Consecutive Shot Auto"],"picked":"ats:Thermite Blade","floor":12.0},{"not_picked":["ats:Part Time Job","ats:Revitalization"],"picked":"ats:Healing Drone","floor":14.0},{"not_picked":["ats:Volcano","ats:Roar Of Ursus"],"picked":"ats:Wolf Pack","floor":16.0},{"not_picked":["ats:Ignite+1","ats:Mental Burst+1"],"picked":"ats:Very Hot Blade+1","floor":18.0},{"not_picked":["ats:Poison Spread","ats:Powerful Strike"],"picked":"ats:Automatic Cover","floor":19.0},{"not_picked":["ats:Hook Shot","ats:Poison Spread","ats:Consecutive Shot Auto+1"],"picked":"SKIP","floor":21.0},{"not_picked":["ats:Serious Mode","ats:Part Time Job","ats:Steam Pump"],"picked":"SKIP","floor":23.0},{"not_picked":["ats:Ignite","ats:Explosion Area Strengthen"],"picked":"ats:Demon Strength","floor":28.0},{"not_picked":["ats:Leaping Hammer","ats:Curse Doll","ats:Consecutive Shot Auto"],"picked":"SKIP","floor":30.0},{"not_picked":["ats:Flexible Camouflage","ats:Soul Rend"],"picked":"ats:Calcification","floor":31.0},{"not_picked":["infinitespire:Menacing","infinitespire:NeuralNetwork"],"picked":"infinitespire:TheBestDefense","floor":31.0},{"not_picked":[],"picked":"Gensokyo:ShootingStar","floor":33.0},{"not_picked":["ats:Dogmatic Field","ats:True Silver Slash"],"picked":"ats:Roar Of Ursus","floor":33.0},{"not_picked":["ats:Sashimi Platter+1","ats:Apocalypse"],"picked":"ats:Very Hot Blade+1","floor":35.0},{"not_picked":["Mind Blast+1","Discovery+1"],"picked":"Madness+1","floor":36.0},{"not_picked":["ats:Consecutive Shot Auto+1","ats:Rapid Magazine"],"picked":"ats:Shadow Raid","floor":38.0},{"not_picked":["Gensokyo:MorningStar+1","Gensokyo:Dawn+1"],"picked":"Gensokyo:DreamlikeParadise+1","floor":39.0},{"not_picked":["ats:Hammer On","ats:Leaping Hammer"],"picked":"ats:Durian","floor":41},{"not_picked":["ats:Ignite","ats:Red Shift"],"picked":"ats:Counter Healing Mode","floor":45},{"not_picked":["ats:Counter Healing Mode","ats:Powerful Strike","ats:Cat Scratch+1"],"picked":"SKIP","floor":46},{"not_picked":["ats:Calcification+1","ats:Shadow Assault+1"],"picked":"ats:Volcano+1","floor":47}],"player_experience":2522814,"relics_obtained":[{"floor":6.0,"key":"ats:Originium"},{"floor":6.0,"key":"Whetstone"},{"floor":9.0,"key":"infinitespire:PuzzleCube"},{"floor":12.0,"key":"ats:Originium"},{"floor":12.0,"key":"Meat on the Bone"},{"floor":14.0,"key":"ats:Originium"},{"floor":14.0,"key":"CCEMRelics:DerglesHeadphones"},{"floor":23.0,"key":"ats:Originium"},{"floor":23.0,"key":"infinitespire:CursedDice"},{"floor":29.0,"key":"Smiling Mask"},{"floor":31.0,"key":"Bird Faced Urn"},{"floor":43,"key":"Omamori"},{"floor":44,"key":"CCEMRelics:GrapeVine"},{"floor":45,"key":"ats:Military Tradition"},{"floor":46,"key":"wanderingMiniBosses:LockLocket"}],"event_choices":[{"damage_healed":0.0,"max_hp_gain":0.0,"max_hp_loss":0.0,"gold_gain":0.0,"event_name":"betterMatch:BetterMatch","player_choice":"2","floor":36.0,"gold_loss":0.0,"damage_taken":0.0,"cards_obtained":["betterMatch:ColorlessUncommonCard"]},{"damage_healed":0,"gold_gain":0,"player_choice":"2","damage_taken":0,"max_hp_gain":0,"max_hp_loss":0,"event_name":"betterMatch:BetterMatch","floor":47,"gold_loss":0,"cards_obtained":["betterMatch:RareCard"]}],"is_beta":false,"boss_relics":[{"not_picked":["Runic Dome","ats:Sanity Plus"],"picked":"Coffee Dripper"},{"not_picked":["CCEMRelics:TransientCore","SacredBark"],"picked":"Cursed Key"}],"items_purged_floors":[20,24,37],"is_endless":false,"potions_floor_spawned":[10,12,14,16,21,23,28,30,38,46],"ascension_level":0}}