{"host":"by9nexv7bw8pfn7u","time":1611233968,"event":{"mods":["BaseMod","Colored Powertips","Downfall","GifTheSpireLib","Minty Spire (QoL Compilation)","Random Character Button","StSLib","Unceasing Turn Reminder"],"gold_per_floor":[99,119,219,231,231,243,279,319,348,381,568,610,522,552,574,683,695,707,739,761,785,813,825,825,825],"floor_reached":23,"language":"ENG","playtime":1242,"items_purged":[],"score":213,"play_id":"2e28feb2-960a-41e4-9e91-37a23ed29e33","local_time":"20210121135928","is_ascension_mode":true,"campfire_choices":[{"data":"champ:StrikeOfGenius","floor":1,"key":"SMITH"},{"data":"champ:FlashCut","floor":6,"key":"SMITH"},{"floor":13,"key":"REST"},{"floor":18,"key":"RECALL"}],"circlet_count":0,"master_deck":["champ:Strike","champ:Strike","champ:Defend","champ:Defend","champ:Defend","champ:Defend","champ:Execute","champ:Taunt","Shame","champ:StrikeOfGenius+1","champ:StanceDance","champ:FlashCut+1","Regret","champ:HoldFirm","champ:ShieldSigil","Doubt","champ:DefensiveShout","champ:FlashCut","champ:HeavySlash","champ:GutPunch+1","champ:PreciseThrust"],"relics":["champ:ChampionCrown","MawBank","Juzu Bracelet","Odd Mushroom","Bottled Lightning","downfall:HeartBlessingBlue","SlaversCollar"],"acts_visited":["Exordium","TheCity"],"potions_floor_usage":[16,16,23,23],"damage_taken":[{"damage":5,"enemies":"Small Slimes","floor":2,"turns":4},{"damage":26,"enemies":"Cultist","floor":4,"turns":3},{"damage":46,"enemies":"Lagavulin","floor":8,"turns":6},{"damage":7,"enemies":"2 Louse","floor":9,"turns":3},{"damage":21,"enemies":"The Mushroom Lair","floor":10,"turns":5},{"damage":19,"enemies":"Gremlin Nob","floor":12,"turns":4},{"damage":16,"enemies":"Exordium Thugs","floor":14,"turns":4},{"damage":30,"enemies":"2 Fungi Beasts","floor":15,"turns":4},{"damage":18,"enemies":"DF_ARCHETYPE_STREAMLINE","floor":16,"turns":9},{"damage":4,"enemies":"Spheric Guardian","floor":19,"turns":3},{"damage":21,"enemies":"Centurion and Healer","floor":20,"turns":8},{"damage":31,"enemies":"Sentry and Sphere","floor":21,"turns":6},{"damage":35,"enemies":"Cultist and Chosen","floor":22,"turns":8},{"damage":51,"enemies":"Book of Stabbing","floor":23,"turns":6}],"seed_played":"-8612798194786915929","potions_obtained":[{"floor":8,"key":"SkillPotion"},{"floor":9,"key":"Guardian:BlockOnCardUsePotion"},{"floor":12,"key":"Regen Potion"},{"floor":14,"key":"Strength Potion"},{"floor":21,"key":"DistilledChaos"},{"floor":22,"key":"SneckoOil"}],"is_trial":false,"path_per_floor":["R","M","?","M","?","R","T","E","M","?","?","E","R","M","M","B",null,"R","M","M","M","M","E"],"character_chosen":"THE_CHAMP","items_purchased":[],"campfire_rested":1,"item_purchase_floors":[],"current_hp_per_floor":[90,90,90,89,89,89,89,63,56,45,45,36,73,67,62,59,100,100,96,85,64,44,0,0,0],"gold":825,"neow_bonus":"TRANSFORM_TWO_CARDS","is_daily":false,"chose_seed":false,"campfire_upgraded":2,"win_rate":0.0,"timestamp":1611233968,"path_taken":["R","M","?","?","?","R","T","E","M","?","?","E","R","M","M","BOSS","R","M","M","M","M","E"],"items_purchased_type":[],"build_version":"2020-12-22","purchased_purges":0,"victory":false,"max_hp_per_floor":[90,90,90,90,90,90,90,90,90,90,90,90,100,100,100,100,100,100,100,100,100,100,100,100,100],"card_choices":[{"not_picked":["champ:EndlessRage","champ:PerfectedStrike","champ:GutPunch"],"picked":"SKIP","floor":2},{"not_picked":["champ:EnGarde","champ:GladiatorStyle"],"picked":"champ:FlashCut","floor":4},{"not_picked":["champ:FlashCut","champ:BladeFlurry"],"picked":"champ:HoldFirm","floor":8},{"not_picked":["champ:Shatter","champ:FalseCounter"],"picked":"champ:ShieldSigil","floor":9},{"not_picked":["champ:SwordSigil","champ:StanceDance"],"picked":"champ:DefensiveShout","floor":12},{"not_picked":["champ:BerserkersShout","champ:Shatter","champ:FaceSlap"],"picked":"SKIP","floor":14},{"not_picked":["champ:ShieldThrow","champ:AdrenalArmor"],"picked":"champ:FlashCut","floor":15},{"not_picked":["champ:GladiatorForm","champ:UltimateStance"],"picked":"champ:HeavySlash","floor":16},{"not_picked":["champ:Backstep","champ:CrownThrow","champ:BerserkerStyle"],"picked":"SKIP","floor":19},{"not_picked":["champ:EnragedBash","champ:PreciseThrust"],"picked":"champ:GutPunch+1","floor":20},{"not_picked":["champ:FanOfKnives","champ:BerserkerStyle"],"picked":"champ:PreciseThrust","floor":21},{"not_picked":["champ:UltimateStance","champ:EnGarde","champ:FalseCounter"],"picked":"SKIP","floor":22}],"player_experience":1029123,"relics_obtained":[{"floor":8,"key":"Juzu Bracelet"},{"floor":10,"key":"Odd Mushroom"},{"floor":12,"key":"Bottled Lightning"}],"event_choices":[{"damage_healed":0,"gold_gain":0,"player_choice":"Box","damage_taken":0,"relics_obtained":["MawBank"],"max_hp_gain":0,"max_hp_loss":0,"event_name":"Big Fish","floor":5,"gold_loss":0,"cards_obtained":["Regret"]},{"damage_healed":0,"gold_gain":0,"player_choice":"Fought Mushrooms","damage_taken":0,"max_hp_gain":0,"max_hp_loss":0,"event_name":"Mushrooms","floor":10,"gold_loss":0}],"is_beta":false,"boss_relics":[{"not_picked":["Coffee Dripper","Snecko Eye"],"picked":"SlaversCollar"}],"items_purged_floors":[],"is_endless":false,"potions_floor_spawned":[8,9,12,14,21,22],"killed_by":"Book of Stabbing","ascension_level":1}}