{"host":"tyeg9214rgutn7tb","time":1611263601,"event":{"mods":["BaseMod","Colored Map","Custom Start","Downfall","Minty Spire (QoL Compilation)","StSLib"],"gold_per_floor":[99,118,133,152,162,10,36,53,53,53,88,115,115,140,150,150,150,150],"floor_reached":16,"language":"ENG","playtime":767,"items_purged":[],"score":192,"play_id":"54b8c39d-72d1-42cf-b597-5c81abfbf71f","local_time":"20210121221321","is_ascension_mode":true,"campfire_choices":[{"floor":1,"key":"RECALL"},{"floor":9,"key":"REST"}],"circlet_count":0,"master_deck":["sneckomod:Strike","sneckomod:Strike","sneckomod:Defend","sneckomod:Defend","sneckomod:Defend","sneckomod:TailWhip","sneckomod:SnekBite","sneckomod:Unknown","sneckomod:Unknown+1","sneckomod:QuickMove","sneckomod:UnknownClassBLUE","sneckomod:UnknownClassTHE_BRONZE_AUTOMATON","sneckomod:RainOfDice","sneckomod:UnknownVulnerable","sneckomod:UnknownBoss+1","sneckomod:Unknown1Cost","sneckomod:UnknownClassHEXA_GHOST_PURPLE","sneckomod:UnknownUncommonAttack","sneckomod:UnknownCommonAttack","sneckomod:UnknownClassPURPLE"],"relics":["Busted Crown","War Paint","Lantern","bronze:BronzeIdol","Odd Mushroom","Bottled Lightning"],"acts_visited":["Exordium"],"potions_floor_usage":[11,11,15,16,16],"damage_taken":[{"damage":0,"enemies":"2 Louse","floor":2,"turns":2},{"damage":6,"enemies":"Small Slimes","floor":3,"turns":3},{"damage":4,"enemies":"Jaw Worm","floor":4,"turns":3},{"damage":19,"enemies":"Large Slime","floor":5,"turns":5},{"damage":0,"enemies":"downfall:FleeingMerchant","floor":6,"turns":4},{"damage":14,"enemies":"Gremlin Gang","floor":8,"turns":4},{"damage":0,"enemies":"Gremlin Nob","floor":11,"turns":2},{"damage":13,"enemies":"The Mushroom Lair","floor":12,"turns":4},{"damage":6,"enemies":"3 Sentries","floor":14,"turns":8},{"damage":5,"enemies":"3 Louse","floor":15,"turns":6},{"damage":54,"enemies":"SI_SHIV_ARCHETYPE","floor":16,"turns":10}],"seed_played":"-7044801815162722394","potions_obtained":[{"floor":2,"key":"Swift Potion"},{"floor":3,"key":"Fire Potion"},{"floor":4,"key":"FearPotion"},{"floor":14,"key":"hexamod:SoulburnPotion"},{"floor":15,"key":"Block Potion"}],"is_trial":false,"path_per_floor":["R","M","M","M","M","$","T","M","R","?","E","?","?","E","M","B"],"character_chosen":"THE_SNECKO","items_purchased":["sneckomod:UnknownBoss"],"campfire_rested":1,"item_purchase_floors":[6],"current_hp_per_floor":[81,81,75,71,67,67,67,53,80,77,77,64,64,58,53,0,0,0],"gold":150,"neow_bonus":"BOSS_RELIC","is_daily":false,"chose_seed":false,"campfire_upgraded":0,"win_rate":0.0,"timestamp":1611263601,"path_taken":["R","M","M","M","M","$","T","M","R","?","E","?","?","E","M","BOSS"],"items_purchased_type":["Card"],"build_version":"2020-12-22","purchased_purges":0,"victory":false,"max_hp_per_floor":[90,90,90,90,90,90,90,90,90,90,90,90,90,90,90,90,90,90],"card_choices":[{"not_picked":[],"picked":"sneckomod:QuickMove","floor":2},{"not_picked":[],"picked":"sneckomod:UnknownClassBLUE","floor":3},{"not_picked":[],"picked":"sneckomod:UnknownClassTHE_BRONZE_AUTOMATON","floor":4},{"not_picked":["sneckomod:RainOfDice"],"picked":"SKIP","floor":5},{"not_picked":[],"picked":"sneckomod:RainOfDice","floor":5},{"not_picked":[],"picked":"sneckomod:UnknownVulnerable","floor":6},{"not_picked":["sneckomod:SoulDraw"],"picked":"SKIP","floor":8},{"not_picked":[],"picked":"sneckomod:Unknown1Cost","floor":11},{"not_picked":[],"picked":"sneckomod:UnknownClassHEXA_GHOST_PURPLE","floor":12},{"not_picked":[],"picked":"sneckomod:UnknownUncommonAttack","floor":14},{"not_picked":[],"picked":"sneckomod:UnknownCommonAttack","floor":14},{"not_picked":[],"picked":"sneckomod:UnknownClassPURPLE","floor":15}],"player_experience":709986,"relics_obtained":[{"floor":7,"key":"War Paint"},{"floor":11,"key":"bronze:BronzeIdol"},{"floor":12,"key":"Odd Mushroom"},{"floor":14,"key":"Bottled Lightning"}],"event_choices":[{"damage_healed":0,"gold_gain":0,"player_choice":"Success","damage_taken":3,"relics_obtained":["Lantern"],"max_hp_gain":0,"max_hp_loss":0,"event_name":"Scrap Ooze","floor":10,"gold_loss":0},{"damage_healed":0,"gold_gain":0,"player_choice":"Fought Mushrooms","damage_taken":0,"max_hp_gain":0,"max_hp_loss":0,"event_name":"Mushrooms","floor":12,"gold_loss":0}],"is_beta":false,"boss_relics":[],"items_purged_floors":[],"is_endless":false,"potions_floor_spawned":[2,3,4,5,14,15],"killed_by":"SI_SHIV_ARCHETYPE","ascension_level":8}}