{"host":"z7byfb4bpt09dh7e","time":1611203529,"event":{"mods":["Aspiration","BaseMod","BetterRewards","Displayed Cursed Tome","Downfall","Infinite Spire","Minty Spire (QoL Compilation)","StSLib","The Blue Laboratory","Uncapped"],"gold_per_floor":[99,119,131,131,42,42,67,64,86,127,159,200,112,139,163,280,292,304,327,339,369,400,147,147,158,169,182,182,199,29,29,49,144,144,144,156,159,176,190,240,240,259,159,159,170,22,42,3,23,23],"floor_reached":51,"language":"ENG","playtime":9081,"items_purged":[],"score":757,"play_id":"7ad3cbe1-025a-4093-bc5f-b14666af13d4","local_time":"20210120233209","is_ascension_mode":false,"campfire_choices":[{"floor":1,"key":"RECALL"},{"floor":13,"key":"REST"},{"data":"Guardian:BaubleBeam","floor":18,"key":"SMITH"},{"data":"expansioncontent:GuardianWhirl","floor":28,"key":"SMITH"},{"data":"Guardian:ConstructionForm","floor":35,"key":"SMITH"},{"data":"Guardian:PrismaticBeam","floor":43,"key":"SMITH"}],"circlet_count":0,"master_deck":["Guardian:Strike_Guardian","Guardian:Strike_Guardian","Guardian:Strike_Guardian","Guardian:Strike_Guardian","Guardian:Defend_Guardian","Guardian:Defend_Guardian","Guardian:Defend_Guardian","Guardian:Defend_Guardian","Guardian:CurlUp","Guardian:TwinSlam","Guardian:ChargeCore","Guardian:Incinerate","infinitespire:Starlight+1","Guardian:BaubleBeam+1","Guardian:Reroute","Guardian:TemporalShield","Guardian:TemporalStrike","Guardian:Reroute","Guardian:PiercingHide","Guardian:BaubleBeam+1","Guardian:Recover","Parasite","Guardian:TemporalShield+1","Guardian:DonusPower+1","Guardian:ChargeCore","Guardian:BronzeOrb","Guardian:ArmoredProtocol","expansioncontent:GuardianWhirl+1","Guardian:Preprogram+1","Guardian:BronzeOrb","Guardian:CrystalBeam+1","Guardian:FastForward","Dramatic Entrance","Guardian:ConstructionForm+1","Guardian:PrismaticBeam+1","Guardian:RevengeProtocol","Guardian:ExploitGems","Guardian:EvasiveProtocol","Guardian:TimeBomb+1","downfall:Aged","Guardian:TimeBomb","Guardian:Emergency","Guardian:SentryBeam+1","Guardian:Gem_Purple","Guardian:Suspension+1"],"relics":["Guardian:ModeShifter","Guardian:PickAxe","MawBank","Odd Mushroom","Smiling Mask","downfall:HeartBlessingRed","aspiration:RunicSpoon","Membership Card","Boot","infinitespire:Beetle Shell","aspiration:PoetsPen_weak","Anchor","Orichalcum","Sling","Torii","downfall:HeartBlessingBlue","Guardian:StasisEgg","Akabeko"],"acts_visited":["Exordium","TheCity","TheBeyond"],"potions_floor_usage":[12,12,16,16,23,30],"damage_taken":[{"damage":0,"enemies":"Small Slimes","floor":2,"turns":4},{"damage":2,"enemies":"2 Louse","floor":3,"turns":2},{"damage":5,"enemies":"downfall:FleeingMerchant","floor":5,"turns":4},{"damage":8,"enemies":"downfall:FleeingMerchant","floor":6,"turns":4},{"damage":7,"enemies":"downfall:FleeingMerchant","floor":8,"turns":4},{"damage":5,"enemies":"Jaw Worm","floor":9,"turns":3},{"damage":15,"enemies":"The Mushroom Lair","floor":10,"turns":5},{"damage":13,"enemies":"Blue Slaver","floor":11,"turns":3},{"damage":11,"enemies":"3 Sentries","floor":12,"turns":8},{"damage":3,"enemies":"Lots of Slimes","floor":14,"turns":3},{"damage":12,"enemies":"Red Slaver","floor":15,"turns":2},{"damage":31,"enemies":"IC_STATUS_ARCHETYPE","floor":16,"turns":11},{"damage":9,"enemies":"Shell Parasite","floor":19,"turns":3},{"damage":14,"enemies":"Snake Plant","floor":21,"turns":4},{"damage":16,"enemies":"Centurion and Healer","floor":22,"turns":6},{"damage":16,"enemies":"downfall:FleeingMerchant","floor":23,"turns":4},{"damage":4,"enemies":"Cultist and Chosen","floor":25,"turns":4},{"damage":11,"enemies":"Snake Plant","floor":26,"turns":3},{"damage":7,"enemies":"Centurion and Healer","floor":27,"turns":6},{"damage":18,"enemies":"Shelled Parasite and Fungi","floor":29,"turns":3},{"damage":25,"enemies":"downfall:FleeingMerchant","floor":30,"turns":4},{"damage":7,"enemies":"3 Cultists","floor":32,"turns":3},{"damage":10,"enemies":"SI_MIRROR_ARCHETYPE","floor":33,"turns":4},{"damage":5,"enemies":"3 Darklings","floor":36,"turns":2},{"damage":0,"enemies":"downfall:FleeingMerchant","floor":37,"turns":1},{"damage":0,"enemies":"3 Shapes","floor":38,"turns":1},{"damage":0,"enemies":"Spire Growth","floor":39,"turns":2},{"damage":8,"enemies":"Spire Growth","floor":40,"turns":4},{"damage":0,"enemies":"Transient","floor":42,"turns":3},{"damage":12,"enemies":"3 Darklings","floor":45,"turns":3},{"damage":15,"enemies":"Writhing Mass","floor":47,"turns":5},{"damage":15,"enemies":"Sphere and 2 Shapes","floor":49,"turns":2},{"damage":0,"enemies":"WA_ARCHETYPE_DIVINITY","floor":50,"turns":3}],"seed_played":"-3228426952682068394","potions_obtained":[{"floor":3,"key":"blueLaboratory:BottledHope"},{"floor":9,"key":"LiquidMemories"},{"floor":12,"key":"Weak Potion"},{"floor":14,"key":"EssenceOfSteel"},{"floor":15,"key":"Energy Potion"},{"floor":21,"key":"EssenceOfSteel"},{"floor":26,"key":"Weak Potion"},{"floor":27,"key":"sneckomod:MuddlingPotion"},{"floor":32,"key":"blueLaboratory:FruitPunch"},{"floor":36,"key":"blueLaboratory:ForbiddenFruitJuice"},{"floor":39,"key":"AttackPotion"}],"is_trial":false,"path_per_floor":["R","M","M","?","$","?","T","$","M","?","M","E","R","M","M","B",null,"R","M","?","M","M","$","T","M","M","M","R","M","$","?","M","B",null,"R","M","$","M","M","?","T","M","R","?","M","?","M","$","M","B",null],"character_chosen":"GUARDIAN","items_purchased":["Guardian:Reroute","Guardian:Gem_Cyan","Membership Card","Guardian:BronzeOrb","Guardian:ArmoredProtocol","expansioncontent:GuardianWhirl","Guardian:Gem_White","infinitespire:Beetle Shell","Dramatic Entrance","Guardian:Gem_Red","Guardian:ExploitGems","Anchor","Orichalcum","Sling","Guardian:EvasiveProtocol","Akabeko","Guardian:TimeBomb","Guardian:Emergency","Guardian:Gem_Purple"],"campfire_rested":1,"item_purchase_floors":[5,5,23,23,23,23,30,30,30,37,37,37,37,37,37,46,46,46,48],"current_hp_per_floor":[88,88,86,63,68,58,58,61,56,51,38,37,63,70,58,37,88,88,80,80,81,80,79,79,75,79,81,81,63,38,67,75,80,88,88,83,83,83,83,75,75,75,85,85,73,73,98,98,83,83],"gold":23,"neow_bonus":"TEN_PERCENT_HP_BONUS","is_daily":false,"chose_seed":false,"campfire_upgraded":4,"win_rate":0.0,"timestamp":1611203529,"path_taken":["R","M","M","?","$","?","T","$","M","?","?","E","R","M","M","BOSS","R","M","?","?","?","?","T","M","M","M","R","M","$","?","M","BOSS","R","M","$","M","M","?","T","M","R","?","M","?","M","?","M","BOSS"],"items_purchased_type":["Card","Card","Relic","Card","Card","Card","Card","Relic","Card","Card","Card","Relic","Relic","Relic","Card","Relic","Card","Card","Card"],"build_version":"2020-12-22","purchased_purges":0,"victory":true,"max_hp_per_floor":[88,88,88,88,88,88,88,88,88,88,88,88,88,88,88,88,88,88,88,88,88,88,88,88,88,88,88,88,88,88,88,88,88,88,88,88,88,88,88,88,88,88,98,98,98,98,98,98,98,98],"card_choices":[{"not_picked":["Guardian:WalkerClaw","Guardian:RollAttack"],"picked":"Guardian:ChargeCore","floor":2},{"not_picked":["Guardian:PrimingBeam","Guardian:ChargeCore"],"picked":"Guardian:Incinerate","floor":3},{"not_picked":["infinitespire:NeuralNetwork","infinitespire:SealOfDarkness+"],"picked":"infinitespire:Starlight","floor":4},{"not_picked":["Guardian:Gem_Cyan","Guardian:DecasProtection"],"picked":"Guardian:BaubleBeam","floor":5},{"not_picked":["Guardian:Repulse","Guardian:RollAttack"],"picked":"Guardian:Gem_Lightblue","floor":8},{"not_picked":["Guardian:MultiBeam","Guardian:Suspension"],"picked":"Guardian:TemporalShield","floor":9},{"not_picked":["Guardian:VentSteam","Guardian:Incinerate"],"picked":"Guardian:TemporalStrike","floor":10},{"not_picked":["Guardian:MultiBeam","Guardian:CrystalBeam"],"picked":"Guardian:Gem_Green","floor":11},{"not_picked":["Guardian:TimeCapacitor","Guardian:RollAttack"],"picked":"Guardian:Reroute","floor":12},{"not_picked":["Guardian:TimeCapacitor","Guardian:SpikerProtocol"],"picked":"Guardian:PiercingHide","floor":14},{"not_picked":["Guardian:Suspension","Guardian:BodySlam"],"picked":"Guardian:Gem_Orange","floor":15},{"not_picked":["Guardian:Gem_Orange","Guardian:Gem_Synthetic"],"picked":"Guardian:BaubleBeam","floor":16},{"not_picked":["Guardian:Gem_Purple","Guardian:Suspension"],"picked":"Guardian:Recover","floor":19},{"not_picked":["Guardian:PrimingBeam","Guardian:DonusPower"],"picked":"Guardian:TemporalShield+1","floor":21},{"not_picked":["Guardian:Incinerate","Guardian:Gem_Fragmented"],"picked":"Guardian:DonusPower+1","floor":22},{"not_picked":["Guardian:Gem_Green","Guardian:RefractedBeam"],"picked":"Guardian:ChargeCore","floor":23},{"not_picked":["Guardian:RollAttack","Guardian:DonusPower"],"picked":"Guardian:Preprogram+1","floor":25},{"not_picked":["Guardian:GuardianWhirl","Guardian:Clone"],"picked":"Guardian:BronzeOrb","floor":26},{"not_picked":["Guardian:Suspension","Guardian:Recover+1"],"picked":"Guardian:CrystalBeam+1","floor":27},{"not_picked":["Guardian:WalkerClaw+1","Guardian:TemporalShield"],"picked":"Guardian:FastForward","floor":29},{"not_picked":["Guardian:Planning","Guardian:Incinerate+1"],"picked":"Guardian:Gem_Red","floor":30},{"not_picked":["Guardian:Gem_Lightblue","Guardian:CrystalBeam"],"picked":"Guardian:Gem_Orange","floor":32},{"not_picked":["Guardian:FastForward","Guardian:StasisStrike"],"picked":"Guardian:ConstructionForm","floor":33},{"not_picked":["Guardian:ChargeCore+1","Guardian:Gem_Lightblue"],"picked":"Guardian:PrismaticBeam","floor":36},{"not_picked":["Guardian:Gem_Cyan","Guardian:Repulse+1"],"picked":"Guardian:RevengeProtocol","floor":37},{"not_picked":["Guardian:ChargeCore","Guardian:TemporalStrike"],"picked":"Guardian:Gem_Red","floor":38},{"not_picked":["Guardian:RevengeProtocol","Guardian:TemporalStrike+1"],"picked":"Guardian:Gem_Blue","floor":39},{"not_picked":["Guardian:PrimingBeam","Guardian:BodySlam"],"picked":"Guardian:Gem_Yellow","floor":40},{"not_picked":["Guardian:PiercingHide+1","Guardian:VentSteam+1"],"picked":"Guardian:TimeBomb+1","floor":42},{"not_picked":["Guardian:Recover+1","Guardian:VentSteam","Guardian:MultiBeam+1"],"picked":"SKIP","floor":45},{"not_picked":["Guardian:ConstructionForm","Guardian:Gem_Cyan"],"picked":"Guardian:SentryBeam+1","floor":47},{"not_picked":["Guardian:ShieldCharger","Guardian:Repulse+1"],"picked":"Guardian:Suspension+1","floor":49}],"player_experience":274092,"relics_obtained":[{"floor":7,"key":"MawBank"},{"floor":10,"key":"Odd Mushroom"},{"floor":12,"key":"Smiling Mask"},{"floor":24,"key":"Boot"},{"floor":40,"key":"Torii"}],"event_choices":[{"damage_healed":0,"gold_gain":0,"player_choice":"Fought Mushrooms","damage_taken":0,"max_hp_gain":0,"max_hp_loss":0,"event_name":"Mushrooms","floor":10,"gold_loss":0},{"damage_healed":29,"gold_gain":0,"player_choice":"Heal","damage_taken":0,"max_hp_gain":0,"max_hp_loss":0,"event_name":"The Library","floor":31,"gold_loss":0}],"is_beta":false,"boss_relics":[{"not_picked":["Pandora\u0027s Box","Cursed Key"],"picked":"aspiration:RunicSpoon"},{"not_picked":["Runic Pyramid","Calling Bell"],"picked":"aspiration:PoetsPen_weak"}],"items_purged_floors":[],"is_endless":false,"potions_floor_spawned":[3,9,12,14,15,21,26,27,29,32,36,39],"ascension_level":0}}