{"host":"ktoxvvst1mwxww91","time":1611221772,"event":{"mods":["BaseMod","Downfall","Hermit","Minty Spire (QoL Compilation)","StSLib","The Blackbeard","The Hierophant","The Mystic","The Necromancer"],"gold_per_floor":[99,99,99,99,99,133,133,583,89,89,104,204,204,217,235,335,335,235,248,257,284,284,310,334,372,372,389,389,102,102,184,195,298,298,298,315,326,25,44,72,72,121,121,121,121],"floor_reached":43,"language":"ENG","playtime":1702,"items_purged":["downfall:Malfunctioning","downfall:Icky","downfall:Icky","Pride"],"score":484,"play_id":"da38097b-a256-4ab4-aac1-6d1218766181","local_time":"20210121103612","is_ascension_mode":true,"campfire_choices":[{"data":"bronze:Replicate","floor":1,"key":"SMITH"},{"data":"bronze:InfiniteLoop","floor":10,"key":"SMITH"},{"data":"bronze:Virus","floor":18,"key":"SMITH"},{"data":"bronze:Repulsor","floor":26,"key":"SMITH"},{"floor":28,"key":"REST"},{"data":"bronze:Constructor","floor":35,"key":"SMITH"}],"circlet_count":0,"master_deck":["bronze:Defend","bronze:Defend","bronze:Defend","bronze:Defend","bronze:Replicate+1","bronze:Goto","bronze:Optimize+1","bronze:FollowUp","bronze:OilSpill","bronze:Branch","downfall:Icky","bronze:InfiniteLoop+1","bronze:InfiniteLoop","bronze:FunctionCard","bronze:Invalidate","bronze:Branch","bronze:Virus+1","Slimebound:Tackle+1","Slimebound:Tackle+1","Slimebound:Tackle+1","bronze:Repulsor+1","bronze:Iterate+1","bronze:ForceShield","bronze:Branch","bronze:Constructor+1","bronze:Boost","bronze:ChildClass+1","bronze:Constructor"],"relics":["bronze:BronzeCore","downfall:HeartsMalice","Unceasing Top","Gremlin Horn","DollysMirror","Shuriken","Busted Crown","downfall:HeartBlessingGreen","CeramicFish","Anchor","Tiny Chest","Darkstone Periapt","Lantern","hexamod:CandleOfCauterizing","Orrery","Snecko Eye","Strawberry","InkBottle","PreservedInsect"],"acts_visited":["Exordium","TheCity","TheBeyond"],"potions_floor_usage":[16,16,16,25,33,36,39],"damage_taken":[{"damage":0,"enemies":"Small Slimes","floor":2,"turns":1},{"damage":0,"enemies":"2 Louse","floor":3,"turns":1},{"damage":0,"enemies":"Jaw Worm","floor":5,"turns":1},{"damage":46,"enemies":"Gremlin Nob","floor":6,"turns":5},{"damage":2,"enemies":"downfall:FleeingMerchant","floor":9,"turns":4},{"damage":12,"enemies":"2 Fungi Beasts","floor":11,"turns":2},{"damage":0,"enemies":"Large Slime","floor":14,"turns":4},{"damage":0,"enemies":"Exordium Wildlife","floor":15,"turns":2},{"damage":20,"enemies":"IC_STATUS_ARCHETYPE","floor":16,"turns":3},{"damage":6,"enemies":"Chosen","floor":19,"turns":2},{"damage":0,"enemies":"Spheric Guardian","floor":23,"turns":3},{"damage":10,"enemies":"Book of Stabbing","floor":25,"turns":3},{"damage":31,"enemies":"Shelled Parasite and Fungi","floor":27,"turns":3},{"damage":3,"enemies":"downfall:FleeingMerchant","floor":29,"turns":4},{"damage":5,"enemies":"downfall:FleeingMerchant","floor":31,"turns":4},{"damage":0,"enemies":"Snecko","floor":32,"turns":3},{"damage":18,"enemies":"DF_ARCHETYPE_CLAW","floor":33,"turns":7},{"damage":2,"enemies":"3 Darklings","floor":36,"turns":3},{"damage":0,"enemies":"3 Shapes","floor":37,"turns":4},{"damage":0,"enemies":"Jaw Worm Horde","floor":39,"turns":2},{"damage":20,"enemies":"Writhing Mass","floor":40,"turns":3},{"damage":61,"enemies":"Nemesis","floor":43,"turns":4}],"seed_played":"-5334650121394537442","potions_obtained":[{"floor":6,"key":"BlessingOfTheForge"},{"floor":11,"key":"PowerPotion"},{"floor":15,"key":"AttackPotion"},{"floor":19,"key":"AttackPotion"},{"floor":32,"key":"LiquidBronze"},{"floor":33,"key":"Dexterity Potion"},{"floor":37,"key":"bronze:FreeFunctionsPotion"},{"floor":40,"key":"ColorlessPotion"}],"is_trial":false,"path_per_floor":["R","M","M","?","M","E","T","?","$","R","M","?","?","M","M","B",null,"R","M","?","?","?","M","T","E","R","M","R","$","T","$","M","B",null,"R","M","M","$","M","M","T","T","E"],"character_chosen":"THE_AUTOMATON","items_purchased":["DollysMirror","Shuriken","bronze:Branch","Lantern","Orrery","Strawberry"],"campfire_rested":1,"item_purchase_floors":[9,9,29,29,31,38],"current_hp_per_floor":[70,70,70,70,70,24,24,24,22,22,10,10,33,33,33,13,70,70,64,64,64,57,57,57,47,47,16,37,34,34,29,29,11,70,70,68,68,75,75,55,55,55,0,0,0],"gold":121,"neow_bonus":"THREE_ENEMY_KILL","is_daily":false,"chose_seed":false,"campfire_upgraded":5,"win_rate":0.0,"timestamp":1611221772,"path_taken":["R","M","M","?","M","E","T","?","$","R","M","?","?","?","M","BOSS","R","M","?","?","?","?","T","E","R","M","R","?","?","$","M","BOSS","R","M","M","$","M","?","T","?","E"],"items_purchased_type":["Relic","Relic","Card","Relic","Relic","Relic"],"build_version":"2020-12-22","purchased_purges":4,"victory":false,"max_hp_per_floor":[70,70,70,70,70,70,70,70,70,70,70,70,70,70,70,70,70,70,70,70,70,70,70,70,70,70,70,70,70,70,70,70,70,70,70,70,70,77,77,77,77,77,77,77,77],"card_choices":[{"not_picked":["bronze:BugBarrage","bronze:Turbo"],"picked":"bronze:Optimize","floor":2},{"not_picked":["bronze:Turbo","bronze:Overheat"],"picked":"bronze:FollowUp","floor":3},{"not_picked":["bronze:ClassDefault","bronze:DelayedSlice"],"picked":"bronze:OilSpill","floor":5},{"not_picked":["bronze:ChildClass","bronze:Repulsor"],"picked":"bronze:Branch","floor":6},{"not_picked":["bronze:Branch","bronze:FineTuning"],"picked":"bronze:InfiniteLoop","floor":9},{"not_picked":["bronze:WhirlingStrike","bronze:Optimize"],"picked":"bronze:Hardcode","floor":11},{"not_picked":["bronze:WhirlingStrike","bronze:BitShift"],"picked":"bronze:Invalidate","floor":14},{"not_picked":["bronze:Shell","bronze:BitShift"],"picked":"bronze:Branch","floor":15},{"not_picked":["bronze:RecursiveStrike","bronze:BurnOut"],"picked":"bronze:Virus","floor":16},{"not_picked":["bronze:Overload"],"picked":"SKIP","floor":19},{"not_picked":[],"picked":"bronze:Repulsor","floor":23},{"not_picked":[],"picked":"bronze:Iterate+1","floor":25},{"not_picked":["bronze:BuggyMess+1"],"picked":"SKIP","floor":27},{"not_picked":[],"picked":"bronze:ForceShield","floor":29},{"not_picked":["bronze:ForLoop"],"picked":"SKIP","floor":31},{"not_picked":[],"picked":"bronze:Constructor","floor":31},{"not_picked":[],"picked":"bronze:Boost","floor":31},{"not_picked":[],"picked":"bronze:ChildClass+1","floor":31},{"not_picked":["bronze:ForLoop"],"picked":"SKIP","floor":32},{"not_picked":["bronze:ClassDefault"],"picked":"SKIP","floor":36},{"not_picked":["bronze:WhirlingStrike+1"],"picked":"SKIP","floor":37},{"not_picked":["bronze:Fortify"],"picked":"SKIP","floor":39},{"not_picked":[],"picked":"bronze:Constructor","floor":40}],"player_experience":1155786,"relics_obtained":[{"floor":6,"key":"Unceasing Top"},{"floor":7,"key":"Gremlin Horn"},{"floor":24,"key":"Tiny Chest"},{"floor":25,"key":"Darkstone Periapt"},{"floor":30,"key":"hexamod:CandleOfCauterizing"},{"floor":41,"key":"InkBottle"},{"floor":42,"key":"PreservedInsect"}],"event_choices":[{"damage_healed":23,"gold_gain":0,"player_choice":"Banana","damage_taken":0,"max_hp_gain":0,"max_hp_loss":0,"event_name":"Big Fish","floor":13,"gold_loss":0},{"damage_healed":0,"gold_gain":0,"player_choice":"Stole Relic","damage_taken":0,"relics_obtained":["CeramicFish"],"max_hp_gain":0,"max_hp_loss":0,"event_name":"Addict","floor":20,"gold_loss":0,"cards_obtained":["Pride"]},{"damage_healed":0,"gold_gain":0,"player_choice":"Anchor","damage_taken":0,"relics_obtained":["Anchor"],"max_hp_gain":0,"max_hp_loss":0,"event_name":"blackbeard:ShipwreckEvent","floor":22,"gold_loss":0}],"is_beta":false,"boss_relics":[{"not_picked":["Coffee Dripper","Black Star"],"picked":"Busted Crown"},{"not_picked":["Velvet Choker","Pandora\u0027s Box"],"picked":"Snecko Eye"}],"items_purged_floors":[9,29,31,38],"is_endless":false,"potions_floor_spawned":[6,11,15,19,32,33,37,40],"killed_by":"Nemesis","ascension_level":2}}