{"host":"qswkx8hggytna0kc","time":1611230173,"event":{"mods":["Aspiration","BaseMod","BetterRewards","Colored Map","Colored Powertips","Highlight Path","Hubris","Mimic Mod","Minty Spire (QoL Compilation)","MostiFishMod","Quick Restart","Replay The Spire","StSLib","SuperFastMode"],"gold_per_floor":[112,162,180,193,212,212,222,232,270,270,285,300,300,334,334,406,406,420,438,448,206,126,156,168,168,198,298,298,308,342,353,278,354,354,367,367,53,66,84,109,128,128,206,206,220,250,167,186,186,186,186,186,186,322,347,347],"floor_reached":57,"language":"ZHS","playtime":6585,"items_purged":["Strike_G"],"score":2620,"play_id":"7de6709b-b517-40b0-9e5f-bccd884273f1","local_time":"20210121195613","is_ascension_mode":true,"campfire_choices":[{"data":"MostiFishMod:Dislodge","floor":6.0,"key":"SMITH"},{"data":"Cloak And Dagger","floor":10.0,"key":"SMITH"},{"data":"TalkToTheHand","floor":13.0,"key":"SMITH"},{"floor":15.0,"key":"DIG"},{"data":"MostiFishMod:GrandStart","floor":28,"key":"SMITH"},{"floor":42,"key":"RECALL"},{"data":"Prepared","floor":44,"key":"SMITH"},{"data":"Calculated Gamble","floor":49,"key":"SMITH"},{"data":"Strike_G","floor":53,"key":"PURGE"}],"circlet_count":1,"master_deck":["AscendersBane","Strike_G","Strike_G","Defend_G","Defend_G","Defend_G","Defend_G","Defend_G","Survivor","Neutralize","Endless Agony","Acrobatics","Cloak And Dagger+1","MostiFishMod:Dislodge+1","Underhanded Strike","All Out Attack","TalkToTheHand+1","JustLucky","MostiFishMod:GrandStart","MostiFishMod:GrandStart+1","Escape Plan","Envenom","Deflect","Expertise","Prepared+1","Concentrate","Noxious Fumes","Unload","A Thousand Cuts+1","Backstab","Glass Knife","Tactician","Reflex","MostiFishMod:PreservedThorns+1","Acrobatics+1","Calculated Gamble+1","Acrobatics","MostiFishMod:PreservedThorns","After Image","Escape Plan","MostiFishMod:Listen"],"relics":["Ring of the Snake","DaveBox","Nloth\u0027s Gift","aspiration:Nostalgia","Replay:M_StaffOfTheSnake","SynthV:TestCard","Toy Ornithopter","HornCleat","hubris:Reverence","HereWithMe","SynthV","hubris:ToyBattleship","Circlet","Ornamental Fan","Prayer Wheel","Sundial","DianPoetry","ChewingGum","SentryEyes","Letter Opener","Peace Pipe","hubris:NiceRug","Strawberry","ThornShield","Strange Spoon","Pear"],"acts_visited":["Exordium","TheCity","TheBeyond","TheEnding"],"potions_floor_usage":[30,51,51,56,56],"damage_taken":[{"damage":1.0,"enemies":"Small Slimes","floor":1.0,"turns":4.0},{"damage":1.0,"enemies":"Cultist","floor":3.0,"turns":4.0},{"damage":0.0,"enemies":"2 Louse","floor":4.0,"turns":4.0},{"damage":0.0,"enemies":"2 Fungi Beasts","floor":5.0,"turns":5.0},{"damage":2.0,"enemies":"Red Slaver","floor":7.0,"turns":6.0},{"damage":0.0,"enemies":"Blue Slaver","floor":8.0,"turns":2.0},{"damage":2.0,"enemies":"Exordium Wildlife","floor":9.0,"turns":10.0},{"damage":0.0,"enemies":"Exordium Wildlife","floor":11.0,"turns":5.0},{"damage":0.0,"enemies":"Exordium Thugs","floor":12.0,"turns":3.0},{"damage":11.0,"enemies":"Lagavulin","floor":14.0,"turns":10.0},{"damage":9.0,"enemies":"The Guardian","floor":16.0,"turns":14.0},{"damage":10.0,"enemies":"Chosen","floor":18.0,"turns":5.0},{"damage":0.0,"enemies":"Spheric Guardian","floor":19.0,"turns":1.0},{"damage":0.0,"enemies":"Snake Plant","floor":20.0,"turns":3.0},{"damage":0.0,"enemies":"Gremlin Leader","floor":23.0,"turns":6.0},{"damage":0,"enemies":"Centurion and Healer","floor":24,"turns":1},{"damage":2,"enemies":"3 Cultists","floor":26,"turns":7},{"damage":0,"enemies":"Colosseum Slavers","floor":27,"turns":3},{"damage":0,"enemies":"Colosseum Nobs","floor":27,"turns":2},{"damage":0,"enemies":"3 Cultists","floor":29,"turns":1},{"damage":0,"enemies":"Book of Stabbing","floor":30,"turns":3},{"damage":0,"enemies":"Shelled Parasite and Fungi","floor":31,"turns":1},{"damage":13,"enemies":"hubris:MusketHawk","floor":33,"turns":5},{"damage":0,"enemies":"3 Darklings","floor":35,"turns":1},{"damage":0,"enemies":"3 Shapes","floor":38,"turns":1},{"damage":0,"enemies":"Spire Growth","floor":39,"turns":1},{"damage":0,"enemies":"R_Hoarder","floor":40,"turns":4},{"damage":0,"enemies":"Maw","floor":41,"turns":4},{"damage":7,"enemies":"4 Shapes","floor":45,"turns":1},{"damage":0,"enemies":"Nemesis","floor":46,"turns":2},{"damage":0,"enemies":"3 Darklings","floor":48,"turns":1},{"damage":0,"enemies":"Replay:Hell Engine","floor":50,"turns":5},{"damage":37,"enemies":"Awakened One","floor":51,"turns":5},{"damage":0,"enemies":"hubris:Merchant","floor":54,"turns":5},{"damage":0,"enemies":"Shield and Spear","floor":55,"turns":2},{"damage":39,"enemies":"The Heart","floor":56,"turns":5}],"seed_played":"1713170959120644364","potions_obtained":[{"floor":1.0,"key":"Swift Potion"},{"floor":5.0,"key":"Regen Potion"},{"floor":11.0,"key":"GhostInAJar"},{"floor":14.0,"key":"Toxic Potion"},{"floor":19.0,"key":"EntropicBrew"},{"floor":27,"key":"Swift Potion"},{"floor":31,"key":"Adrenaline Potion"},{"floor":54,"key":"Poison Potion"},{"floor":54,"key":"FearPotion"},{"floor":54,"key":"LiquidMemories"}],"is_trial":false,"path_per_floor":["M","?","M","M","M","R","M","M","MIM","R","M","M","R","E","R_BF","B",null,"M","M","M","$","?","E","M","?","MIM","?","R","M","E","M","R_BF","B",null,"M","?","$","M","M","E","M","R","T","R","M","E","$","M","R","B","B",null,"R","$","E","B",null],"character_chosen":"THE_SILENT","items_purchased":["SynthV","SentryEyes","MostiFishMod:PreservedThorns","After Image","Escape Plan"],"campfire_rested":0,"item_purchase_floors":[21,37,47,54,54],"current_hp_per_floor":[58,52,51,51,51,51,49,49,47,47,66,66,66,55,55,46,61,51,51,61,61,61,66,66,66,64,64,64,64,66,66,66,53,63,63,63,63,63,63,63,63,63,63,63,56,56,56,56,56,56,29,57,57,65,75,46],"gold":347,"neow_bonus":"NOSTALGIA","is_daily":false,"chose_seed":false,"campfire_upgraded":6,"win_rate":0.0,"timestamp":1611230173,"path_taken":["M","?","M","M","M","R","M","M","MIM","R","M","M","R","E","R_BF","BOSS","M","M","M","$","?","E","M","?","MIM","?","R","M","E","M","R_BF","BOSS","M","?","?","M","?","E","M","R","T","R","M","E","$","M","R","BOSS","BOSS","R","$","E","BOSS"],"items_purchased_type":["Relic","Relic","Card","Card","Card"],"build_version":"2020-12-22","purchased_purges":1,"victory":true,"max_hp_per_floor":[66,66,66,66,66,66,66,66,66,66,66,66,66,66,66,66,66,66,66,66,66,66,66,66,66,66,66,66,66,66,66,66,66,66,66,66,66,66,66,66,66,66,66,66,66,66,66,66,66,66,66,66,66,73,83,83],"card_choices":[{"not_picked":["Bane","Concentrate"],"picked":"Endless Agony","floor":1.0},{"not_picked":["ReplayTheSpireMod:Tripwire","PiercingWail","Dagger Throw","Tactician"],"picked":"Acrobatics","floor":3.0},{"not_picked":["Acrobatics","Backflip","Dagger Spray","hubris:SlightOfHand"],"picked":"Cloak And Dagger","floor":4.0},{"not_picked":["Acrobatics","ReplayTheSpireMod:Exploit Weakness","Dodge and Roll","Flying Knee"],"picked":"MostiFishMod:Dislodge","floor":5.0},{"not_picked":["Finisher","Blade Dance","Expertise","Storm of Steel"],"picked":"Underhanded Strike","floor":7.0},{"not_picked":["Nirvana","Blade Dance","Distraction","ReplayTheSpireMod:The Works"],"picked":"All Out Attack","floor":8.0},{"not_picked":["Flying Knee","Phantasmal Killer","Deadly Poison","Reflex"],"picked":"TalkToTheHand","floor":11.0},{"not_picked":["CutThroughFate","Crescendo","Deadly Poison","Dodge and Roll"],"picked":"JustLucky","floor":12.0},{"not_picked":["MostiFishMod:Listen","Toxin Wave","MostiFishMod:AdrenalineArouse","Flying Knee"],"picked":"MostiFishMod:GrandStart","floor":14.0},{"not_picked":["Night Terror","Phantasmal Killer","MostiFishMod:FullyArmed","ReplayTheSpireMod:From All Sides"],"picked":"MostiFishMod:GrandStart","floor":16.0},{"not_picked":["Slice","Fluid Movement","Backstab","Underhanded Strike"],"picked":"Escape Plan","floor":18.0},{"not_picked":["Backflip","hubris:SlightOfHand","MostiFishMod:PerfectParry","ReplayTheSpireMod:Shiv Toss","MostiFishMod:InvigoratingSolution"],"picked":"SKIP","floor":19.0},{"not_picked":["Sucker Punch","Masterful Stab","PiercingWail","Terror","Phantasmal Killer"],"picked":"SKIP","floor":20.0},{"not_picked":["All Out Attack","Caltrops","Backflip","Phantasmal Killer"],"picked":"Envenom","floor":23.0},{"not_picked":["Dagger Throw","Phantasmal Killer","Bullet Time","InnerPeace"],"picked":"Deflect","floor":24},{"not_picked":["Deadly Poison","ThirdEye","Leg Sweep","Crescendo"],"picked":"Expertise","floor":26},{"not_picked":["SashWhip","MostiFishMod:PerfectParry","Dash","Dodge and Roll"],"picked":"Prepared","floor":27},{"not_picked":["Dagger Spray","hubris:Counter","ReplayTheSpireMod:Scrap Shanks","Hidden Blade+1"],"picked":"Concentrate","floor":29},{"not_picked":["ReplayTheSpireMod:Speed Training","Accuracy","Quick Slash","Fluid Movement","hubris:Counter"],"picked":"SKIP","floor":29},{"not_picked":["SashWhip","MostiFishMod:Confrontation","MostiFishMod:ThornCasing","Dagger Throw+1"],"picked":"Noxious Fumes","floor":30},{"not_picked":["Underhanded Strike","hubris:SlightOfHand","Blade Dance","Flying Knee"],"picked":"Unload","floor":31},{"not_picked":["hubris:SlightOfHand","Outmaneuver+1","Dodge and Roll","Flying Knee","SashWhip"],"picked":"SKIP","floor":31},{"not_picked":["After Image","Venomology","MostiFishMod:GrandStart","MostiFishMod:AdrenalineArouse"],"picked":"A Thousand Cuts","floor":33},{"not_picked":["Noxious Fumes","MostiFishMod:PerfectParry","Dodge and Roll","Outmaneuver+1"],"picked":"Backstab","floor":35},{"not_picked":["Bullet Time","Flying Knee+1","Hidden Blade","Noxious Fumes"],"picked":"Glass Knife","floor":35},{"not_picked":["Blade Dance+1","PiercingWail","Bane+1","Flechettes"],"picked":"Tactician","floor":38},{"not_picked":["MostiFishMod:PerfectParry+1","MostiFishMod:PoisonShield+1","Predator+1","Underhanded Strike","Sneak Up+1"],"picked":"SKIP","floor":38},{"not_picked":["Footwork","All Out Attack","Acrobatics+1","Fluid Movement"],"picked":"Reflex","floor":39},{"not_picked":["Backflip","Unload","ReplayTheSpireMod:Scrap Shanks+1","Flying Knee"],"picked":"MostiFishMod:PreservedThorns+1","floor":39},{"not_picked":["Heel Hook","MostiFishMod:PoisonShield","Poisoned Stab","hubris:SlightOfHand","Noxious Fumes"],"picked":"SKIP","floor":40},{"not_picked":["Dodge and Roll","Deadly Poison","Setup","hubris:Sniper"],"picked":"Acrobatics+1","floor":41},{"not_picked":["ReplayTheSpireMod:Exploit Weakness","ReplayTheSpireMod:Tripwire","Cloak And Dagger","Quick Slash+1","Grand Finale"],"picked":"SKIP","floor":41},{"not_picked":["Dagger Spray+1","Terror","Catalyst","Deflect+1"],"picked":"Calculated Gamble","floor":45},{"not_picked":["MostiFishMod:FrostNova+1","Slice","Dagger Throw","Outmaneuver"],"picked":"Acrobatics","floor":45},{"not_picked":["Deadly Poison+1","Flechettes","MostiFishMod:ThornCasing","Unload","Sucker Punch"],"picked":"SKIP","floor":46},{"not_picked":["ReplayTheSpireMod:Tripwire","Deadly Poison","hubris:SlightOfHand","Night Terror","hubris:Counter"],"picked":"SKIP","floor":48},{"not_picked":["Distraction","Footwork","Dodge and Roll+1","Outmaneuver","Concentrate"],"picked":"SKIP","floor":48},{"not_picked":["Skewer"],"picked":"SKIP","floor":54},{"not_picked":["Choke"],"picked":"SKIP","floor":54},{"not_picked":["Toxin Wave"],"picked":"SKIP","floor":54},{"not_picked":["hubris:Insight"],"picked":"SKIP","floor":54},{"not_picked":["Midas Touch"],"picked":"SKIP","floor":54},{"not_picked":["Burst","Dagger Spray","hubris:Sniper","hubris:SlightOfHand"],"picked":"MostiFishMod:Listen","floor":55}],"player_experience":363511,"relics_obtained":[{"floor":1.0,"key":"SynthV:TestCard"},{"floor":9.0,"key":"Toy Ornithopter"},{"floor":14.0,"key":"HornCleat"},{"floor":15.0,"key":"hubris:Reverence"},{"floor":23.0,"key":"hubris:ToyBattleship"},{"floor":26,"key":"Ornamental Fan"},{"floor":27,"key":"Prayer Wheel"},{"floor":27,"key":"Sundial"},{"floor":30,"key":"DianPoetry"},{"floor":40,"key":"Letter Opener"},{"floor":46,"key":"Peace Pipe"},{"floor":54,"key":"Strawberry"},{"floor":54,"key":"ThornShield"},{"floor":54,"key":"Strange Spoon"},{"floor":55,"key":"Pear"}],"event_choices":[{"damage_healed":0.0,"max_hp_gain":0.0,"max_hp_loss":0.0,"gold_gain":50.0,"event_name":"FaceTrader","player_choice":"Touch","floor":2.0,"gold_loss":0.0,"damage_taken":6.0},{"damage_healed":0,"gold_gain":0,"player_choice":"Traded Relic","damage_taken":0,"relics_obtained":["Circlet"],"max_hp_gain":0,"max_hp_loss":0,"event_name":"N\u0027loth","floor":25,"relics_lost":["Nloth\u0027s Gift"],"gold_loss":0},{"damage_healed":0,"gold_gain":0,"player_choice":"Fight","damage_taken":0,"max_hp_gain":0,"max_hp_loss":0,"event_name":"Colosseum","floor":27,"gold_loss":0},{"damage_healed":0,"gold_gain":0,"player_choice":"Fought Nobs","damage_taken":0,"max_hp_gain":0,"max_hp_loss":0,"event_name":"Colosseum","floor":27,"gold_loss":0},{"cards_removed":["Strike_G"],"damage_healed":0,"gold_gain":0,"player_choice":"Gave Gold","damage_taken":0,"max_hp_gain":0,"max_hp_loss":0,"event_name":"Beggar","floor":32,"gold_loss":75}],"is_beta":false,"boss_relics":[{"not_picked":["Astrolabe","hubris:Backtick"],"picked":"HereWithMe"},{"not_picked":["ReplayTheSpireMod:DimensionalGlitch","FrostBlade"],"picked":"ChewingGum"}],"items_purged_floors":[21],"is_endless":false,"potions_floor_spawned":[1,5,11,12,14,18,19,27,31,33,35,45,46,48,55],"ascension_level":20}}