{"host":"nbmmy2ys5j9alw05","time":1611220710,"event":{"mods":["AchievementEnabler","BaseMod","Bestiary","Better Vampires","Colored Map","Colored Powertips","Googly Eyes","Minty Spire (QoL Compilation)","Quick Restart","StSLib","The Hierophant","The IronCluck","everything is the same but u backflip on backflip"],"gold_per_floor":[119,119,134,154,79,79,104,104,127,127,159,208,226,241,241,241,241],"floor_reached":16,"language":"ENG","playtime":515,"items_purged":["Strike_G"],"score":165,"play_id":"67c96248-1cba-4050-8691-5f53475105b4","local_time":"20210121011830","is_ascension_mode":true,"campfire_choices":[{"data":"Skewer","floor":6,"key":"SMITH"},{"floor":8,"key":"REST"},{"floor":15,"key":"REST"}],"circlet_count":0,"master_deck":["AscendersBane","Strike_G+1","Strike_G","Strike_G","Defend_G","Defend_G","Defend_G","Defend_G","Defend_G","Survivor","Neutralize","Poisoned Stab","Leg Sweep","Skewer+1","Deflect+1","Tactician","Flying Knee"],"relics":["Ring of the Snake","Bronze Scales","Blood Vial","Anchor","Pen Nib"],"acts_visited":["Exordium"],"potions_floor_usage":[7,7,11,11],"damage_taken":[{"damage":6,"enemies":"Jaw Worm","floor":1,"turns":5},{"damage":5,"enemies":"Cultist","floor":3,"turns":5},{"damage":4,"enemies":"Small Slimes","floor":4,"turns":4},{"damage":27,"enemies":"Lagavulin","floor":7,"turns":6},{"damage":15,"enemies":"3 Sentries","floor":11,"turns":8},{"damage":1,"enemies":"Blue Slaver","floor":13,"turns":3},{"damage":0,"enemies":"Exordium Thugs","floor":14,"turns":4},{"damage":28,"enemies":"The Guardian","floor":16,"turns":8}],"seed_played":"-7296948433555258387","potions_obtained":[{"floor":0,"key":"LiquidBronze"},{"floor":0,"key":"SteroidPotion"},{"floor":0,"key":"LiquidBronze"},{"floor":3,"key":"SkillPotion"},{"floor":7,"key":"ColorlessPotion"}],"is_trial":false,"path_per_floor":["M","?","M","M","$","R","E","R","T","?","E","T","M","M","R","B"],"character_chosen":"THE_SILENT","items_purchased":[],"campfire_rested":2,"item_purchase_floors":[],"current_hp_per_floor":[57,57,52,48,48,48,21,42,42,28,15,15,16,18,39,13,13],"gold":241,"neow_bonus":"THREE_SMALL_POTIONS","is_daily":false,"chose_seed":false,"campfire_upgraded":1,"win_rate":0.0,"timestamp":1611220710,"path_taken":["M","?","?","M","?","R","E","R","T","?","E","?","M","M","R","BOSS"],"items_purchased_type":[],"build_version":"2020-12-22","purchased_purges":1,"victory":false,"max_hp_per_floor":[70,70,70,70,70,70,70,70,70,70,70,70,70,70,70,70,70],"card_choices":[{"not_picked":["Tactician","Sucker Punch"],"picked":"Poisoned Stab","floor":1},{"not_picked":["Poisoned Stab","Choke"],"picked":"Leg Sweep","floor":3},{"not_picked":["Deadly Poison","Acrobatics"],"picked":"Skewer","floor":4},{"not_picked":["Blade Dance","Eviscerate"],"picked":"Deflect","floor":7},{"not_picked":["Deadly Poison","Infinite Blades"],"picked":"Tactician","floor":11},{"not_picked":["Flechettes","Blade Dance"],"picked":"Flying Knee","floor":13},{"not_picked":["Riddle With Holes","Deadly Poison","Accuracy"],"picked":"SKIP","floor":14}],"player_experience":519227,"relics_obtained":[{"floor":7,"key":"Bronze Scales"},{"floor":9,"key":"Blood Vial"},{"floor":11,"key":"Anchor"},{"floor":12,"key":"Pen Nib"}],"event_choices":[{"cards_removed":["Strike_G"],"damage_healed":0,"gold_gain":0,"player_choice":"Purged","damage_taken":0,"max_hp_gain":0,"max_hp_loss":0,"event_name":"Purifier","floor":2,"gold_loss":0},{"damage_healed":0,"gold_gain":0,"player_choice":"Entered Light","damage_taken":14,"max_hp_gain":0,"max_hp_loss":0,"event_name":"Shining Light","floor":10,"gold_loss":0,"cards_upgraded":["Deflect","Strike_G"]}],"is_beta":false,"boss_relics":[],"items_purged_floors":[5],"is_endless":false,"potions_floor_spawned":[3,4,7],"killed_by":"The Guardian","ascension_level":10}}