{"host":"x3qmax6e7jj3tga5","time":1611195418,"event":{"mods":["BaseMod","Custom Start","Minty Spire (QoL Compilation)","StSLib"],"gold_per_floor":[109,127,45,45,60,60,60,91,91,122,122,2,12,23,23,123,123,143,157,157,157,172,172,200,200,200,200,200],"floor_reached":27,"language":"ENG","playtime":1490,"items_purged":[],"score":253,"play_id":"661b2301-e6ee-4b7e-9056-4aec149a4bc1","local_time":"20210120201658","is_ascension_mode":true,"campfire_choices":[{"data":"Streamline","floor":6,"key":"SMITH"},{"data":"Creative AI","floor":11,"key":"SMITH"},{"floor":15,"key":"REST"},{"data":"Echo Form","floor":23,"key":"SMITH"},{"floor":25,"key":"REST"}],"circlet_count":0,"master_deck":["Strike_B","Strike_B","Strike_B","Strike_B","Defend_B","Defend_B","Defend_B","Defend_B","Zap","Dualcast","Lockon","Chaos","Streamline+1","Static Discharge","Capacitor","Redo","Creative AI+1","FTL","Leap","Tempest","Barrage","Echo Form+1","Cold Snap","Conserve Battery+1","Defragment","Doom and Gloom"],"relics":["Cracked Core","NeowsBlessing","Thread and Needle","Bottled Flame","Bag of Marbles","Snecko Eye","Prayer Wheel","Mercury Hourglass"],"acts_visited":["Exordium","TheCity"],"potions_floor_usage":[16,27],"damage_taken":[{"damage":0,"enemies":"Cultist","floor":1,"turns":1},{"damage":0,"enemies":"Jaw Worm","floor":2,"turns":1},{"damage":0,"enemies":"Small Slimes","floor":5,"turns":1},{"damage":30,"enemies":"3 Sentries","floor":8,"turns":5},{"damage":14,"enemies":"Lagavulin","floor":10,"turns":5},{"damage":13,"enemies":"Exordium Thugs","floor":13,"turns":5},{"damage":3,"enemies":"Blue Slaver","floor":14,"turns":3},{"damage":10,"enemies":"Slime Boss","floor":16,"turns":7},{"damage":19,"enemies":"Shell Parasite","floor":18,"turns":6},{"damage":1,"enemies":"Chosen","floor":19,"turns":4},{"damage":7,"enemies":"Centurion and Healer","floor":22,"turns":9},{"damage":68,"enemies":"Slavers","floor":24,"turns":8},{"damage":59,"enemies":"Book of Stabbing","floor":27,"turns":6}],"seed_played":"4761123470995563844","potions_obtained":[{"floor":1,"key":"Explosive Potion"},{"floor":8,"key":"Dexterity Potion"},{"floor":10,"key":"FairyPotion"},{"floor":21,"key":"PotionOfCapacity"},{"floor":24,"key":"Regen Potion"}],"is_trial":false,"path_per_floor":["M","M","$","?","M","R","?","E","T","E","R","$","M","M","R","B",null,"M","M","?","?","M","R","E","R","T","E"],"character_chosen":"DEFECT","items_purchased":["Streamline","Static Discharge","FTL","Leap"],"campfire_rested":2,"item_purchase_floors":[3,3,12,12],"current_hp_per_floor":[75,75,75,75,75,75,75,45,45,31,31,31,18,15,37,27,75,56,55,55,55,48,48,8,30,30,0,0],"gold":200,"neow_bonus":"THREE_ENEMY_KILL","is_daily":false,"chose_seed":false,"campfire_upgraded":3,"win_rate":0.0,"timestamp":1611195418,"path_taken":["M","?","$","?","M","R","?","E","T","E","R","$","?","M","R","BOSS","M","M","?","?","M","R","E","R","T","E"],"items_purchased_type":["Card","Card","Card","Card"],"build_version":"2020-12-22","purchased_purges":0,"victory":false,"max_hp_per_floor":[75,75,75,75,75,75,75,75,75,75,75,75,75,75,75,75,75,75,75,75,75,75,75,75,75,75,75,75],"card_choices":[{"not_picked":["Melter","Beam Cell"],"picked":"Lockon","floor":1},{"not_picked":["Leap","Hello World"],"picked":"Chaos","floor":2},{"not_picked":["Leap","Self Repair"],"picked":"Capacitor","floor":5},{"not_picked":["Steam","Skim"],"picked":"Redo","floor":8},{"not_picked":["White Noise","Fusion"],"picked":"Creative AI","floor":10},{"not_picked":["Steam","Streamline"],"picked":"Tempest","floor":13},{"not_picked":["Double Energy","Tempest"],"picked":"Barrage","floor":14},{"not_picked":["Fission","Amplify"],"picked":"Echo Form","floor":16},{"not_picked":["Barrage","Hologram"],"picked":"Cold Snap","floor":18},{"not_picked":["Steam","Streamline"],"picked":"Conserve Battery+1","floor":19},{"not_picked":["Sunder","Hello World","Redo"],"picked":"SKIP","floor":22},{"not_picked":["Go for the Eyes","Chill"],"picked":"Doom and Gloom","floor":24}],"player_experience":324279,"relics_obtained":[{"floor":8,"key":"Thread and Needle"},{"floor":9,"key":"Bottled Flame"},{"floor":10,"key":"Bag of Marbles"},{"floor":24,"key":"Prayer Wheel"},{"floor":26,"key":"Mercury Hourglass"}],"event_choices":[{"damage_healed":0,"gold_gain":0,"player_choice":"Leave","damage_taken":0,"max_hp_gain":0,"max_hp_loss":0,"event_name":"The Cleric","floor":4,"gold_loss":0},{"damage_healed":0,"gold_gain":0,"player_choice":"Ignored","damage_taken":0,"max_hp_gain":0,"max_hp_loss":0,"event_name":"Liars Game","floor":7,"gold_loss":0},{"damage_healed":0,"gold_gain":0,"player_choice":"Read","damage_taken":0,"max_hp_gain":0,"max_hp_loss":0,"event_name":"The Library","floor":20,"gold_loss":0,"cards_obtained":["Defragment"]},{"damage_healed":0,"gold_gain":0,"player_choice":"Got Potions","damage_taken":0,"max_hp_gain":0,"max_hp_loss":0,"event_name":"Lab","floor":21,"gold_loss":0}],"is_beta":false,"boss_relics":[{"not_picked":["Tiny House","SacredBark"],"picked":"Snecko Eye"}],"items_purged_floors":[],"is_endless":false,"potions_floor_spawned":[1,8,10,14,24],"killed_by":"Book of Stabbing","ascension_level":1}}