{"host":"qik6c64y69p9jmph","time":1611204420,"event":{"mods":["AchievementEnabler","BaseMod","Highlight Path","Minty Spire (QoL Compilation)","Quick Restart","StSLib","Synergy Search"],"gold_per_floor":[109,109,109,109,125,150,162,192,204,247,276,288,634,661,673,789,801,833,845,555,645,660,660,660],"floor_reached":23,"language":"ENG","playtime":788,"items_purged":[],"score":355,"play_id":"e7dfe24b-f953-4409-9cc0-8a3a0e1dd656","local_time":"20210120234700","is_ascension_mode":true,"campfire_choices":[{"data":"TalkToTheHand","floor":7,"key":"SMITH"},{"floor":12,"key":"REST"},{"floor":15,"key":"REST"}],"circlet_count":0,"master_deck":["Strike_P","Strike_P","Strike_P","Strike_P","Defend_P","Defend_P","Defend_P","Defend_P","Eruption","Vigilance","Evaluate","TalkToTheHand+1","BowlingBash","ThirdEye","CutThroughFate","BattleHymn","DeusExMachina","Wireheading","ThirdEye"],"relics":["PureWater","NeowsBlessing","Eternal Feather","CultistMask","MawBank","Ornamental Fan","Centennial Puzzle","Old Coin","Philosopher\u0027s Stone","PreservedInsect","Strange Spoon"],"acts_visited":["Exordium","TheCity"],"potions_floor_usage":[13,18,18,22,23],"damage_taken":[{"damage":0,"enemies":"Cultist","floor":1,"turns":1},{"damage":0,"enemies":"2 Louse","floor":5,"turns":1},{"damage":0,"enemies":"Lagavulin","floor":6,"turns":1},{"damage":0,"enemies":"Jaw Worm","floor":8,"turns":3},{"damage":46,"enemies":"3 Sentries","floor":10,"turns":11},{"damage":2,"enemies":"Looter","floor":11,"turns":4},{"damage":19,"enemies":"Gremlin Nob","floor":13,"turns":3},{"damage":0,"enemies":"Red Slaver","floor":14,"turns":6},{"damage":0,"enemies":"Slime Boss","floor":16,"turns":5},{"damage":0,"enemies":"2 Thieves","floor":18,"turns":4},{"damage":0,"enemies":"Chosen","floor":22,"turns":3},{"damage":45,"enemies":"Book of Stabbing","floor":23,"turns":6}],"seed_played":"-4938943372167869003","potions_obtained":[{"floor":8,"key":"SpeedPotion"},{"floor":10,"key":"Explosive Potion"},{"floor":13,"key":"Swift Potion"},{"floor":14,"key":"Dexterity Potion"},{"floor":16,"key":"Fire Potion"},{"floor":22,"key":"BottledMiracle"}],"is_trial":false,"path_per_floor":["M","$","T","?","M","E","R","M","T","E","M","R","E","M","R","B",null,"M","?","$","?","M","E"],"character_chosen":"WATCHER","items_purchased":["PreservedInsect","Strange Spoon"],"campfire_rested":2,"item_purchase_floors":[20,20],"current_hp_per_floor":[72,72,72,72,72,72,72,72,72,26,24,51,32,32,62,62,70,70,57,57,45,45,0,0],"gold":660,"neow_bonus":"THREE_ENEMY_KILL","is_daily":false,"chose_seed":false,"campfire_upgraded":1,"win_rate":0.0,"timestamp":1611204420,"path_taken":["M","$","?","?","M","E","R","M","T","E","?","R","E","M","R","BOSS","M","?","$","?","M","E"],"items_purchased_type":["Relic","Relic"],"build_version":"2020-12-22","purchased_purges":0,"victory":false,"max_hp_per_floor":[72,72,72,72,72,72,72,72,72,72,72,72,72,72,72,72,72,72,77,77,77,77,77,77],"card_choices":[{"not_picked":["Consecrate","Evaluate","FlyingSleeves"],"picked":"SKIP","floor":1},{"not_picked":["Consecrate","Pray"],"picked":"Evaluate","floor":5},{"not_picked":["DevaForm","EmptyFist"],"picked":"TalkToTheHand","floor":6},{"not_picked":["Prostrate","SashWhip"],"picked":"BowlingBash","floor":8},{"not_picked":["Vengeance","EmptyBody"],"picked":"ThirdEye","floor":10},{"not_picked":["Prostrate","Swivel","BowlingBash"],"picked":"SKIP","floor":11},{"not_picked":["Evaluate","Meditate"],"picked":"CutThroughFate","floor":13},{"not_picked":["Wallop","Indignation"],"picked":"BattleHymn","floor":14},{"not_picked":["Vault","ConjureBlade"],"picked":"DeusExMachina","floor":16},{"not_picked":["Study+1","Crescendo+1"],"picked":"Wireheading","floor":18},{"not_picked":["EmptyBody","JustLucky"],"picked":"ThirdEye","floor":22}],"player_experience":530211,"relics_obtained":[{"floor":3,"key":"Eternal Feather"},{"floor":6,"key":"MawBank"},{"floor":9,"key":"Ornamental Fan"},{"floor":10,"key":"Centennial Puzzle"},{"floor":13,"key":"Old Coin"}],"event_choices":[{"damage_healed":0,"gold_gain":0,"player_choice":"Trade","damage_taken":0,"relics_obtained":["CultistMask"],"max_hp_gain":0,"max_hp_loss":0,"event_name":"FaceTrader","floor":4,"gold_loss":0},{"damage_healed":0,"gold_gain":0,"player_choice":"Shed Blood","damage_taken":18,"max_hp_gain":5,"max_hp_loss":0,"event_name":"Forgotten Altar","floor":19,"gold_loss":0},{"damage_healed":0,"gold_gain":90,"player_choice":"GOLD ","damage_taken":12,"max_hp_gain":0,"max_hp_loss":0,"event_name":"Knowing Skull","floor":21,"potions_obtained":[],"gold_loss":0,"cards_obtained":[]}],"is_beta":false,"boss_relics":[{"not_picked":["Ectoplasm","Pandora\u0027s Box"],"picked":"Philosopher\u0027s Stone"}],"items_purged_floors":[],"is_endless":false,"potions_floor_spawned":[8,10,13,14,16,22],"killed_by":"Book of Stabbing","ascension_level":5}}