{"host":"rwzz6mk6bpmb57ql","time":1611190277,"event":{"mods":["AchievementEnabler","BaseMod","Better Third Choice","BetterRewards","Colored Map","Highlight Path","Hubris","Infinite Spire","Minty Spire (QoL Compilation)","Replay The Spire","StSLib","Wandering Minibosses"],"gold_per_floor":[5615,5615,5626,5626,4811,4844,4844,4428,4428,4453,4453,4502,4515,4528,4528,4632,4632,4650,4650,4669,4687,4700,4700,4700,4719,4767,4782,4811,4811,4829,4829,4829,4931,4931,4945,4959,4959,4959,5059,5087,5106,5106,5158,5184,5184,5201,5214,5214,5214,5316,5316,5316],"floor_reached":51,"language":"ENG","playtime":3085,"items_purged":["Strike_G","Strike_G","Defend_G","Normality"],"score":1037,"play_id":"28b1cc2e-9802-4de5-b5cd-16e482e3458d","local_time":"20210120185117","is_ascension_mode":false,"campfire_choices":[{"data":"Strike_G","floor":7.0,"key":"PURGE"},{"floor":15.0,"key":"RECALL"},{"data":"Strike_G","floor":23.0,"key":"PURGE"},{"data":"infinitespire:Neurotoxin","floor":29.0,"key":"SMITH"},{"data":"Burst","floor":32.0,"key":"SMITH"},{"data":"hubris:Rewind","floor":42,"key":"SMITH"},{"data":"Poison Darts","floor":45,"key":"SMITH"},{"data":"Defend_G","floor":49,"key":"SMITH"}],"circlet_count":1,"master_deck":["Defend_G","Defend_G","Defend_G+1","Defend_G","Survivor","Neutralize","Footwork+1","Deflect","Backflip+1","Poisoned Stab","Catalyst","Poison Darts+1","PiercingWail","infinitespire:Neurotoxin+1","Escape Plan","Footwork","Deadly Poison","Dodge and Roll","Burst+1","Footwork","Prepared+1","Catalyst+1","hubris:Rewind+1","Dagger Spray+1","Corpse Explosion"],"relics":["Ring of the Snake","NeowsBlessing","hubris:EmptyBottle","Oddly Smooth Stone","Peace Pipe","Replay:Mystery Machine","Membership Card","hubris:SlimyHat","ReplayTheSpireMod:Ring of Exchange","hubris:DeckOfHolding","hubris:RunicObelisk","Nloth\u0027s Gift","Vampiric Spirits","Omamori","hubris:CrystalStatue","hubris:Icosahedron","TheAbacus","Byrd Skull","Circlet","Toy Ornithopter","hubris:AncientText","infinitespire:Satchel","Orichalcum","hubris:Backtick","Mummified Hand"],"acts_visited":["Exordium","TheCity","TheBeyond","Exordium"],"potions_floor_usage":[41,41,44,44,50,50],"damage_taken":[{"damage":0.0,"enemies":"Cultist","floor":1.0,"turns":1.0},{"damage":0.0,"enemies":"Small Slimes","floor":3.0,"turns":1.0},{"damage":0.0,"enemies":"Lagavulin","floor":6.0,"turns":1.0},{"damage":5.0,"enemies":"Replay:BlueRogue","floor":10.0,"turns":4.0},{"damage":0.0,"enemies":"2 Louse","floor":13.0,"turns":3.0},{"damage":0.0,"enemies":"2 Fungi Beasts","floor":14.0,"turns":3.0},{"damage":3.0,"enemies":"The Guardian","floor":16.0,"turns":11.0},{"damage":10.0,"enemies":"Chosen","floor":18.0,"turns":6.0},{"damage":0.0,"enemies":"Spheric Guardian","floor":20.0,"turns":3.0},{"damage":38.0,"enemies":"Centurion and Healer","floor":21.0,"turns":7.0},{"damage":0.0,"enemies":"Snecko","floor":22.0,"turns":3.0},{"damage":4.0,"enemies":"Sentry and Sphere","floor":25.0,"turns":5.0},{"damage":1.0,"enemies":"3 Cultists","floor":27.0,"turns":7.0},{"damage":54.0,"enemies":"Gremlin Leader","floor":28.0,"turns":5.0},{"damage":0.0,"enemies":"Snecko","floor":30.0,"turns":2.0},{"damage":16.0,"enemies":"hubris:MusketHawk","floor":33.0,"turns":5.0},{"damage":11.0,"enemies":"Orb Walker","floor":35.0,"turns":5.0},{"damage":6.0,"enemies":"3 Darklings","floor":36.0,"turns":5.0},{"damage":14.0,"enemies":"infinitespire:Three Voidlings","floor":39.0,"turns":4.0},{"damage":44.0,"enemies":"Nightmare_Alpha","floor":39.0,"turns":4.0},{"damage":42,"enemies":"Nightmare","floor":40,"turns":4},{"damage":0,"enemies":"Jaw Worm Horde","floor":41,"turns":6},{"damage":5,"enemies":"Reptomancer","floor":44,"turns":2},{"damage":0,"enemies":"4 Shapes","floor":46,"turns":5},{"damage":0,"enemies":"Transient","floor":47,"turns":3},{"damage":0,"enemies":"infinitespire:MassOfShapes","floor":50,"turns":2}],"seed_played":"-6483985509638075264","potions_obtained":[{"floor":1.0,"key":"FearPotion"},{"floor":12.0,"key":"Fruit Juice"},{"floor":13.0,"key":"GamblersBrew"},{"floor":14.0,"key":"Venom Potion"},{"floor":16.0,"key":"FairyPotion"},{"floor":18.0,"key":"Dexterity Potion"},{"floor":20.0,"key":"DuplicationPotion"},{"floor":21.0,"key":"Fire Potion"},{"floor":30.0,"key":"infinitespire:BlackPotion"},{"floor":40,"key":"Block Potion"},{"floor":41,"key":"Adrenaline Potion"},{"floor":47,"key":"DistilledChaos"},{"floor":50,"key":"Fire Potion"}],"is_trial":false,"path_per_floor":["M","?","M","?","$","E","R","$","T","E","?","?","M","M","R_BF","B",null,"M","?","M","M","M","R","AVR","M","T","M","E","R","M","?","R","B",null,"M","M","?","AVR","?","NM","M","R","T","E","R","M","M","T","R","B",null],"character_chosen":"THE_SILENT","items_purchased":["hubris:EmptyBottle","Oddly Smooth Stone","Peace Pipe","Backflip","Poisoned Stab","Catalyst","Replay:Mystery Machine","Membership Card","Block Potion"],"campfire_rested":0,"item_purchase_floors":[5,5,5,5,5,5,8,8,8],"current_hp_per_floor":[140,140,140,133,133,133,133,133,133,128,128,103,103,103,103,100,150,140,140,140,102,102,102,102,99,99,99,45,45,45,45,45,32,150,139,133,133,133,90,48,58,58,58,63,63,63,64,64,64,76,150,150],"gold":5316,"neow_bonus":"THREE_ENEMY_KILL","is_daily":false,"chose_seed":false,"campfire_upgraded":5,"win_rate":0.0,"timestamp":1611190277,"path_taken":["M","?","M","?","$","E","R","$","T","E","?","?","M","M","R_BF","BOSS","M","?","M","M","?","R","AVR","M","T","M","E","R","M","?","R","BOSS","M","M","?","AVR","?","NM","M","R","T","E","R","M","M","?","R","BOSS"],"items_purchased_type":["Relic","Relic","Relic","Card","Card","Card","Relic","Relic","Potion"],"build_version":"2020-12-22","purchased_purges":4,"victory":false,"max_hp_per_floor":[140,140,140,140,140,140,140,140,140,140,140,150,150,150,150,150,150,150,150,150,150,150,150,150,150,150,150,150,150,150,150,150,150,150,150,150,150,150,150,150,150,150,150,150,150,150,150,150,150,150,150,150],"card_choices":[{"not_picked":["Acrobatics","Hidden Blade"],"picked":"Footwork","floor":1.0},{"not_picked":["Draining Mist","Eviscerate"],"picked":"Deflect","floor":3.0},{"not_picked":["PiercingWail","Dagger Throw"],"picked":"Poison Darts","floor":6.0},{"not_picked":["Malaise","Calculated Gamble"],"picked":"PiercingWail","floor":10.0},{"not_picked":["Concentrate","hubris:TrickCloak","Hidden Blade"],"picked":"SKIP","floor":13.0},{"not_picked":["Underhanded Strike","Dodge and Roll","Distraction"],"picked":"SKIP","floor":14.0},{"not_picked":["Wraith Form v2","A Thousand Cuts"],"picked":"infinitespire:Neurotoxin","floor":16.0},{"not_picked":["Quick Slash","Slice"],"picked":"Escape Plan","floor":18.0},{"not_picked":["Sucker Punch","ReplayTheSpireMod:The Works"],"picked":"Footwork","floor":20.0},{"not_picked":["Setup+1","Acrobatics"],"picked":"Deadly Poison","floor":21.0},{"not_picked":["Poisoned Stab","hubris:SlightOfHand"],"picked":"Dodge and Roll","floor":22.0},{"not_picked":["Poisoned Stab","Well Laid Plans+1"],"picked":"Burst","floor":25.0},{"not_picked":["Poisoned Stab","Slice"],"picked":"Footwork","floor":27.0},{"not_picked":["Heel Hook+1","Masterful Stab+1","Accuracy"],"picked":"SKIP","floor":28.0},{"not_picked":["Heel Hook+1","Masterful Stab+1","Accuracy"],"picked":"SKIP","floor":28.0},{"not_picked":["Bouncing Flask","Bullet Time"],"picked":"Prepared+1","floor":30.0},{"not_picked":["hubris:SlightOfHand","hubris:TrickCloak+1","Cloak And Dagger+1"],"picked":"SKIP","floor":35.0},{"not_picked":["Draining Mist","Setup"],"picked":"Catalyst+1","floor":36.0},{"not_picked":["ReplayTheSpireMod:Haul","Replay:Fractal Strike"],"picked":"hubris:Rewind","floor":39},{"not_picked":["Well Laid Plans+1","Dagger Throw","Acrobatics"],"picked":"SKIP","floor":40},{"not_picked":["Deflect","Concentrate+1","Backstab"],"picked":"SKIP","floor":41},{"not_picked":["Atom Bomb","Noxious Fumes","hubris:Sniper"],"picked":"SKIP","floor":44},{"not_picked":["Atom Bomb","Noxious Fumes","hubris:Sniper"],"picked":"SKIP","floor":44},{"not_picked":["PiercingWail","ReplayTheSpireMod:Shiv Toss+1","Calculated Gamble"],"picked":"SKIP","floor":46},{"not_picked":["PiercingWail","ReplayTheSpireMod:Shiv Toss+1","Calculated Gamble"],"picked":"SKIP","floor":46},{"not_picked":["Phantasmal Killer","Acrobatics+1"],"picked":"Dagger Spray+1","floor":47},{"not_picked":["Glass Knife","Tools of the Trade"],"picked":"Corpse Explosion","floor":50}],"player_experience":163241,"relics_obtained":[{"floor":6.0,"key":"Regal Pillow"},{"floor":10.0,"key":"hubris:SlimyHat"},{"floor":11.0,"key":"ReplayTheSpireMod:Ring of Exchange"},{"floor":12.0,"key":"hubris:DeckOfHolding"},{"floor":26.0,"key":"Omamori"},{"floor":28.0,"key":"hubris:CrystalStatue"},{"floor":39,"key":"Byrd Skull"},{"floor":40,"key":"Toy Ornithopter"},{"floor":43,"key":"hubris:AncientText"},{"floor":44,"key":"infinitespire:Satchel"},{"floor":48,"key":"Orichalcum"}],"event_choices":[{"cards_removed":["Strike_G"],"damage_healed":0.0,"max_hp_gain":0.0,"max_hp_loss":0.0,"gold_gain":0.0,"event_name":"Golden Wing","player_choice":"Card Removal","floor":4.0,"gold_loss":0.0,"damage_taken":7.0},{"damage_healed":0.0,"max_hp_gain":0.0,"max_hp_loss":0.0,"gold_gain":0.0,"event_name":"N\u0027loth","player_choice":"Traded Relic","floor":19.0,"relics_lost":["Regal Pillow"],"gold_loss":0.0,"damage_taken":0.0,"relics_obtained":["Nloth\u0027s Gift"]},{"damage_healed":0,"gold_gain":0,"player_choice":"Traded Relic","damage_taken":0,"relics_obtained":["Circlet"],"max_hp_gain":0,"max_hp_loss":0,"event_name":"N\u0027loth","floor":39,"relics_lost":["hubris:EmptyBottle"],"gold_loss":0}],"is_beta":false,"boss_relics":[{"not_picked":["hubris:VirtuousBlindfold","Cursed Key"],"picked":"hubris:RunicObelisk"},{"not_picked":["Snecko Heart","Kintsugi"],"picked":"TheAbacus"},{"not_picked":["Calling Bell","Runic Pyramid"],"picked":"hubris:Backtick"}],"items_purged_floors":[5,8,24,38],"is_endless":true,"potions_floor_spawned":[1,13,14,16,18,20,21,30,40,41,47,50],"ascension_level":0}}