{"host":"n6qxj7a4gnapjcui","time":1611264607,"event":{"mods":["2.2 Compatiblity","AchievementEnabler","BaseMod","Colored Map","Minty Spire (QoL Compilation)","Random Character Button","Rare Cards Sparkle"],"gold_per_floor":[117,67,85,101,112,112,124,174,246,264,264,264,277,302,302,398,398,418,438,468,54,153,153,181,181,206,206,106,122,72,72,72,72,72],"floor_reached":33,"language":"POL","playtime":1803,"items_purged":["Defend_R","Strike_R"],"score":394,"play_id":"12d6bb13-3b67-40b3-8d1a-0f5b85414add","local_time":"20210121223007","is_ascension_mode":true,"campfire_choices":[{"data":"Thunderclap","floor":6.0,"key":"SMITH"},{"data":"Iron Wave","floor":11.0,"key":"SMITH"},{"data":"Dark Embrace","floor":15.0,"key":"SMITH"},{"data":"Armaments","floor":23,"key":"SMITH"},{"data":"Cleave","floor":25,"key":"SMITH"},{"floor":27,"key":"REST"},{"data":"Feel No Pain","floor":32,"key":"SMITH"}],"circlet_count":0,"master_deck":["Strike_R","Defend_R","Defend_R","Defend_R","Bash","Headbutt","Thunderclap+1","Hemokinesis+1","Dark Embrace+1","Iron Wave+1","Burning Pact","Warcry","Warcry","Exhume","Armaments+1","Anger","Whirlwind","Cleave+1","Dropkick","Feel No Pain+1","Carnage"],"relics":["Burning Blood","Centennial Puzzle","Meat on the Bone","Blue Candle","Mark of Pain","Red Mask","Ice Cream","Orichalcum","Omamori"],"acts_visited":["Exordium","TheCity"],"potions_floor_usage":[24,29,33,33,33],"damage_taken":[{"damage":6.0,"enemies":"Cultist","floor":1.0,"turns":3.0},{"damage":7.0,"enemies":"Jaw Worm","floor":3.0,"turns":3.0},{"damage":5.0,"enemies":"Small Slimes","floor":4.0,"turns":3.0},{"damage":23.0,"enemies":"Exordium Thugs","floor":5.0,"turns":4.0},{"damage":2.0,"enemies":"Large Slime","floor":7.0,"turns":3.0},{"damage":4.0,"enemies":"Exordium Wildlife","floor":10.0,"turns":2.0},{"damage":1.0,"enemies":"2 Fungi Beasts","floor":13.0,"turns":3.0},{"damage":25.0,"enemies":"Lagavulin","floor":14.0,"turns":6.0},{"damage":2.0,"enemies":"Slime Boss","floor":16.0,"turns":7.0},{"damage":32.0,"enemies":"Shell Parasite","floor":18.0,"turns":6.0},{"damage":21,"enemies":"2 Thieves","floor":19,"turns":4},{"damage":38,"enemies":"Masked Bandits","floor":20,"turns":5},{"damage":30,"enemies":"Slavers","floor":24,"turns":6},{"damage":41,"enemies":"Snake Plant","floor":29,"turns":5},{"damage":84,"enemies":"Collector","floor":33,"turns":7}],"seed_played":"-5811871607550638631","potions_obtained":[{"floor":4.0,"key":"Regen Potion"},{"floor":5.0,"key":"AttackPotion"},{"floor":10.0,"key":"BloodPotion"},{"floor":14.0,"key":"CultistPotion"},{"floor":20,"key":"Explosive Potion"},{"floor":24,"key":"Dexterity Potion"}],"is_trial":false,"path_per_floor":["M","?","M","M","M","R","M","T","T","M","R","?","M","E","R","B",null,"M","M","?","$","?","R","E","R","T","R","$","M","$","?","R","B"],"character_chosen":"IRONCLAD","items_purchased":["Ice Cream","Cleave","ColorlessPotion"],"campfire_rested":1,"item_purchase_floors":[21,21,30],"current_hp_per_floor":[88,88,87,88,71,71,75,75,75,77,77,77,82,63,63,67,83,57,54,34,34,34,34,37,37,37,63,63,40,40,40,40,0,0],"gold":72,"neow_bonus":"TEN_PERCENT_HP_BONUS","is_daily":false,"chose_seed":false,"campfire_upgraded":6,"win_rate":0.0,"timestamp":1611264607,"path_taken":["M","?","M","M","M","R","M","?","T","M","R","?","M","E","R","BOSS","M","M","?","$","?","R","E","R","T","R","$","M","?","?","R","BOSS"],"items_purchased_type":["Relic","Card","Potion"],"build_version":"2020-12-22","purchased_purges":2,"victory":false,"max_hp_per_floor":[88,88,88,88,88,88,88,88,88,88,88,88,88,88,88,88,88,88,88,88,88,88,88,88,88,88,88,88,88,88,88,88,88,88],"card_choices":[{"not_picked":["Searing Blow","Twin Strike"],"picked":"Headbutt","floor":1.0},{"not_picked":["Seeing Red","Flame Barrier"],"picked":"Thunderclap","floor":3.0},{"not_picked":["Perfected Strike","Headbutt"],"picked":"Hemokinesis","floor":4.0},{"not_picked":["Anger","Clothesline"],"picked":"Dark Embrace","floor":5.0},{"not_picked":["Uppercut","True Grit"],"picked":"Iron Wave","floor":7.0},{"not_picked":["Whirlwind","Flex"],"picked":"Burning Pact","floor":10.0},{"not_picked":["Limit Break","Sever Soul"],"picked":"Warcry","floor":13.0},{"not_picked":["Wild Strike","Headbutt"],"picked":"Warcry","floor":14.0},{"not_picked":["Barricade","Impervious"],"picked":"Exhume","floor":16.0},{"not_picked":["Clothesline+1","Iron Wave"],"picked":"Armaments","floor":18.0},{"not_picked":["Thunderclap","Dropkick"],"picked":"Anger","floor":19},{"not_picked":["Warcry+1","Cleave"],"picked":"Whirlwind","floor":20},{"not_picked":["Limit Break","Juggernaut","Clash"],"picked":"SKIP","floor":24},{"not_picked":["Cleave","Rupture"],"picked":"Dropkick","floor":29}],"player_experience":281922,"relics_obtained":[{"floor":8.0,"key":"Centennial Puzzle"},{"floor":9.0,"key":"Meat on the Bone"},{"floor":14.0,"key":"Blue Candle"},{"floor":20,"key":"Red Mask"},{"floor":24,"key":"Orichalcum"},{"floor":26,"key":"Omamori"}],"event_choices":[{"cards_removed":["Strike_R"],"damage_healed":0.0,"max_hp_gain":0.0,"max_hp_loss":0.0,"gold_gain":0.0,"event_name":"The Cleric","player_choice":"Card Removal","floor":2.0,"gold_loss":50.0,"damage_taken":0.0},{"damage_healed":0.0,"max_hp_gain":0.0,"max_hp_loss":0.0,"gold_gain":0.0,"event_name":"Living Wall","player_choice":"Grow","floor":12.0,"gold_loss":0.0,"damage_taken":0.0,"cards_upgraded":["Hemokinesis"]},{"damage_healed":0,"gold_gain":0,"player_choice":"Fought Bandits","damage_taken":0,"max_hp_gain":0,"max_hp_loss":0,"event_name":"Masked Bandits","floor":20,"gold_loss":0},{"damage_healed":0,"gold_gain":99,"player_choice":"Stole From Cult","damage_taken":0,"max_hp_gain":0,"max_hp_loss":0,"event_name":"Nest","floor":22,"gold_loss":0},{"damage_healed":0,"gold_gain":0,"cards_transformed":["Strike_R","Strike_R"],"player_choice":"Became Test Subject","damage_taken":0,"max_hp_gain":0,"max_hp_loss":0,"event_name":"Drug Dealer","floor":31,"gold_loss":0,"cards_obtained":["Feel No Pain","Carnage"]}],"is_beta":false,"boss_relics":[{"not_picked":["Snecko Eye","Philosopher\u0027s Stone"],"picked":"Mark of Pain"}],"items_purged_floors":[21,28],"is_endless":false,"potions_floor_spawned":[4,5,10,14,20,24],"killed_by":"Collector","ascension_level":5}}