{"host":"1vfpjvae9xcvmh7u","time":1611208976,"event":{"mods":["BaseMod","Downfall","Hermit","Hubris","Minty Spire (QoL Compilation)","Robot Space Explorer","StSLib","The Cursed","The Forsaken","The Necromancer","The Servant 0.9.4"],"gold_per_floor":[99,99,114,129,145,145,145,161,67,52,52,70,70,84,96,96,96,96],"floor_reached":16,"language":"ENG","playtime":1800,"items_purged":[],"score":94,"play_id":"6978657d-7acc-4ffa-bf84-105bb70ad07c","local_time":"20210120220256","is_ascension_mode":false,"campfire_choices":[{"data":"bronze:Replicate","floor":1,"key":"SMITH"},{"data":"bronze:Defend","floor":6,"key":"SMITH"},{"data":"bronze:Assembly","floor":11,"key":"SMITH"},{"data":"bronze:CloningBeam","floor":13,"key":"SMITH"}],"circlet_count":0,"master_deck":["bronze:Strike","bronze:Strike","bronze:Strike","bronze:Strike","bronze:Defend","bronze:Defend","bronze:Defend","bronze:Defend+1","bronze:Replicate+1","bronze:Goto","bronze:Replicate+1","bronze:ClassDefault","bronze:FineTuning","bronze:FineTuning","bronze:BronzeArmor","bronze:FineTuning","bronze:Assembly+1","bronze:Assembly","bronze:CloningBeam+1","bronze:Fortify","bronze:NullPointer"],"relics":["bronze:BronzeCore","FossilizedHelix"],"acts_visited":["Exordium"],"potions_floor_usage":[12,16,16],"damage_taken":[{"damage":0,"enemies":"2 Louse","floor":3,"turns":3},{"damage":0,"enemies":"Cultist","floor":4,"turns":3},{"damage":1,"enemies":"Jaw Worm","floor":5,"turns":3},{"damage":0,"enemies":"3 Louse","floor":8,"turns":3},{"damage":0,"enemies":"downfall:FleeingMerchant","floor":9,"turns":4},{"damage":9,"enemies":"downfall:FleeingMerchant","floor":10,"turns":4},{"damage":11,"enemies":"Exordium Wildlife","floor":12,"turns":4},{"damage":0,"enemies":"Blue Slaver","floor":14,"turns":3},{"damage":18,"enemies":"Exordium Thugs","floor":15,"turns":4},{"damage":43,"enemies":"DF_ARCHETYPE_STREAMLINE","floor":16,"turns":9}],"seed_played":"4200829901580825160","potions_obtained":[{"floor":3,"key":"Explosive Potion"},{"floor":8,"key":"Strength Potion"},{"floor":12,"key":"bronze:CleanCodePotion"},{"floor":15,"key":"SpeedPotion"}],"is_trial":false,"path_per_floor":["R","?","M","M","M","R","T","M","$","$","R","M","R","M","M","B"],"character_chosen":"THE_AUTOMATON","items_purchased":["bronze:Assembly"],"campfire_rested":0,"item_purchase_floors":[9],"current_hp_per_floor":[77,77,77,77,76,76,76,76,76,67,67,56,56,56,38,0,0,0],"gold":96,"neow_bonus":"TEN_PERCENT_HP_BONUS","is_daily":false,"chose_seed":false,"campfire_upgraded":4,"win_rate":0.0,"timestamp":1611208976,"path_taken":["R","?","?","M","M","R","T","M","?","$","R","M","R","M","M","BOSS"],"items_purchased_type":["Card"],"build_version":"2020-12-22","purchased_purges":0,"victory":false,"max_hp_per_floor":[77,77,77,77,77,77,77,77,77,77,77,77,77,77,77,77,77,77],"card_choices":[{"not_picked":["bronze:OilSpill","bronze:Deprecate"],"picked":"bronze:ClassDefault","floor":3},{"not_picked":["bronze:Invalidate","bronze:Overheat"],"picked":"bronze:FineTuning","floor":4},{"not_picked":["bronze:BitShift","bronze:DelayedGuard"],"picked":"bronze:FineTuning","floor":5},{"not_picked":["bronze:Shield","bronze:Iterate"],"picked":"bronze:BronzeArmor","floor":8},{"not_picked":["bronze:Branch","bronze:BronzeArmor"],"picked":"bronze:FineTuning","floor":9},{"not_picked":["bronze:BuggyMess","bronze:Return"],"picked":"bronze:Assembly","floor":10},{"not_picked":["bronze:Allocate","bronze:BugBarrage"],"picked":"bronze:CloningBeam","floor":12},{"not_picked":["bronze:OilSpill","bronze:Turbo"],"picked":"bronze:Fortify","floor":14},{"not_picked":["bronze:Overload","bronze:Shield"],"picked":"bronze:NullPointer","floor":15}],"player_experience":1792634,"relics_obtained":[{"floor":7,"key":"FossilizedHelix"}],"event_choices":[],"is_beta":false,"boss_relics":[],"items_purged_floors":[],"is_endless":false,"potions_floor_spawned":[3,8,12,15],"killed_by":"DF_ARCHETYPE_STREAMLINE","ascension_level":0}}