{"host":"c95txy58ipbu969e","time":1611237958,"event":{"mods":["Act Like it!","Arknights The Spire","BaseMod","Minty Spire (QoL Compilation)","Quick Restart","StSLib"],"gold_per_floor":[114,128,141,153,153,153,182,182,207,207,207,226,261,274,274,274,274],"floor_reached":16,"language":"ENG","playtime":804,"items_purged":[],"score":123,"play_id":"91e666ba-f4c0-484a-b232-34753e78a936","local_time":"20210121220558","is_ascension_mode":true,"campfire_choices":[{"data":"ats:Ambush","floor":6,"key":"SMITH"},{"data":"ats:Song Of Battle","floor":11,"key":"SMITH"},{"floor":15,"key":"REST"}],"circlet_count":0,"master_deck":["ats:Armor Crushing Shot","ats:Emotion Absorption","ats:Overload","ats:Curse Doll","ats:Song Of Battle+1","ats:Flame Of Heaven","ats:Ambush+1","ats:Consecutive Shot Auto","ats:Serious Mode","ats:Automatic Cover","ats:Support Order","ats:Sword Rain","ats:Rapid Magazine","ats:Chain Hook","ats:Neurotoxin","ats:Flexible Camouflage","ats:Charging Defense"],"relics":["Pandora\u0027s Box","Prayer Wheel","ats:Originium","Bottled Tornado","Potion Belt","The Courier"],"acts_visited":["Exordium"],"potions_floor_usage":[],"damage_taken":[{"damage":10.0,"enemies":"Small Slimes","floor":1.0,"turns":3.0},{"damage":0,"enemies":"Jaw Worm","floor":2,"turns":3},{"damage":4,"enemies":"Cultist","floor":3,"turns":3},{"damage":8,"enemies":"3 Louse","floor":4,"turns":3},{"damage":18,"enemies":"Lagavulin","floor":7,"turns":4},{"damage":6,"enemies":"Blue Slaver","floor":12,"turns":2},{"damage":9,"enemies":"3 Sentries","floor":13,"turns":5},{"damage":11,"enemies":"Looter","floor":14,"turns":3},{"damage":34,"enemies":"The Guardian","floor":16,"turns":4}],"seed_played":"-8458398338888643844","potions_obtained":[{"floor":1,"key":"LiquidBronze"},{"floor":7,"key":"Weak Potion"},{"floor":12,"key":"SteroidPotion"},{"floor":14,"key":"LiquidMemories"}],"is_trial":false,"path_per_floor":["M","M","M","M","?","R","E","T","T","T","R","M","E","M","R","B"],"character_chosen":"DOCTOR_CLASS","items_purchased":[],"campfire_rested":1,"item_purchase_floors":[],"current_hp_per_floor":[62,62,58,50,50,50,32,32,32,32,32,26,17,6,27,0,0],"gold":274,"neow_bonus":"BOSS_RELIC","is_daily":false,"chose_seed":false,"campfire_upgraded":2,"win_rate":0.0,"timestamp":1611237958,"path_taken":["M","M","M","M","?","R","E","?","T","?","R","M","E","M","R","BOSS"],"items_purchased_type":[],"build_version":"2020-12-22","purchased_purges":0,"victory":false,"max_hp_per_floor":[72,72,72,72,72,72,72,72,72,72,72,72,72,72,72,72,72],"card_choices":[{"not_picked":["ats:Curse Doll","ats:Leaping Hammer"],"picked":"ats:Automatic Cover","floor":1},{"not_picked":["ats:Spore Proliferation","ats:Closed Bolt Burst Fire"],"picked":"ats:Support Order","floor":2},{"not_picked":["ats:Curse Doll","ats:Explosion Area Strengthen"],"picked":"ats:Sword Rain","floor":3},{"not_picked":["ats:Counter Healing Mode","ats:Cat Scratch"],"picked":"ats:Rapid Magazine","floor":4},{"not_picked":["ats:Closed Bolt Burst Fire","ats:Automatic Cover"],"picked":"ats:Chain Hook","floor":7},{"not_picked":["ats:Shell Defense","ats:Support Order"],"picked":"ats:Neurotoxin","floor":12},{"not_picked":["ats:Beaten Up","ats:Neurotoxin"],"picked":"ats:Flexible Camouflage","floor":12},{"not_picked":["ats:Apocalypse","ats:Blood Oath","ats:Very Hot Blade"],"picked":"SKIP","floor":13},{"not_picked":["ats:Childhood Dance","ats:Defend Order"],"picked":"ats:Charging Defense","floor":14},{"not_picked":["ats:Sword Rain","ats:Leaping Hammer","ats:Very Hot Blade"],"picked":"SKIP","floor":14}],"player_experience":268176,"relics_obtained":[{"floor":7,"key":"Prayer Wheel"},{"floor":7,"key":"ats:Originium"},{"floor":8,"key":"Bottled Tornado"},{"floor":9,"key":"Potion Belt"},{"floor":13,"key":"ats:Originium"},{"floor":13,"key":"The Courier"}],"event_choices":[{"cards_removed":["ats:Ambush"],"damage_healed":0,"gold_gain":0,"player_choice":"Forget","damage_taken":0,"max_hp_gain":0,"max_hp_loss":0,"event_name":"Living Wall","floor":5,"gold_loss":0}],"is_beta":false,"boss_relics":[],"items_purged_floors":[],"is_endless":false,"potions_floor_spawned":[1,7,12,14],"killed_by":"The Guardian","ascension_level":2}}