{"host":"xj2wyr3bqqv4irjd","time":1611227653,"event":{"mods":["Act Like it!","Aspiration","BaseMod","Gensokyo","Koishi","Lobotomy","LobotomyExtend","Marisa£®ÏF”Í°°ƒß¿Ì…≥£©","Minty Spire (QoL Compilation)","Quick Restart","Rare Cards Sparkle","Reimu£®≤©¿ˆ¡È√Œ£©","Remilia£®¿Ÿ√◊¿Ú—«£©","Replay The Spire","SIMod","StSLib","The Alterego","The Servant 0.9.4","WarShipGirlsR/’ΩΩ¢…Ÿ≈ÆR mod","Yakumo Yukari mod","Youmu£®ªÍ∆«—˝√Œ£©"],"gold_per_floor":[117,130,3,19,29,29,62,81,81,81,112,187,40,69,69,167,167,181,193,113,73,73,73,73,104,131,163,163,153,169,188,188,291,291,308,183,200,16,32,57,71,105,129,163,163,196,196,226,226,226],"floor_reached":51,"language":"ZHS","playtime":4612,"items_purged":["Defend_S","Strike_S","Unruled+1","Defend_S"],"score":1180,"play_id":"6d3fa948-05f0-40d7-95f3-43f900603a92","local_time":"20210121191413","is_ascension_mode":true,"campfire_choices":[{"data":"FanOfKnives","floor":6.0,"key":"SMITH"},{"data":"Exchange","floor":10.0,"key":"SMITH"},{"data":"InstantArmor","floor":15.0,"key":"SMITH"},{"data":"DualDimension","floor":23.0,"key":"SMITH"},{"data":"GearUp","floor":28.0,"key":"SMITH"},{"data":"FloweringNight","floor":32.0,"key":"SMITH"},{"data":"KillingDoll","floor":49,"key":"SMITH"}],"circlet_count":0,"master_deck":["Defend_S","Defend_S","KidneyShot","Exchange+1","Ricochet","Rearm","FanOfKnives+1","Comet","DualDimension+1","Alleviate","InstantArmor+1","Advance","Comet","KillingDoll+1","Comet+1","GearUp+1","SurpressingFire","FloweringNight+1","Rewind","PendulumOfEternity","GearUp+1","BottledTime","BottledTime","Rearm","SurpressingFire","Starlight+1"],"relics":["Uniform","aspiration:Nostalgia","Koishi:ImaginaryFriend","LetterFromLob","Iron Hammer","Chameleon Ring","aspiration:AnachronicSnailShell","BargainBundle","ReplayTheSpireMod:Shallot","Astrolabe","ZunR:ReiMu","aspiration:ChemicalBlood","Pen Nib","Bag of Marbles","aspiration:FutureDiary","Mango","TungstenRod","Mirror","Gremlin Horn","Centennial Puzzle","Pocketwatch"],"acts_visited":["Exordium","TheCity","TheBeyond"],"potions_floor_usage":[50,51,51],"damage_taken":[{"damage":0.0,"enemies":"Small Slimes","floor":1.0,"turns":3.0},{"damage":1.0,"enemies":"Cultist","floor":2.0,"turns":5.0},{"damage":6.0,"enemies":"Jaw Worm","floor":4.0,"turns":4.0},{"damage":0.0,"enemies":"Large Slime","floor":5.0,"turns":6.0},{"damage":13.0,"enemies":"Lagavulin","floor":7.0,"turns":4.0},{"damage":1.0,"enemies":"Blue Slaver","floor":8.0,"turns":3.0},{"damage":1.0,"enemies":"3 Sentries","floor":11.0,"turns":2.0},{"damage":2.0,"enemies":"Gremlin Nob","floor":14.0,"turns":5.0},{"damage":0.0,"enemies":"Fading Forest","floor":16.0,"turns":11.0},{"damage":0.0,"enemies":"Spheric Guardian","floor":18.0,"turns":3.0},{"damage":0.0,"enemies":"2 Thieves","floor":19.0,"turns":3.0},{"damage":0.0,"enemies":"Slavers","floor":25.0,"turns":5.0},{"damage":5.0,"enemies":"Replay:Snechameleon","floor":27.0,"turns":5.0},{"damage":0.0,"enemies":"Chosen and Byrds","floor":30.0,"turns":5.0},{"damage":0.0,"enemies":"3 Cultists","floor":31.0,"turns":3.0},{"damage":0.0,"enemies":"Collector","floor":33.0,"turns":9.0},{"damage":3.0,"enemies":"3 Shapes","floor":35.0,"turns":6.0},{"damage":0.0,"enemies":"Orb Walker","floor":37.0,"turns":3.0},{"damage":0.0,"enemies":"Reptomancer","floor":40.0,"turns":7.0},{"damage":0.0,"enemies":"Spire Growth","floor":41.0,"turns":7.0},{"damage":0.0,"enemies":"R_Hoarder","floor":42.0,"turns":8.0},{"damage":0.0,"enemies":"Nemesis","floor":44.0,"turns":7.0},{"damage":0,"enemies":"Giant Head","floor":46,"turns":8},{"damage":4,"enemies":"R_Hoarder","floor":48,"turns":11},{"damage":0,"enemies":"Time Eater","floor":50,"turns":11},{"damage":26,"enemies":"Malkuth","floor":51,"turns":11},{"damage":0,"enemies":"Yesod","floor":51,"turns":15}],"seed_played":"215787931649470580","potions_obtained":[{"floor":2.0,"key":"MagicPotion:ReiMu"},{"floor":4.0,"key":"Explosive Potion"},{"floor":8.0,"key":"Languid Potion"},{"floor":16.0,"key":"Milkshake"},{"floor":25.0,"key":"Block Potion"},{"floor":27.0,"key":"PowerPotion"},{"floor":33.0,"key":"Strength Potion"},{"floor":41.0,"key":"Milkshake"},{"floor":42.0,"key":"Strength Potion"},{"floor":44.0,"key":"SkillPotion"},{"floor":51,"key":"Elixir"},{"floor":51,"key":"Weak Potion"}],"is_trial":false,"path_per_floor":["M","M","$","M","M","R","E","M","T","R","E","?","$","E","R","B",null,"M","M","$","?","?","R","$","E","T","E","R","?","M","M","R","B",null,"M","$","M","$","?","E","M","E","T","E","?","E","?","E","R","B",null],"character_chosen":"THE_SERVANT","items_purchased":["Rearm","BargainBundle","DistilledChaos","Weak Potion","Advance","Comet","GearUp","BottledTime"],"campfire_rested":0,"item_purchase_floors":[3,13,13,13,13,13,20,38],"current_hp_per_floor":[65,64,64,58,58,58,45,44,44,44,43,37,37,35,35,45,65,65,65,65,65,65,65,65,65,65,60,60,60,60,60,60,60,65,62,62,62,62,60,60,60,60,60,60,60,60,60,61,61,61],"gold":226,"neow_bonus":"NOSTALGIA","is_daily":false,"chose_seed":false,"campfire_upgraded":7,"win_rate":0.0,"timestamp":1611227653,"path_taken":["M","M","$","M","M","R","E","M","T","R","E","?","?","E","R","BOSS","M","M","$","?","?","R","?","E","T","E","R","?","M","M","R","BOSS","M","$","M","$","?","E","?","E","T","E","?","E","?","E","R","BOSS"],"items_purchased_type":["Card","Relic","Potion","Potion","Card","Card","Card","Card"],"build_version":"2020-12-22","purchased_purges":4,"victory":true,"max_hp_per_floor":[65,65,65,65,65,65,65,65,65,65,65,65,65,65,65,65,65,65,65,65,65,65,65,65,65,65,65,65,65,65,65,65,65,65,65,65,65,65,79,79,79,79,79,79,79,79,79,79,79,79],"card_choices":[{"not_picked":["Potential","Rewind","Replace"],"picked":"SKIP","floor":1.0},{"not_picked":["TimeWarp","Comet"],"picked":"Ricochet","floor":2.0},{"not_picked":["Alleviate","Gouge"],"picked":"FanOfKnives","floor":4.0},{"not_picked":["Defy","Replace"],"picked":"Comet","floor":5.0},{"not_picked":["ShatteredReality","Contraction"],"picked":"DualDimension","floor":7.0},{"not_picked":["Potential","StarChef"],"picked":"Alleviate","floor":8.0},{"not_picked":["ShiftingGears","Replace"],"picked":"InstantArmor","floor":11.0},{"not_picked":["Luminosity","Desolation","Alleviate"],"picked":"SKIP","floor":14.0},{"not_picked":["Initiator","Duplication"],"picked":"KillingDoll","floor":16.0},{"not_picked":["Snipe","Foresight","DoubleEdge"],"picked":"SKIP","floor":18.0},{"not_picked":["Barrier+1","Contraction","Replace"],"picked":"SKIP","floor":19.0},{"not_picked":["DualDimension","StarChef"],"picked":"SurpressingFire","floor":25.0},{"not_picked":["Spin","ShatteredReality","Alleviate"],"picked":"SKIP","floor":27.0},{"not_picked":[],"picked":"FloweringNight","floor":29.0},{"not_picked":["DoubleEdge","Solidify","Revamp"],"picked":"SKIP","floor":30.0},{"not_picked":["Misdirection","Unruled"],"picked":"Rewind","floor":31.0},{"not_picked":["Deny","MurderousAura"],"picked":"PendulumOfEternity","floor":33.0},{"not_picked":["Replace+1","FastForward+1"],"picked":"GearUp+1","floor":35.0},{"not_picked":["Potential+1","Unruled","Ricochet"],"picked":"SKIP","floor":37.0},{"not_picked":["TimeWarp","Comet"],"picked":"Rearm","floor":40.0},{"not_picked":["Alleviate","Shuttle+1","ShatteredReality"],"picked":"SKIP","floor":41.0},{"not_picked":["SoulSculpture","BottledTime+1"],"picked":"SurpressingFire","floor":42.0},{"not_picked":["Revamp","FastForward","BestPractice"],"picked":"SKIP","floor":44.0},{"not_picked":["Hightail","SpecialFormula+1","Read"],"picked":"SKIP","floor":46},{"not_picked":["Hightail","SpecialFormula+1","Read"],"picked":"SKIP","floor":46},{"not_picked":["Solidify","Comet+1"],"picked":"Starlight+1","floor":48}],"player_experience":563004,"relics_obtained":[{"floor":1.0,"key":"LetterFromLob"},{"floor":7.0,"key":"Iron Hammer"},{"floor":9.0,"key":"Chameleon Ring"},{"floor":11.0,"key":"aspiration:AnachronicSnailShell"},{"floor":14.0,"key":"ReplayTheSpireMod:Shallot"},{"floor":25.0,"key":"aspiration:ChemicalBlood"},{"floor":26.0,"key":"Pen Nib"},{"floor":27.0,"key":"Bag of Marbles"},{"floor":39.0,"key":"Mango"},{"floor":40.0,"key":"TungstenRod"},{"floor":42.0,"key":"Mirror"},{"floor":44.0,"key":"Gremlin Horn"},{"floor":46,"key":"Centennial Puzzle"},{"floor":48,"key":"Pocketwatch"}],"event_choices":[{"damage_healed":0.0,"max_hp_gain":0.0,"max_hp_loss":0.0,"gold_gain":75.0,"event_name":"FaceTrader","player_choice":"Touch","floor":12.0,"gold_loss":0.0,"damage_taken":6.0},{"damage_healed":0.0,"max_hp_gain":0.0,"max_hp_loss":0.0,"gold_gain":0.0,"event_name":"ZunEvent","player_choice":"π∫¬Ú…Òæ∆","floor":21.0,"gold_loss":40.0,"damage_taken":0.0,"relics_obtained":["ZunR:ReiMu"]},{"cards_removed":["Desolation"],"damage_healed":0,"gold_gain":0,"player_choice":"Removed Attack","damage_taken":0,"max_hp_gain":0,"max_hp_loss":0,"event_name":"Falling","floor":47,"gold_loss":0}],"is_beta":false,"boss_relics":[{"not_picked":["Busted Crown","Ectoplasm"],"picked":"Astrolabe"},{"not_picked":["aspiration:SecretTechniqueScroll","Kintsugi"],"picked":"aspiration:FutureDiary"}],"items_purged_floors":[3,13,36,38],"is_endless":false,"potions_floor_spawned":[2,4,8,16,25,27,33,41,42,44],"ascension_level":1}}