{"host":"6xsbn6ynqlzwllfm","time":1611260608,"event":{"mods":["2.2 Compatiblity","BaseMod","Bestiary","Colored Map","Colored Powertips","Curses Come First","Highlight Path","Keyboard Shortcuts","Minty Spire (QoL Compilation)","Quick Restart","Relic Stats","Slay the Relics Exporter","StSLib","SuperFastMode"],"gold_per_floor":[113,63,80,80,97,129,140,140,215,244,254,287,287,307,307,408,408,418,455,267,279,289,289,349,349,396,468,494,34,73,73,82,217,217,256,256,256,311,55,55,123,123,123,132,190,199,21,0,9,34],"floor_reached":51,"language":"ENG","playtime":2417,"items_purged":["Strike_P","Strike_P"],"score":949,"play_id":"64389436-64d2-48fc-817d-ed9e58e1f566","local_time":"20210121152328","is_ascension_mode":true,"campfire_choices":[{"data":"Eruption","floor":8,"key":"SMITH"},{"data":"CrushJoints","floor":13,"key":"SMITH"},{"data":"Wallop","floor":15,"key":"SMITH"},{"data":"TalkToTheHand","floor":23,"key":"SMITH"},{"floor":25,"key":"REST"},{"floor":32,"key":"REST"},{"data":"HandOfGreed","floor":40,"key":"SMITH"},{"data":"Wish","floor":42,"key":"SMITH"},{"floor":46,"key":"REST"},{"floor":49,"key":"REST"}],"circlet_count":0,"master_deck":["Strike_P","Defend_P","Defend_P+1","Defend_P+1","Eruption+1","Vigilance","Wallop+1","FlurryOfBlows","EmptyMind","Tantrum","CrushJoints+1","FearNoEvil","WheelKick","Consecrate","Wish+1","Swivel+1","Halt+1","Wallop","TalkToTheHand+1","EmptyBody","HandOfGreed+1","WheelKick+1","Ragnarok","MentalFortress+1","Transmutation","InnerPeace+1","Apotheosis","Collect+1"],"relics":["SlaversCollar","Ginger","Pear","Vajra","Regal Pillow","Sozu","Dream Catcher","MawBank","CeramicFish","Lantern","Bag of Preparation","Runic Pyramid","Akabeko","War Paint","Anchor","Red Mask"],"acts_visited":["Exordium","TheCity","TheBeyond"],"potions_floor_usage":[6,10,27,50],"damage_taken":[{"damage":0,"enemies":"2 Louse","floor":1,"turns":2},{"damage":10,"enemies":"Jaw Worm","floor":3,"turns":4},{"damage":7,"enemies":"Cultist","floor":5,"turns":3},{"damage":0,"enemies":"Gremlin Nob","floor":6,"turns":2},{"damage":4,"enemies":"Exordium Wildlife","floor":7,"turns":3},{"damage":18,"enemies":"Lagavulin","floor":10,"turns":4},{"damage":0,"enemies":"Looter","floor":11,"turns":1},{"damage":2,"enemies":"3 Sentries","floor":12,"turns":5},{"damage":12,"enemies":"Exordium Thugs","floor":14,"turns":2},{"damage":0,"enemies":"The Guardian","floor":16,"turns":5},{"damage":17,"enemies":"2 Thieves","floor":18,"turns":2},{"damage":4,"enemies":"Chosen","floor":19,"turns":3},{"damage":6,"enemies":"3 Cultists","floor":21,"turns":4},{"damage":0,"enemies":"Shelled Parasite and Fungi","floor":22,"turns":4},{"damage":52,"enemies":"Gremlin Leader","floor":24,"turns":4},{"damage":17,"enemies":"Book of Stabbing","floor":27,"turns":4},{"damage":2,"enemies":"Centurion and Healer","floor":28,"turns":4},{"damage":0,"enemies":"Chosen and Byrds","floor":30,"turns":4},{"damage":55,"enemies":"Automaton","floor":33,"turns":9},{"damage":0,"enemies":"Orb Walker","floor":35,"turns":2},{"damage":13,"enemies":"3 Shapes","floor":38,"turns":6},{"damage":10,"enemies":"Spire Growth","floor":41,"turns":4},{"damage":35,"enemies":"Reptomancer","floor":45,"turns":4},{"damage":20,"enemies":"Awakened One","floor":50,"turns":5}],"seed_played":"6812343719273069183","potions_obtained":[{"floor":1,"key":"Fire Potion"},{"floor":7,"key":"BottledMiracle"},{"floor":10,"key":"FearPotion"},{"floor":14,"key":"Swift Potion"},{"floor":16,"key":"LiquidBronze"}],"is_trial":false,"path_per_floor":["M","?","M","?","M","E","M","R","T","E","M","E","R","M","R","B",null,"M","M","$","M","M","R","E","R","T","E","M","$","M","?","R","B",null,"M","?","T","M","$","R","M","R","T","?","E","R","$","?","R","B",null],"character_chosen":"WATCHER","items_purchased":["Wallop","TalkToTheHand","Lantern","Bag of Preparation","HandOfGreed","War Paint","Apotheosis"],"campfire_rested":4,"item_purchase_floors":[20,20,29,29,29,39,47],"current_hp_per_floor":[72,72,62,62,55,55,51,51,61,43,43,41,41,29,29,29,82,65,61,61,55,55,55,3,42,42,25,23,23,23,23,62,7,82,82,78,78,65,65,65,55,55,55,45,10,48,48,48,78,58],"gold":34,"neow_bonus":"BOSS_RELIC","is_daily":false,"chose_seed":false,"campfire_upgraded":6,"win_rate":0.0,"timestamp":1611260608,"path_taken":["M","?","M","?","M","E","M","R","T","E","?","E","R","M","R","BOSS","M","M","$","M","M","R","E","R","T","E","M","$","M","?","R","BOSS","M","?","?","M","$","R","M","R","T","?","E","R","$","?","R","BOSS"],"items_purchased_type":["Card","Card","Relic","Relic","Card","Relic","Card"],"build_version":"2020-12-22","purchased_purges":2,"victory":true,"max_hp_per_floor":[72,72,72,72,72,72,72,72,82,82,82,82,82,82,82,82,82,82,82,82,82,82,82,82,82,82,82,82,82,82,82,82,82,82,82,78,78,78,78,78,78,78,78,78,78,78,78,78,78,78],"relic_stats":{"Sozu":4,"Regal Pillow":52,"Dream Catcher":4,"counters":[24,90],"CeramicFish":72,"Bag of Preparation":[14],"Ginger":[6],"War Paint":["Defend_P","Defend_P"],"MawBank":36,"obtain_stats":[{"Regal Pillow":12,"Lantern":29,"Pear":9,"CeramicFish":27,"Vajra":10,"Bag of Preparation":29,"Ginger":6,"War Paint":39,"MawBank":26,"Akabeko":37,"Sozu":17,"SlaversCollar":0,"Dream Catcher":24,"Anchor":45,"Red Mask":48,"PureWater":0,"Runic Pyramid":34},{"Regal Pillow":8,"Lantern":17,"Pear":5,"CeramicFish":16,"Vajra":6,"Bag of Preparation":17,"Ginger":4,"War Paint":21,"MawBank":15,"Akabeko":20,"Sozu":10,"SlaversCollar":0,"Dream Catcher":15,"Anchor":23,"Red Mask":23,"PureWater":0,"Runic Pyramid":19},{"Regal Pillow":24,"Lantern":56,"Pear":14,"CeramicFish":52,"Vajra":18,"Bag of Preparation":56,"Ginger":11,"War Paint":77,"MawBank":48,"Akabeko":71,"Sozu":31,"SlaversCollar":0,"Dream Catcher":48,"Anchor":85,"Red Mask":85,"PureWater":0,"Runic Pyramid":69}]},"card_choices":[{"not_picked":["Perseverance","ClearTheMind"],"picked":"Wallop","floor":1},{"not_picked":["ForeignInfluence","Protect"],"picked":"FlurryOfBlows","floor":3},{"not_picked":["Pray","EmptyBody"],"picked":"EmptyMind","floor":5},{"not_picked":["PathToVictory","SashWhip"],"picked":"Tantrum","floor":6},{"not_picked":["Study","ClearTheMind"],"picked":"CrushJoints","floor":7},{"not_picked":["Establishment","Tantrum"],"picked":"FearNoEvil","floor":10},{"not_picked":["BowlingBash","EmptyFist","FlyingSleeves"],"picked":"SKIP","floor":11},{"not_picked":["Protect","SignatureMove"],"picked":"WheelKick","floor":12},{"not_picked":["Prostrate","Weave"],"picked":"Consecrate","floor":14},{"not_picked":["Establishment","Brilliance"],"picked":"Wish","floor":16},{"not_picked":["SashWhip","CutThroughFate"],"picked":"Swivel+1","floor":18},{"not_picked":["Evaluate","JustLucky"],"picked":"Halt+1","floor":19},{"not_picked":["CrushJoints","Evaluate","JustLucky+1"],"picked":"SKIP","floor":21},{"not_picked":["ForeignInfluence","Perseverance","BowlingBash"],"picked":"SKIP","floor":22},{"not_picked":["BowlingBash","Consecrate","FlyingSleeves"],"picked":"SKIP","floor":24},{"not_picked":["Prostrate","Crescendo"],"picked":"EmptyBody","floor":25},{"not_picked":["EmptyFist","ThirdEye+1","CarveReality"],"picked":"SKIP","floor":27},{"not_picked":["FearNoEvil","BowlingBash","EmptyFist"],"picked":"SKIP","floor":28},{"not_picked":["Worship","Indignation+1","ThirdEye"],"picked":"SKIP","floor":30},{"not_picked":["MentalFortress","InnerPeace+1"],"picked":"WheelKick+1","floor":32},{"not_picked":["LessonLearned","Scrawl"],"picked":"Ragnarok","floor":33},{"not_picked":["FlyingSleeves+1","Evaluate"],"picked":"MentalFortress+1","floor":35},{"not_picked":["ForeignInfluence","Prostrate+1","Crescendo+1"],"picked":"SKIP","floor":38},{"not_picked":["Protect+1","BowlingBash","EmptyFist+1"],"picked":"SKIP","floor":41},{"not_picked":["Discovery","Bandage Up"],"picked":"Transmutation","floor":44},{"not_picked":["Evaluate+1","BowlingBash","EmptyBody+1"],"picked":"SKIP","floor":45},{"not_picked":["Halt","Protect+1"],"picked":"InnerPeace+1","floor":46},{"not_picked":["Halt+1","ThirdEye+1"],"picked":"Collect+1","floor":49}],"player_experience":1074722,"relics_obtained":[{"floor":6,"key":"Ginger"},{"floor":9,"key":"Pear"},{"floor":10,"key":"Vajra"},{"floor":12,"key":"Regal Pillow"},{"floor":24,"key":"Dream Catcher"},{"floor":26,"key":"MawBank"},{"floor":27,"key":"CeramicFish"},{"floor":37,"key":"Akabeko"},{"floor":45,"key":"Anchor"}],"event_choices":[{"cards_removed":["Strike_P"],"damage_healed":0,"gold_gain":0,"player_choice":"Card Removal","damage_taken":0,"max_hp_gain":0,"max_hp_loss":0,"event_name":"The Cleric","floor":2,"gold_loss":50},{"cards_removed":["Defend_P"],"damage_healed":0,"gold_gain":0,"player_choice":"Purged","damage_taken":0,"max_hp_gain":0,"max_hp_loss":0,"event_name":"Purifier","floor":4,"gold_loss":0},{"damage_healed":0,"gold_gain":0,"player_choice":"Ignored","damage_taken":0,"max_hp_gain":0,"max_hp_loss":0,"event_name":"Vampires","floor":31,"gold_loss":0},{"damage_healed":0,"gold_gain":0,"player_choice":"Max HP","damage_taken":0,"max_hp_gain":0,"max_hp_loss":4,"event_name":"Winding Halls","floor":36,"gold_loss":0},{"damage_healed":0,"gold_gain":0,"player_choice":"Memory 3","damage_taken":10,"max_hp_gain":0,"max_hp_loss":0,"event_name":"SensoryStone","floor":44,"gold_loss":0},{"damage_healed":0,"gold_gain":0,"player_choice":"Paid","damage_taken":0,"relics_obtained":["Red Mask"],"max_hp_gain":0,"max_hp_loss":0,"event_name":"Tomb of Lord Red Mask","floor":48,"gold_loss":21}],"is_beta":false,"boss_relics":[{"not_picked":["Coffee Dripper","Velvet Choker"],"picked":"Sozu"},{"not_picked":["Astrolabe","VioletLotus"],"picked":"Runic Pyramid"}],"items_purged_floors":[20,39],"is_endless":false,"potions_floor_spawned":[1,7,10,14,16,18,27,28,35],"ascension_level":3}}