{"host":"n7mxhpjy89lltbhc","time":1611249823,"event":{"mods":["2.2 Compatiblity","Act Like it!","BaseMod","Better Match","Better Sensory Stone","Better Synergies","BetterRewards","Colored Map","Colored Powertips","Downfall","Exacting","Gensokyo","Infinite Spire","Jedi Mod","Marisa????????","Minty Spire (QoL Compilation)","Permanent Neow","Rare Cards Sparkle","Relic Stats","Shop Mod","Small Relic Pack","Spicy Shops","Spire Arcade","StSLib","The Blue Laboratory","The Servant 0.9.4","Waifu the Spire","Wandering Minibosses"],"gold_per_floor":[99,115,115,127,37,37,87,113,113,113,113,98,112,24,43,139,139,139,154,154,154,254,254,254,254,272,306,323,357,357,376,387,491,491,491,736,749,236,248,248,248,248,280,280,294,294,294,308,319,319],"floor_reached":51,"language":"ENG","playtime":1831,"items_purged":["jedi:thedog","bronze:Strike","bronze:Defend","bronze:Replicate"],"score":1113,"play_id":"359cd74e-614e-4990-a8d6-ce434be8085c","local_time":"25640122002343","is_ascension_mode":false,"campfire_choices":[{"data":"bronze:SpaghettiCode","floor":1,"key":"SMITH"},{"data":"bronze:GetLatest","floor":6,"key":"SMITH"},{"data":"bronze:FollowUp","floor":10,"key":"SMITH"},{"data":"bronze:HardenedForm","floor":18,"key":"SMITH"},{"data":"bronze:SpaghettiCode","floor":23,"key":"SMITH"},{"floor":25,"key":"REST"},{"data":"bronze:ThunderWave","floor":30,"key":"SMITH"},{"data":"bronze:Shell","floor":35,"key":"SMITH"},{"data":"bronze:Format","floor":40,"key":"SMITH"},{"data":"wanderingMiniBosses:FinaleOfPromise","floor":44,"key":"SMITH"},{"data":"bronze:BronzeOrb","floor":47,"key":"SMITH"}],"circlet_count":0,"master_deck":["bronze:Defend","bronze:Defend","bronze:Defend","bronze:Goto","bronze:SpaghettiCode+1","bronze:Backtrace","bronze:FollowUp+1","bronze:GetLatest+1","bronze:BitShift","bronze:Fortify","bronze:HardenedForm+1","bronze:Format+1","bronze:BronzeOrb+1","bronze:ThunderWave+1","bronze:Repair","bronze:SpaghettiCode+1","bronze:Fortify","bronze:Return","wanderingMiniBosses:FinaleOfPromise+1","bronze:Shell+1","bronze:Verify"],"relics":["bronze:BronzeCore","Dream Catcher","FossilizedHelix","Chemical X","Runic Dome","jedi:shrinkray","MutagenicStrength","Boot","wanderingMiniBosses:Blackblade","infinitespire:Bottled Soul","bronze:CableSpool","Sozu","Omamori","Kunai","jedi:arcanewood","Nunchaku","bronze:PlatinumCore","Eternal Feather"],"acts_visited":["Exordium","TheCity","TheBeyond"],"potions_floor_usage":[16],"damage_taken":[{"damage":0,"enemies":"Small Slimes","floor":2,"turns":3},{"damage":13,"enemies":"Cultist","floor":4,"turns":6},{"damage":0,"enemies":"downfall:FleeingMerchant","floor":5,"turns":4},{"damage":4,"enemies":"Gremlin Nob","floor":8,"turns":2},{"damage":0,"enemies":"downfall:FleeingMerchant","floor":12,"turns":4},{"damage":0,"enemies":"Jaw Worm","floor":13,"turns":2},{"damage":4,"enemies":"downfall:FleeingMerchant","floor":14,"turns":4},{"damage":0,"enemies":"3 Louse","floor":15,"turns":1},{"damage":13,"enemies":"SI_SHIV_ARCHETYPE","floor":16,"turns":6},{"damage":0,"enemies":"Shell Parasite","floor":19,"turns":2},{"damage":26,"enemies":"downfall:Augmenter","floor":22,"turns":6},{"damage":0,"enemies":"Centurion and Healer","floor":26,"turns":8},{"damage":0,"enemies":"Gremlin Leader","floor":27,"turns":3},{"damage":0,"enemies":"Cultist and Chosen","floor":28,"turns":2},{"damage":0,"enemies":"Book of Stabbing","floor":29,"turns":2},{"damage":0,"enemies":"Shelled Parasite and Fungi","floor":31,"turns":1},{"damage":0,"enemies":"Snake Plant","floor":32,"turns":1},{"damage":0,"enemies":"DF_ARCHETYPE_CLAW","floor":33,"turns":4},{"damage":0,"enemies":"downfall:FleeingMerchant","floor":36,"turns":1},{"damage":0,"enemies":"Orb Walker","floor":37,"turns":1},{"damage":0,"enemies":"3 Shapes","floor":39,"turns":1},{"damage":0,"enemies":"Reptomancer","floor":43,"turns":3},{"damage":0,"enemies":"Maw","floor":45,"turns":4},{"damage":5,"enemies":"Transient","floor":48,"turns":5},{"damage":0,"enemies":"Jaw Worm Horde","floor":49,"turns":2},{"damage":0,"enemies":"WA_ARCHETYPE_DIVINITY","floor":50,"turns":6}],"seed_played":"-5244118094040320863","potions_obtained":[{"floor":8,"key":"EssenceOfSteel"},{"floor":15,"key":"blueLaboratory:BottleOfRum"},{"floor":15,"key":"Weak Potion"},{"floor":19,"key":"blueLaboratory:BottleOfVodka"},{"floor":33,"key":"bronze:BurnAndBuffPotion"}],"is_trial":false,"path_per_floor":["R","M","?","M","$","R","T","E","?","R","?","$","M","$","M","B",null,"R","M","?","?","?","R","T","R","M","E","M","E","R","M","M","B",null,"R","$","M","$","M","R","T","AVR","E","R","M","?","R","M","M","B",null],"character_chosen":"THE_AUTOMATON","items_purchased":["Chemical X","Omamori","Kunai"],"campfire_rested":1,"item_purchase_floors":[14,38,38],"current_hp_per_floor":[70,70,70,57,57,57,57,53,53,53,58,58,69,65,65,52,75,75,75,75,75,49,49,49,71,75,75,75,75,75,75,75,75,75,75,75,75,75,75,75,75,75,75,75,75,75,75,75,75,75],"gold":319,"neow_bonus":"THREE_RARE_CARDS","is_daily":false,"chose_seed":false,"campfire_upgraded":10,"win_rate":0.0,"timestamp":1611249823,"path_taken":["R","M","?","?","$","R","T","E","?","R","?","?","M","$","M","BOSS","R","M","?","?","?","R","T","R","M","E","?","E","R","M","M","BOSS","R","$","M","?","M","R","T","AVR","E","R","M","?","R","M","M","BOSS"],"items_purchased_type":["Relic","Relic","Relic"],"build_version":"2020-12-22","purchased_purges":4,"victory":true,"max_hp_per_floor":[70,70,70,70,70,70,70,70,70,70,75,75,75,75,75,75,75,75,75,75,75,75,75,75,75,75,75,75,75,75,75,75,75,75,75,75,75,75,75,75,75,75,75,75,75,75,75,75,75,75],"relic_stats":{"Sozu":2,"Dream Catcher":1,"Nunchaku":[6],"counters":[26,84],"Eternal Feather":0,"Chemical X":[21],"Kunai":[14],"Boot":[11],"obtain_stats":[{"bronze:PlatinumCore":42,"bronze:BronzeCore":0,"Eternal Feather":43,"Omamori":38,"Boot":24,"jedi:shrinkray":20,"bronze:CableSpool":29,"Sozu":34,"Runic Dome":17,"Dream Catcher":7,"Nunchaku":42,"wanderingMiniBosses:Blackblade":26,"infinitespire:Bottled Soul":27,"MutagenicStrength":22,"Chemical X":14,"Kunai":38,"jedi:arcanewood":41,"FossilizedHelix":8},{"bronze:PlatinumCore":21,"bronze:BronzeCore":0,"Eternal Feather":22,"Omamori":20,"Boot":11,"jedi:shrinkray":10,"bronze:CableSpool":15,"Sozu":18,"Runic Dome":9,"Dream Catcher":3,"Nunchaku":21,"wanderingMiniBosses:Blackblade":12,"infinitespire:Bottled Soul":13,"MutagenicStrength":11,"Chemical X":7,"Kunai":20,"jedi:arcanewood":21,"FossilizedHelix":4},{"bronze:PlatinumCore":64,"bronze:BronzeCore":0,"Eternal Feather":67,"Omamori":63,"Boot":40,"jedi:shrinkray":34,"bronze:CableSpool":55,"Sozu":61,"Runic Dome":32,"Dream Catcher":13,"Nunchaku":64,"wanderingMiniBosses:Blackblade":48,"infinitespire:Bottled Soul":51,"MutagenicStrength":40,"Chemical X":25,"Kunai":63,"jedi:arcanewood":64,"FossilizedHelix":15}]},"card_choices":[{"not_picked":["bronze:Virus","bronze:FindAndReplace"],"picked":"bronze:SpaghettiCode","floor":0},{"not_picked":["bronze:Overheat","bronze:Shield"],"picked":"bronze:Backtrace","floor":2},{"not_picked":["bronze:Shield","bronze:BuggyMess"],"picked":"bronze:FollowUp","floor":4},{"not_picked":["bronze:NullPointer","bronze:FollowUp"],"picked":"bronze:GetLatest","floor":5},{"not_picked":["bronze:DigitalCarnage","bronze:Turbo"],"picked":"bronze:BitShift","floor":8},{"not_picked":["bronze:CutThrough","bronze:GetLatest","bronze:Frontload"],"picked":"SKIP","floor":12},{"not_picked":["bronze:OilSpill","bronze:Overload"],"picked":"bronze:HardenedForm","floor":13},{"not_picked":["bronze:DelayedSlice","bronze:Return"],"picked":"bronze:Format","floor":14},{"not_picked":["bronze:DelayedGuard","bronze:Iterate"],"picked":"bronze:BronzeOrb","floor":15},{"not_picked":["bronze:Format","bronze:HyperBeam"],"picked":"bronze:ThunderWave","floor":16},{"not_picked":["bronze:Frontload","bronze:Overheat","bronze:WildBeam"],"picked":"SKIP","floor":19},{"not_picked":["bronze:Allocate","bronze:ShipIt"],"picked":"bronze:Repair","floor":22},{"not_picked":["bronze:Overheat","bronze:FollowUp"],"picked":"bronze:Return","floor":26},{"not_picked":[],"picked":"wanderingMiniBosses:FinaleOfPromise","floor":26},{"not_picked":["bronze:Optimize","bronze:DelayedGuard","bronze:Allocate"],"picked":"SKIP","floor":27},{"not_picked":["bronze:Allocate","bronze:Frontload","bronze:DelayedSlice+1"],"picked":"SKIP","floor":28},{"not_picked":["bronze:Safeguard","bronze:Allocate","bronze:Boost"],"picked":"SKIP","floor":29},{"not_picked":["bronze:Frontload","bronze:Turbo","bronze:BuggyMess"],"picked":"SKIP","floor":31},{"not_picked":["bronze:Backtrace","bronze:BuggyMess"],"picked":"bronze:Shell","floor":32},{"not_picked":["bronze:ThunderWave","bronze:Mutator"],"picked":"bronze:Verify","floor":33},{"not_picked":["bronze:Backtrace","bronze:Branch+1","bronze:WildBeam+1"],"picked":"SKIP","floor":36},{"not_picked":["bronze:Turbo+1","bronze:WhirlingStrike","bronze:CutThrough+1"],"picked":"SKIP","floor":37},{"not_picked":["bronze:Invalidate+1","bronze:Overheat+1","bronze:BurnOut"],"picked":"SKIP","floor":39},{"not_picked":["bronze:CutThrough+1","bronze:Shield","bronze:Deprecate+1"],"picked":"SKIP","floor":43},{"not_picked":["bronze:WildBeam+1","bronze:GetLatest+1","bronze:Deprecate"],"picked":"SKIP","floor":45},{"not_picked":["bronze:Shield","bronze:WildBeam","bronze:WhirlingStrike+1"],"picked":"SKIP","floor":48},{"not_picked":["bronze:Invalidate","bronze:Deprecate","bronze:ForceShield"],"picked":"SKIP","floor":49}],"player_experience":1014435,"relics_obtained":[{"floor":7,"key":"Dream Catcher"},{"floor":8,"key":"FossilizedHelix"},{"floor":20,"key":"jedi:shrinkray"},{"floor":22,"key":"MutagenicStrength"},{"floor":24,"key":"Boot"},{"floor":26,"key":"wanderingMiniBosses:Blackblade"},{"floor":27,"key":"infinitespire:Bottled Soul"},{"floor":29,"key":"bronze:CableSpool"},{"floor":41,"key":"jedi:arcanewood"},{"floor":43,"key":"Eternal Feather"}],"event_choices":[{"damage_healed":0,"gold_gain":0,"player_choice":"Ignored","damage_taken":0,"max_hp_gain":0,"max_hp_loss":0,"event_name":"NoteForYourself","floor":3,"gold_loss":0},{"damage_healed":0,"gold_gain":0,"player_choice":"Donut","damage_taken":0,"max_hp_gain":5,"max_hp_loss":0,"event_name":"Big Fish","floor":11,"gold_loss":0},{"damage_healed":0,"gold_gain":2,"player_choice":"1","damage_taken":0,"max_hp_gain":0,"max_hp_loss":0,"event_name":"betterStone:BetterStone","floor":21,"gold_loss":0}],"is_beta":false,"boss_relics":[{"not_picked":["Runic Pyramid","Astrolabe"],"picked":"Runic Dome"},{"not_picked":["jedi:battlestandard","SlaversCollar"],"picked":"Sozu"}],"items_purged_floors":[5,36,38,42],"is_endless":false,"potions_floor_spawned":[8,15,19,26,27,32,33,37,48],"ascension_level":0}}