{"host":"z7byfb4bpt09dh7e","time":1611249237,"event":{"mods":["Aspiration","BaseMod","BetterRewards","Displayed Cursed Tome","Downfall","Infinite Spire","Minty Spire (QoL Compilation)","StSLib","The Blue Laboratory","Uncapped"],"gold_per_floor":[113,42,42,42,117,150,150,150,150,167,167,179,194,221,221,316,316,337,431,455,51,73,73,112,112,112,131,144,146,161,161,161,257,257,278,295,315,315,315,315,333,365,365,30,82,82,96,96,96,104],"floor_reached":51,"language":"ENG","playtime":2546,"items_purged":[],"score":1155,"play_id":"aa0931d3-d6c1-4fef-9ae7-73dc852728ce","local_time":"20210121121357","is_ascension_mode":false,"campfire_choices":[{"floor":7,"key":"REST"},{"data":"Panache","floor":11,"key":"SMITH"},{"data":"Storm","floor":15,"key":"SMITH"},{"data":"Seek","floor":23,"key":"SMITH"},{"floor":25,"key":"REST"},{"data":"infinitespire:NeuralNetwork","floor":32,"key":"SMITH"},{"data":"Electrodynamics","floor":40,"key":"SMITH"},{"data":"Storm","floor":46,"key":"SMITH"},{"data":"infinitespire:Collect","floor":49,"key":"SMITH"}],"circlet_count":0,"master_deck":["Strike_B","Strike_B","Strike_B","Strike_B","Defend_B","Defend_B","Defend_B","Defend_B","Zap","Dualcast","Panache+1","Trip","Hello World","Genetic Algorithm","Turbo","Rebound","Hello World","Redo","White Noise","Storm","Rebound","Sweeping Beam","Sweeping Beam","Storm+1","infinitespire:Oblivion+1","White Noise","Stack","Steam","Double Energy","Loop","Tempest","Leap","Cold Snap","Amplify","Sunder","Sunder+1","Gash+1","Stack","Stack","Seek+1","Steam","Go for the Eyes","Creative AI","Hello World","Loop","Skim","infinitespire:NeuralNetwork+1","infinitespire:FinalStrike","Electrodynamics+1","Aggregate+1","Stack+1","Conserve Battery+1","Skim+1","Hologram+1","Conserve Battery+1","Dark Shackles","Biased Cognition","Stack+1","Biased Cognition","Storm+1","Stack+1","Gash+1","Steam","infinitespire:Collect+1"],"relics":["Cracked Core","Sling","Eternal Feather","Prayer Wheel","TungstenRod","Sundial","aspiration:HatOfInfinitePower","Ornamental Fan","CaptainsWheel","Bottled Tornado","Nunchaku","Blue Candle","infinitespire:Midas Blood","Sozu","Happy Flower","InkBottle","aspiration:ChemicalBlood","infinitespire:PuzzleCube","aspiration:BursterCore","Dead Branch","SlaversCollar","infinitespire:WardingShard","Oddly Smooth Stone","Strange Spoon","Regal Pillow","Ginger","Ice Cream"],"acts_visited":["Exordium","TheCity","TheBeyond"],"potions_floor_usage":[24,41],"damage_taken":[{"damage":0,"enemies":"Cultist","floor":1,"turns":3},{"damage":12,"enemies":"3 Sentries","floor":6,"turns":4},{"damage":10,"enemies":"Jaw Worm","floor":10,"turns":2},{"damage":0,"enemies":"Small Slimes","floor":12,"turns":4},{"damage":13,"enemies":"Exordium Thugs","floor":13,"turns":3},{"damage":0,"enemies":"Lagavulin","floor":14,"turns":4},{"damage":0,"enemies":"Slime Boss","floor":16,"turns":7},{"damage":5,"enemies":"Shell Parasite","floor":18,"turns":3},{"damage":6,"enemies":"3 Byrds","floor":20,"turns":3},{"damage":18,"enemies":"Snake Plant","floor":22,"turns":3},{"damage":26,"enemies":"Slavers","floor":24,"turns":3},{"damage":0,"enemies":"Centurion and Healer","floor":27,"turns":2},{"damage":14,"enemies":"Shelled Parasite and Fungi","floor":28,"turns":2},{"damage":0,"enemies":"Snecko","floor":30,"turns":3},{"damage":0,"enemies":"Automaton","floor":33,"turns":4},{"damage":28,"enemies":"3 Darklings","floor":35,"turns":2},{"damage":9,"enemies":"Orb Walker","floor":36,"turns":2},{"damage":15,"enemies":"Spire Growth","floor":37,"turns":2},{"damage":0,"enemies":"Writhing Mass","floor":41,"turns":2},{"damage":8,"enemies":"Giant Head","floor":42,"turns":4},{"damage":2,"enemies":"Mind Bloom Boss Battle","floor":45,"turns":3},{"damage":13,"enemies":"Jaw Worm Horde","floor":47,"turns":2},{"damage":43,"enemies":"Awakened One","floor":50,"turns":5}],"seed_played":"5648424767621059949","potions_obtained":[{"floor":1,"key":"EssenceOfSteel"},{"floor":13,"key":"blueLaboratory:RelayPotion"},{"floor":14,"key":"Slimebound:ThreeZeroPotion"}],"is_trial":false,"path_per_floor":["M","$","?","$","?","E","R","?","T","M","R","M","M","E","R","B",null,"M","?","M","$","M","R","E","R","T","M","M","?","M","AVR","R","B",null,"M","M","M","?","?","R","M","E","T","$","?","R","M","AVR","R","B",null],"character_chosen":"DEFECT","items_purchased":["Sling","Eternal Feather","Panache","Trip","Hello World","Genetic Algorithm","Turbo","Rebound","Prayer Wheel","aspiration:HatOfInfinitePower","Ornamental Fan","Hello World","Redo","White Noise","Storm","Bottled Tornado","Rebound","Storm","Happy Flower","InkBottle","Strange Spoon","Storm","Regal Pillow"],"campfire_rested":2,"item_purchase_floors":[0,0,0,0,0,0,0,0,0,0,0,0,0,0,0,0,0,2,21,21,44,44,44],"current_hp_per_floor":[51,51,35,35,35,23,60,60,60,50,65,65,52,52,70,70,75,70,60,54,54,36,60,34,75,75,75,61,48,48,48,75,75,80,52,43,28,28,28,61,61,53,53,53,51,80,67,67,80,37],"gold":104,"neow_bonus":"","is_daily":false,"chose_seed":false,"campfire_upgraded":7,"win_rate":0.0,"timestamp":1611249237,"path_taken":["M","$","?","$","?","E","R","?","T","M","R","?","M","E","R","BOSS","M","?","M","$","M","R","E","R","T","M","?","?","M","AVR","R","BOSS","M","M","M","?","?","R","M","E","T","$","?","R","M","AVR","R","BOSS"],"items_purchased_type":["Relic","Relic","Card","Card","Card","Card","Card","Card","Relic","Relic","Relic","Card","Card","Card","Card","Relic","Card","Card","Relic","Relic","Relic","Card","Relic"],"build_version":"2020-12-22","purchased_purges":0,"victory":true,"max_hp_per_floor":[75,75,75,75,75,75,75,75,75,75,75,75,75,75,75,75,75,75,75,75,75,75,75,75,75,75,75,75,80,80,80,80,80,80,80,80,80,80,80,80,80,80,80,80,80,80,80,80,80,80],"card_choices":[{"not_picked":["Redo","FTL"],"picked":"Sweeping Beam","floor":1},{"not_picked":["Cold Snap","Barrage"],"picked":"Sweeping Beam","floor":1},{"not_picked":["infinitespire:DeathsTouch","infinitespire:FinalStrike"],"picked":"infinitespire:Oblivion","floor":3},{"not_picked":["Aggregate","Hologram"],"picked":"White Noise","floor":6},{"not_picked":["Redo","Coolheaded"],"picked":"Stack","floor":10},{"not_picked":["Leap","Gash"],"picked":"Steam","floor":10},{"not_picked":["Reboot","Doom and Gloom"],"picked":"Double Energy","floor":12},{"not_picked":["Gash","Rebound"],"picked":"Loop","floor":12},{"not_picked":["Gash","Aggregate"],"picked":"Tempest","floor":13},{"not_picked":["Hologram","Barrage"],"picked":"Leap","floor":13},{"not_picked":["Coolheaded","Glacier"],"picked":"Cold Snap","floor":14},{"not_picked":["Fission","Buffer"],"picked":"Amplify","floor":16},{"not_picked":["Blizzard","Skim"],"picked":"Sunder","floor":18},{"not_picked":["Leap","Redo"],"picked":"Sunder+1","floor":18},{"not_picked":["Barrage","Reprogram"],"picked":"Gash+1","floor":20},{"not_picked":["Coolheaded","Compile Driver"],"picked":"Stack","floor":20},{"not_picked":["Lockon","Aggregate"],"picked":"Stack","floor":22},{"not_picked":["Steam Power","Heatsinks"],"picked":"Seek","floor":22},{"not_picked":["Consume","Stack"],"picked":"Steam","floor":24},{"not_picked":["Sweeping Beam","Rebound+1"],"picked":"Go for the Eyes","floor":27},{"not_picked":["Consume","Compile Driver"],"picked":"Creative AI","floor":27},{"not_picked":["Rip and Tear","Compile Driver"],"picked":"Hello World","floor":28},{"not_picked":["Coolheaded+1","Streamline","Consume"],"picked":"SKIP","floor":28},{"not_picked":["Coolheaded+1","Consume"],"picked":"Loop","floor":30},{"not_picked":["Lockon","Turbo"],"picked":"Skim","floor":30},{"not_picked":["Machine Learning","Creative AI"],"picked":"Electrodynamics","floor":33},{"not_picked":["Go for the Eyes+1","Streamline"],"picked":"Aggregate+1","floor":35},{"not_picked":["Compile Driver","Cold Snap+1"],"picked":"Stack+1","floor":35},{"not_picked":["Redo+1","Ball Lightning+1"],"picked":"Conserve Battery+1","floor":36},{"not_picked":["Hologram","Redo"],"picked":"Skim+1","floor":36},{"not_picked":["Streamline","Scrape"],"picked":"Hologram+1","floor":37},{"not_picked":["Cold Snap","Leap+1"],"picked":"Conserve Battery+1","floor":37},{"not_picked":["PanicButton","Swift Strike"],"picked":"Dark Shackles","floor":38},{"not_picked":["Steam+1","Cold Snap"],"picked":"Biased Cognition","floor":41},{"not_picked":["Chill","Gash"],"picked":"Stack+1","floor":41},{"not_picked":["Genetic Algorithm+1","Barrage"],"picked":"Biased Cognition","floor":42},{"not_picked":["Hologram","Lockon"],"picked":"Stack+1","floor":45},{"not_picked":["Chaos","Redo+1"],"picked":"Gash+1","floor":47},{"not_picked":["Rebound","Compile Driver"],"picked":"Steam","floor":47}],"player_experience":284426,"relics_obtained":[{"floor":6,"key":"Nunchaku"},{"floor":9,"key":"Blue Candle"},{"floor":14,"key":"infinitespire:Midas Blood"},{"floor":24,"key":"aspiration:ChemicalBlood"},{"floor":26,"key":"infinitespire:PuzzleCube"},{"floor":42,"key":"infinitespire:WardingShard"},{"floor":43,"key":"Oddly Smooth Stone"},{"floor":45,"key":"Ginger"}],"event_choices":[{"damage_healed":0,"gold_gain":75,"player_choice":"Gained Gold","damage_taken":0,"max_hp_gain":0,"max_hp_loss":0,"event_name":"Golden Wing","floor":5,"gold_loss":0},{"damage_healed":0,"gold_gain":0,"player_choice":"Forge","damage_taken":0,"max_hp_gain":0,"max_hp_loss":0,"event_name":"Accursed Blacksmith","floor":8,"gold_loss":0,"cards_upgraded":["infinitespire:Oblivion"]},{"damage_healed":0,"gold_gain":90,"player_choice":"GOLD ","damage_taken":12,"max_hp_gain":0,"max_hp_loss":0,"event_name":"Knowing Skull","floor":19,"potions_obtained":[],"gold_loss":0,"cards_obtained":[]},{"damage_healed":0,"gold_gain":0,"player_choice":"Shed Blood","damage_taken":19,"max_hp_gain":5,"max_hp_loss":0,"event_name":"Forgotten Altar","floor":29,"gold_loss":0},{"damage_healed":0,"gold_gain":0,"player_choice":"Memory 1","damage_taken":0,"max_hp_gain":0,"max_hp_loss":0,"event_name":"SensoryStone","floor":38,"gold_loss":0},{"damage_healed":0,"gold_gain":0,"player_choice":"Ignored","damage_taken":0,"max_hp_gain":0,"max_hp_loss":0,"event_name":"The Moai Head","floor":39,"gold_loss":0},{"damage_healed":0,"gold_gain":0,"player_choice":"Fight","damage_taken":0,"max_hp_gain":0,"max_hp_loss":0,"event_name":"MindBloom","floor":45,"gold_loss":0}],"is_beta":false,"boss_relics":[{"not_picked":["Tiny House","aspiration:Stellarator"],"picked":"Sozu"},{"not_picked":["bronze:MakeshiftBattery","Snecko Eye"],"picked":"SlaversCollar"}],"items_purged_floors":[],"is_endless":false,"potions_floor_spawned":[1,13,14,16,22,27,30,33,35,37],"ascension_level":0}}