{"host":"ni5mix2lh3q94rpg","time":1611226777,"event":{"mods":["AchievementEnabler","Act Like it!","BaseMod","Better Altar","Better Note","Better Silent Start","Better Skull","Better Third Choice","Better Vampires","Card Forge","Colored Map","Colored Powertips","Custom Start","Displayed Cursed Tome","Gensokyo","GifTheSpireLib","Hermit","Highlight Path","Marisa????????","Minty Spire (QoL Compilation)","Remilia??????","Replay The Spire","Shop Mod","Spicy Shops","StSLib","The Cursed","The Servant 0.9.4","Transform Curses","everything is the same but u backflip on backflip","slay the spire mod where everything is the same but ironclad has a cowboy hat"],"gold_per_floor":[112,262,281,12,12,41,55,55,80,80,94,56,56,72,72,145,145,164,84,43,43,57,57,57,87,110,123,123,139,170,189,189,189,189],"floor_reached":33,"language":"ENG","playtime":8563,"items_purged":["Doubt","Strike_R"],"score":684,"play_id":"bff83d5d-4923-4c81-919b-4cc0b2983fe6","local_time":"20210121135937","is_ascension_mode":true,"campfire_choices":[{"data":"Apotheosis","floor":8.0,"key":"SMITH"},{"floor":15.0,"key":"DIG"},{"data":"Eclipse","floor":23.0,"key":"SMITH"},{"floor":28.0,"key":"REST"},{"data":"CommonCold","floor":32,"key":"PURGE"}],"circlet_count":0,"master_deck":["AscendersBane","Defend_R","Defend_R","Defend_R","Defend_R","Bash","Flash of Steel","ReplayTheSpireMod:LeadingStrike","Rampage","Apotheosis+1","Eclipse+1","Disarm","Eclipse+1","Ghostly Armor","Battle Trance","CommonCold","Headbutt","Impervious","Rampage","Flex+1","Bite","Bite","Bite","Pummel","Disarm","Cleave","Offering","ReplayTheSpireMod:Limb From Limb"],"relics":["Burning Blood","Hammer of Thor","Seething Fire","Anvil of the Gods","Bag of Preparation","Juzu Bracelet","Bag of Marbles","ReplayTheSpireMod:CursedCoin","Gremlin Horn","Ring of Chaos","Tiny Chest","ReplayTheSpireMod:Ninjato","Blood Vial","ReplayTheSpireMod:Lightbulb"],"acts_visited":["Exordium","TheCity"],"potions_floor_usage":[33],"damage_taken":[{"damage":7.0,"enemies":"Small Slimes","floor":1.0,"turns":3.0},{"damage":8.0,"enemies":"2 Louse","floor":3.0,"turns":3.0},{"damage":36.0,"enemies":"Gremlin Nob","floor":6.0,"turns":4.0},{"damage":6.0,"enemies":"Cultist","floor":7.0,"turns":3.0},{"damage":10.0,"enemies":"Exordium Wildlife","floor":11.0,"turns":5.0},{"damage":0.0,"enemies":"Blue Slaver","floor":14.0,"turns":1.0},{"damage":6.0,"enemies":"Slime Boss","floor":16.0,"turns":8.0},{"damage":9.0,"enemies":"Chosen","floor":18.0,"turns":6.0},{"damage":24.0,"enemies":"3 Byrds","floor":22.0,"turns":5.0},{"damage":44.0,"enemies":"Gremlin Leader","floor":25.0,"turns":5.0},{"damage":8.0,"enemies":"3 Cultists","floor":27.0,"turns":4.0},{"damage":1.0,"enemies":"Centurion and Healer","floor":29.0,"turns":4.0},{"damage":0.0,"enemies":"Slavers","floor":30.0,"turns":1.0},{"damage":9.0,"enemies":"Shelled Parasite and Fungi","floor":31.0,"turns":3.0},{"damage":69,"enemies":"Automaton","floor":33,"turns":6}],"seed_played":"7531490158573458967","potions_obtained":[{"floor":1.0,"key":"Milkshake"},{"floor":6.0,"key":"Fire Potion"},{"floor":11.0,"key":"SteroidPotion"},{"floor":14.0,"key":"Death Potion"},{"floor":27.0,"key":"BlessingOfTheForge"},{"floor":29.0,"key":"LifebloodPotion"},{"floor":30.0,"key":"ColorlessPotion"}],"is_trial":false,"path_per_floor":["M","?","M","$","?","E","M","R","T","?","M","$","?","M","R_BF","B",null,"M","?","$","?","M","R","?","E","T","M","R","M","E","M","R_BF","B"],"character_chosen":"IRONCLAD","items_purchased":["Apotheosis","Battle Trance","ReplayTheSpireMod:CursedCoin","Flex+1"],"campfire_rested":1,"item_purchase_floors":[4,12,12,20],"current_hp_per_floor":[67,67,65,65,65,35,35,35,35,24,20,20,20,26,26,26,63,60,60,60,60,47,47,47,16,16,16,34,43,53,52,52,0,0],"gold":189,"neow_bonus":"RANDOM_COLORLESS","is_daily":false,"chose_seed":false,"campfire_upgraded":2,"win_rate":0.0,"timestamp":1611226777,"path_taken":["M","?","M","$","?","E","M","R","T","?","M","$","?","M","R_BF","BOSS","M","?","$","?","M","R","?","E","T","M","R","M","E","M","R_BF","BOSS"],"items_purchased_type":["Card","Card","Relic","Card"],"build_version":"2020-12-22","purchased_purges":2,"victory":false,"max_hp_per_floor":[75,75,75,75,75,75,75,75,75,75,75,75,75,75,75,75,75,75,75,75,75,75,75,61,61,61,61,61,61,61,61,61,61,61],"card_choices":[{"not_picked":["Purity","Jack Of All Trades"],"picked":"Flash of Steel","floor":0.0},{"not_picked":["Sentinel","Fire Breathing"],"picked":"ReplayTheSpireMod:LeadingStrike","floor":1.0},{"not_picked":["True Grit","Defy Death"],"picked":"Rampage","floor":3.0},{"not_picked":["Replay:Undeath\u0027s Touch","ReplayTheSpireMod:Strike From Hell"],"picked":"Disarm","floor":6.0},{"not_picked":["Body Slam","Hemokinesis"],"picked":"Eclipse","floor":7.0},{"not_picked":["Power Through","Armaments"],"picked":"Ghostly Armor","floor":11.0},{"not_picked":["Iron Wave","Battle Trance"],"picked":"Headbutt","floor":14.0},{"not_picked":["Offering","Juggernaut"],"picked":"Impervious","floor":16.0},{"not_picked":["Burning Pact","Rupture"],"picked":"Rampage","floor":18.0},{"not_picked":["Flex","Wild Strike","Perfected Strike+1"],"picked":"SKIP","floor":22.0},{"not_picked":["Clash","Pommel Strike"],"picked":"Pummel","floor":25.0},{"not_picked":["Flex","Pommel Strike"],"picked":"Disarm","floor":27.0},{"not_picked":["Metallicize","Havoc"],"picked":"Cleave","floor":29.0},{"not_picked":["Clash","Perfected Strike+1"],"picked":"Offering","floor":30.0},{"not_picked":["Carnage","Clash"],"picked":"ReplayTheSpireMod:Limb From Limb","floor":31.0}],"player_experience":845069,"relics_obtained":[{"floor":6.0,"key":"Bag of Preparation"},{"floor":9.0,"key":"Juzu Bracelet"},{"floor":15.0,"key":"Gremlin Horn"},{"floor":25.0,"key":"ReplayTheSpireMod:Ninjato"},{"floor":26.0,"key":"Blood Vial"},{"floor":30.0,"key":"ReplayTheSpireMod:Lightbulb"}],"event_choices":[{"damage_healed":0.0,"max_hp_gain":0.0,"max_hp_loss":0.0,"gold_gain":150.0,"event_name":"betterThird:BetterSerpent","player_choice":"AGREE","floor":2.0,"gold_loss":0.0,"damage_taken":112.0},{"damage_healed":0.0,"max_hp_gain":0.0,"max_hp_loss":0.0,"gold_gain":0.0,"cards_transformed":["Strike_R"],"event_name":"Living Wall","player_choice":"Change","floor":5.0,"gold_loss":0.0,"damage_taken":0.0,"cards_obtained":["Eclipse"]},{"damage_healed":0.0,"max_hp_gain":0.0,"max_hp_loss":0.0,"gold_gain":0.0,"event_name":"betterThird:BetterScrap","player_choice":"Relic ","floor":10.0,"gold_loss":0.0,"damage_taken":11.0,"cards_obtained":["ReplayTheSpireMod:Scrap Shanks"]},{"damage_healed":0.0,"max_hp_gain":0.0,"max_hp_loss":0.0,"gold_gain":0.0,"event_name":"Accursed Blacksmith","player_choice":"Forge","floor":13.0,"gold_loss":0.0,"damage_taken":0.0,"cards_upgraded":["Eclipse"]},{"damage_healed":0.0,"max_hp_gain":0.0,"max_hp_loss":14.0,"gold_gain":0.0,"event_name":"Vampires","player_choice":"Became a vampire","floor":24.0,"gold_loss":0.0,"damage_taken":0.0,"cards_obtained":["Bite","Bite","Bite"]}],"is_beta":false,"boss_relics":[{"not_picked":["Sozu","Philosopher\u0027s Stone"],"picked":"Ring of Chaos"}],"items_purged_floors":[4,12],"is_endless":false,"potions_floor_spawned":[1,6,11,14,18,27,29,30],"killed_by":"Automaton","ascension_level":18}}