{"host":"c44ey07ufggfw2m8","time":1611245655,"event":{"mods":["2.2 Compatiblity","BaseMod","Colored Map","DeckTracker","Highlight Path","Keyboard Shortcuts","Minty Spire (QoL Compilation)","Permanent Neow","Quick Restart","StSLib","SuperFastMode","UnlockEverythingMod"],"gold_per_floor":[112,128,145,145,0,0,15,25,25,25,25,0,175,195,195,297,297,316,330,330,330,345,345,345,345,372,386,143,153,153,172,172,273,273,284,216,233,258,268,268,295,313,337,132,132,132,143,178,178,178],"floor_reached":51,"language":"KOR","playtime":2618,"items_purged":["Writhe","Defend_G","Defend_G"],"score":1056,"play_id":"2bf73e61-b8ca-4227-bc35-9c828deb79a4","local_time":"20210122011415","is_ascension_mode":true,"campfire_choices":[{"data":"Terror","floor":6,"key":"SMITH"},{"data":"Cloak And Dagger","floor":10,"key":"SMITH"},{"data":"Malaise","floor":15,"key":"SMITH"},{"data":"Bullet Time","floor":23,"key":"SMITH"},{"data":"Blade Dance","floor":25,"key":"SMITH"},{"data":"Acrobatics","floor":32,"key":"SMITH"},{"data":"Phantasmal Killer","floor":40,"key":"SMITH"},{"data":"Envenom","floor":46,"key":"SMITH"},{"data":"Backflip","floor":49,"key":"SMITH"}],"circlet_count":0,"master_deck":["Strike_G","Strike_G+1","Strike_G","Defend_G","Defend_G+1","Survivor","Neutralize+1","Malaise+1","Backflip+1","Terror+1","Calculated Gamble","Escape Plan+1","Cloak And Dagger+1","Infinite Blades","Acrobatics+1","Blade Dance+1","Bullet Time+1","Escape Plan+1","PiercingWail+1","Blade Dance+1","After Image","After Image","Phantasmal Killer+1","Noxious Fumes","Prepared+1","Envenom+1"],"relics":["Ring of the Snake","Membership Card","Ornamental Fan","Runic Pyramid","Strawberry","Ancient Tea Set","Whetstone","Sling","PreservedInsect","WristBlade","Orichalcum","Turnip","War Paint","Chemical X","Darkstone Periapt"],"acts_visited":["Exordium","TheCity","TheBeyond"],"potions_floor_usage":[8,16,22,22,27,28,33,42,48,50],"damage_taken":[{"damage":2,"enemies":"Jaw Worm","floor":1,"turns":5},{"damage":2,"enemies":"Small Slimes","floor":2,"turns":7},{"damage":7,"enemies":"2 Louse","floor":3,"turns":3},{"damage":0,"enemies":"Blue Slaver","floor":7,"turns":6},{"damage":20,"enemies":"Exordium Thugs","floor":8,"turns":7},{"damage":0,"enemies":"Large Slime","floor":14,"turns":5},{"damage":7,"enemies":"Hexaghost","floor":16,"turns":11},{"damage":2,"enemies":"Shell Parasite","floor":18,"turns":6},{"damage":0,"enemies":"Spheric Guardian","floor":19,"turns":4},{"damage":0,"enemies":"3 Cultists","floor":22,"turns":7},{"damage":1,"enemies":"Cultist and Chosen","floor":27,"turns":8},{"damage":1,"enemies":"Centurion and Healer","floor":29,"turns":5},{"damage":0,"enemies":"Snecko","floor":31,"turns":4},{"damage":45,"enemies":"Automaton","floor":33,"turns":13},{"damage":6,"enemies":"Orb Walker","floor":35,"turns":5},{"damage":1,"enemies":"3 Shapes","floor":37,"turns":3},{"damage":0,"enemies":"3 Darklings","floor":39,"turns":4},{"damage":0,"enemies":"Giant Head","floor":41,"turns":4},{"damage":10,"enemies":"Jaw Worm Horde","floor":42,"turns":4},{"damage":0,"enemies":"4 Shapes","floor":47,"turns":2},{"damage":0,"enemies":"Reptomancer","floor":48,"turns":3},{"damage":0,"enemies":"Awakened One","floor":50,"turns":9}],"seed_played":"3872605937539784049","potions_obtained":[{"floor":1,"key":"BlessingOfTheForge"},{"floor":7,"key":"Fire Potion"},{"floor":8,"key":"Poison Potion"},{"floor":16,"key":"DistilledChaos"},{"floor":19,"key":"CunningPotion"},{"floor":22,"key":"DistilledChaos"},{"floor":29,"key":"BlessingOfTheForge"},{"floor":33,"key":"DistilledChaos"},{"floor":35,"key":"LiquidMemories"},{"floor":37,"key":"SpeedPotion"},{"floor":39,"key":"PowerPotion"},{"floor":47,"key":"Weak Potion"}],"is_trial":false,"path_per_floor":["M","M","M","?","$","R","M","M","T","R","?","$","?","M","R","B",null,"M","M","?","T","M","R","?","R","T","M","$","M","?","M","R","B",null,"M","$","M","T","M","R","E","M","T","$","?","R","M","E","R","B",null],"character_chosen":"THE_SILENT","items_purchased":["Membership Card","Acrobatics","Fruit Juice","Sling","PreservedInsect","Noxious Fumes","Chemical X","Envenom"],"campfire_rested":0,"item_purchase_floors":[5,12,28,28,28,36,44,44],"current_hp_per_floor":[61,59,52,45,45,45,45,25,25,25,25,25,25,25,25,18,57,55,55,55,62,62,62,62,62,62,61,66,65,65,65,65,20,67,61,61,60,60,60,60,60,50,50,50,50,50,50,50,50,50],"gold":178,"neow_bonus":"ONE_RANDOM_RARE_CARD","is_daily":false,"chose_seed":false,"campfire_upgraded":9,"win_rate":0.0,"timestamp":1611245655,"path_taken":["M","M","M","?","$","R","M","M","T","R","?","?","?","M","R","BOSS","M","M","?","?","M","R","?","R","T","M","$","M","?","M","R","BOSS","M","$","M","?","M","R","E","M","T","$","?","R","?","E","R","BOSS"],"items_purchased_type":["Relic","Card","Potion","Relic","Relic","Card","Relic","Card"],"build_version":"2020-12-22","purchased_purges":3,"victory":true,"max_hp_per_floor":[70,70,70,70,70,70,70,70,70,70,70,70,70,70,70,70,70,70,70,70,77,77,77,77,77,77,77,82,82,82,82,82,82,82,82,82,82,82,82,82,82,82,82,82,82,82,82,82,82,82],"card_choices":[{"not_picked":["Heel Hook","Sucker Punch"],"picked":"Backflip","floor":1},{"not_picked":["Flying Knee","Dodge and Roll"],"picked":"Terror","floor":2},{"not_picked":["Venomology","Distraction"],"picked":"Calculated Gamble","floor":3},{"not_picked":["Backstab","Poisoned Stab"],"picked":"Escape Plan","floor":7},{"not_picked":["Bane","Terror"],"picked":"Cloak And Dagger","floor":8},{"not_picked":["Prepared","Backflip"],"picked":"Blade Dance","floor":14},{"not_picked":["Glass Knife","Storm of Steel"],"picked":"Bullet Time","floor":16},{"not_picked":["Eviscerate","Underhanded Strike"],"picked":"Escape Plan+1","floor":18},{"not_picked":["Dagger Spray","Flying Knee"],"picked":"PiercingWail+1","floor":19},{"not_picked":["Eviscerate","Outmaneuver","PiercingWail"],"picked":"SKIP","floor":22},{"not_picked":["Prepared","Dodge and Roll"],"picked":"Blade Dance+1","floor":27},{"not_picked":["Dagger Throw","Acrobatics"],"picked":"After Image","floor":29},{"not_picked":["Endless Agony","Dodge and Roll+1","Blade Dance+1"],"picked":"SKIP","floor":31},{"not_picked":["Glass Knife","Wraith Form v2"],"picked":"Phantasmal Killer","floor":33},{"not_picked":["Slice+1","Bane","Dodge and Roll"],"picked":"SKIP","floor":35},{"not_picked":["Sucker Punch+1","Backflip+1"],"picked":"Prepared+1","floor":37},{"not_picked":["Eviscerate+1","Quick Slash+1","Dash+1"],"picked":"SKIP","floor":39},{"not_picked":["Prepared","All Out Attack","Leg Sweep+1"],"picked":"SKIP","floor":41},{"not_picked":["Finisher","Dagger Spray","Heel Hook+1"],"picked":"SKIP","floor":42},{"not_picked":["Dagger Spray","Backflip+1","Bouncing Flask"],"picked":"SKIP","floor":47},{"not_picked":["Poisoned Stab","Footwork","Finisher"],"picked":"SKIP","floor":48}],"player_experience":48130,"relics_obtained":[{"floor":9,"key":"Ornamental Fan"},{"floor":21,"key":"Strawberry"},{"floor":26,"key":"Whetstone"},{"floor":38,"key":"Orichalcum"},{"floor":41,"key":"Turnip"},{"floor":43,"key":"War Paint"},{"floor":48,"key":"Darkstone Periapt"}],"event_choices":[{"cards_removed":["Strike_G"],"damage_healed":0,"gold_gain":0,"player_choice":"Card Removal","damage_taken":7,"max_hp_gain":0,"max_hp_loss":0,"event_name":"Golden Wing","floor":4,"gold_loss":0},{"damage_healed":0,"gold_gain":0,"cards_transformed":["Strike_G"],"player_choice":"Change","damage_taken":0,"max_hp_gain":0,"max_hp_loss":0,"event_name":"Living Wall","floor":11,"gold_loss":0,"cards_obtained":["Infinite Blades"]},{"damage_healed":0,"gold_gain":175,"player_choice":"AGREE","damage_taken":0,"max_hp_gain":0,"max_hp_loss":0,"event_name":"Liars Game","floor":13,"gold_loss":0,"cards_obtained":["Doubt"]},{"cards_removed":["Doubt"],"damage_healed":0,"gold_gain":0,"player_choice":"Elegance","damage_taken":0,"max_hp_gain":0,"max_hp_loss":0,"event_name":"Back to Basics","floor":20,"gold_loss":0},{"damage_healed":0,"gold_gain":0,"player_choice":"Opened","damage_taken":0,"relics_obtained":["Ancient Tea Set"],"max_hp_gain":0,"max_hp_loss":0,"event_name":"The Mausoleum","floor":24,"gold_loss":0,"cards_obtained":["Writhe"]},{"damage_healed":0,"gold_gain":0,"player_choice":"Copied","damage_taken":0,"max_hp_gain":0,"max_hp_loss":0,"event_name":"Duplicator","floor":30,"gold_loss":0,"cards_obtained":["After Image"]},{"cards_removed":["Defend_G"],"damage_healed":0,"gold_gain":0,"player_choice":"Purged","damage_taken":0,"max_hp_gain":0,"max_hp_loss":0,"event_name":"Purifier","floor":45,"gold_loss":0}],"is_beta":false,"boss_relics":[{"not_picked":["Runic Dome","Empty Cage"],"picked":"Runic Pyramid"},{"not_picked":["Busted Crown","SlaversCollar"],"picked":"WristBlade"}],"items_purged_floors":[28,36,44],"is_endless":false,"potions_floor_spawned":[1,7,8,16,19,22,29,33,35,37,39,47],"ascension_level":6}}