{"host":"ni5mix2lh3q94rpg","time":1611242137,"event":{"mods":["AchievementEnabler","Act Like it!","BaseMod","Better Altar","Better Note","Better Silent Start","Better Skull","Better Third Choice","Better Vampires","Card Forge","Colored Map","Colored Powertips","Custom Start","Displayed Cursed Tome","Gensokyo","GifTheSpireLib","Hermit","Highlight Path","Marisa????????","Minty Spire (QoL Compilation)","Remilia??????","Replay The Spire","Shop Mod","Spicy Shops","StSLib","The Cursed","The Servant 0.9.4","Transform Curses","everything is the same but u backflip on backflip","slay the spire mod where everything is the same but ironclad has a cowboy hat"],"gold_per_floor":[117,128,143,143,143,143,165,165,165,57,20,20,40,50,50,152,152,188,188,188,215,252,252,259,259],"floor_reached":24,"language":"ENG","playtime":1559,"items_purged":[],"score":242,"play_id":"3456a869-7cde-41a8-ac2b-440a3116e8f4","local_time":"20210121181537","is_ascension_mode":true,"campfire_choices":[{"data":"hermit:Virtue","floor":6,"key":"SMITH"},{"data":"hermit:Manifest","floor":8,"key":"SMITH"},{"data":"hermit:LoneWolf","floor":15,"key":"SMITH"},{"data":"hermit:Scavenge","floor":23,"key":"SMITH"}],"circlet_count":0,"master_deck":["hermit:Strike_Hermit+1","hermit:Strike_Hermit+1","hermit:Defend_Hermit+1","hermit:Defend_Hermit+1","hermit:Defend_Hermit+1","hermit:Snapshot","hermit:Covet","hermit:Manifest+1","hermit:Virtue+1","hermit:Scavenge+1","hermit:ShadowCloak","hermit:Feint","hermit:Determination+1","hermit:ItchyTrigger+1","Apotheosis+1","hermit:Vantage","hermit:LoneWolf+1","hermit:DeadOrAlive+1","CurseOfTheBell","Voices","hermit:Horror"],"relics":["hermit:Momento","Hammer of Thor","Seething Fire","Anvil of the Gods","Golden Egg","Calling Bell","Blue Doll","HornCleat","Bird Faced Urn","Eternal Feather","Blood Vial"],"acts_visited":["Exordium","TheCity"],"potions_floor_usage":[7,16,16,24],"damage_taken":[{"damage":1,"enemies":"Cultist","floor":1,"turns":4},{"damage":2,"enemies":"Jaw Worm","floor":2,"turns":4},{"damage":0,"enemies":"Small Slimes","floor":3,"turns":4},{"damage":15,"enemies":"Exordium Thugs","floor":7,"turns":9},{"damage":0,"enemies":"Red Slaver","floor":13,"turns":5},{"damage":6,"enemies":"Blue Slaver","floor":14,"turns":5},{"damage":47,"enemies":"Hexaghost","floor":16,"turns":19},{"damage":5,"enemies":"Shell Parasite","floor":18,"turns":9},{"damage":20,"enemies":"Spheric Guardian","floor":22,"turns":6},{"damage":68,"enemies":"Gremlin Leader","floor":24,"turns":10}],"seed_played":"-2914831116144096470","potions_obtained":[{"floor":2,"key":"PowerPotion"},{"floor":7,"key":"Fruit Juice"},{"floor":13,"key":"SkillPotion"},{"floor":18,"key":"LiquidBronze"}],"is_trial":false,"path_per_floor":["M","M","M","?","?","R","M","R","T","$","$","?","M","M","R","B",null,"M","?","?","T","M","R","E"],"character_chosen":"HERMIT","items_purchased":["hermit:Determination","hermit:ItchyTrigger+1"],"campfire_rested":0,"item_purchase_floors":[10,11],"current_hp_per_floor":[67,65,65,65,65,65,55,55,55,55,55,55,55,49,49,2,61,60,60,60,60,46,58,0,0],"gold":259,"neow_bonus":"TRANSFORM_CARD","is_daily":false,"chose_seed":false,"campfire_upgraded":4,"win_rate":0.0,"timestamp":1611242137,"path_taken":["M","M","?","?","?","R","?","R","T","?","$","?","M","M","R","BOSS","M","?","?","?","M","R","E"],"items_purchased_type":["Card","Card"],"build_version":"2020-12-22","purchased_purges":0,"victory":false,"max_hp_per_floor":[75,75,75,75,75,75,80,80,80,80,80,80,80,80,80,80,80,80,80,80,80,80,80,80,80],"card_choices":[{"not_picked":["hermit:LowProfile","hermit:TrackingShot"],"picked":"hermit:Virtue","floor":1},{"not_picked":["hermit:Dive","hermit:LuckOfTheDraw"],"picked":"hermit:Scavenge","floor":2},{"not_picked":["hermit:TakeCover","hermit:BodyArmor","hermit:TrackingShot"],"picked":"SKIP","floor":3},{"not_picked":["hermit:HighCaliber","hermit:TakeCover"],"picked":"hermit:Feint","floor":7},{"not_picked":["hermit:Headshot","hermit:BodyArmor"],"picked":"hermit:Vantage","floor":13},{"not_picked":["hermit:TakeCover","hermit:Headshot"],"picked":"hermit:LoneWolf","floor":14},{"not_picked":["hermit:Gambit","hermit:HeroicBravado"],"picked":"hermit:DeadOrAlive","floor":16},{"not_picked":["hermit:BodyArmor","hermit:Combo+1","hermit:Virtue"],"picked":"SKIP","floor":18},{"not_picked":["hermit:DeadMansHand+1","hermit:Coalescence"],"picked":"hermit:Horror","floor":22}],"player_experience":860858,"relics_obtained":[{"floor":9,"key":"Golden Egg"},{"floor":17,"key":"Blue Doll"},{"floor":17,"key":"HornCleat"},{"floor":17,"key":"Bird Faced Urn"},{"floor":21,"key":"Blood Vial"}],"event_choices":[{"cards_removed":["hermit:Defend_Hermit"],"damage_healed":0,"gold_gain":0,"player_choice":"Forget","damage_taken":0,"max_hp_gain":0,"max_hp_loss":0,"event_name":"Living Wall","floor":4,"gold_loss":0},{"damage_healed":0,"gold_gain":0,"cards_transformed":["hermit:Strike_Hermit"],"player_choice":"Transformed","damage_taken":0,"max_hp_gain":0,"max_hp_loss":0,"event_name":"Transmorgrifier","floor":5,"gold_loss":0,"cards_obtained":["hermit:ShadowCloak"]},{"damage_healed":55,"gold_gain":0,"player_choice":"Embrace","damage_taken":0,"max_hp_gain":0,"max_hp_loss":80,"event_name":"betterThird:BetterShining","floor":12,"gold_loss":0},{"damage_healed":0,"gold_gain":0,"player_choice":"Simplicity","damage_taken":0,"max_hp_gain":0,"max_hp_loss":5,"event_name":"betterThird:BetterWriting","floor":20,"gold_loss":0}],"is_beta":false,"boss_relics":[{"not_picked":["Black Star","Empty Cage"],"picked":"Calling Bell"}],"items_purged_floors":[],"is_endless":false,"potions_floor_spawned":[2,7,13,18],"killed_by":"Gremlin Leader","ascension_level":6}}