{"host":"981nlwu0905dw1bz","time":1611254793,"event":{"mods":["AchievementEnabler","BaseMod","DeckTracker","Minty Spire (QoL Compilation)","Rare Cards Sparkle","SuperFastMode"],"gold_per_floor":[116,132,132,132,144,177,177,102,127,127,141,90,102,67,67,67,67],"floor_reached":16,"language":"KOR","playtime":588,"items_purged":["Strike_G"],"score":155,"play_id":"faf8903e-a608-4a22-a22b-31ad0cb19889","local_time":"20210122034633","is_ascension_mode":true,"campfire_choices":[{"floor":7,"key":"REST"},{"data":"Blade Dance","floor":15,"key":"SMITH"}],"circlet_count":0,"master_deck":["AscendersBane","Strike_G","Strike_G","Strike_G","Strike_G","Defend_G+1","Defend_G","Defend_G","Defend_G","Defend_G+1","Survivor","Neutralize","Dagger Spray+1","Blade Dance+1","Backstab","Blade Dance","Deflect","Backflip","Cloak And Dagger"],"relics":["Ring of the Snake","War Paint","Omamori"],"acts_visited":["Exordium"],"potions_floor_usage":[6,16],"damage_taken":[{"damage":0,"enemies":"Jaw Worm","floor":1,"turns":5},{"damage":4,"enemies":"Cultist","floor":2,"turns":3},{"damage":0,"enemies":"Small Slimes","floor":5,"turns":3},{"damage":35,"enemies":"Lagavulin","floor":6,"turns":9},{"damage":0,"enemies":"Blue Slaver","floor":11,"turns":4},{"damage":0,"enemies":"Looter","floor":13,"turns":3},{"damage":62,"enemies":"Slime Boss","floor":16,"turns":13}],"seed_played":"7580365824656208904","potions_obtained":[{"floor":5,"key":"EssenceOfSteel"},{"floor":11,"key":"Energy Potion"}],"is_trial":false,"path_per_floor":["M","M","?","?","M","E","R","$","T","$","M","$","M","?","R","B"],"character_chosen":"THE_SILENT","items_purchased":["Cloak And Dagger"],"campfire_rested":1,"item_purchase_floors":[12],"current_hp_per_floor":[63,59,59,59,59,24,45,45,45,45,45,45,45,62,62,0,0],"gold":67,"neow_bonus":"THREE_CARDS","is_daily":false,"chose_seed":false,"campfire_upgraded":1,"win_rate":0.0,"timestamp":1611254793,"path_taken":["M","M","?","?","M","E","R","?","T","$","M","$","?","?","R","BOSS"],"items_purchased_type":["Card"],"build_version":"2020-12-22","purchased_purges":1,"victory":false,"max_hp_per_floor":[70,70,70,70,70,70,70,70,70,70,70,70,70,70,70,70,70],"card_choices":[{"not_picked":["Dodge and Roll","Backstab"],"picked":"Dagger Spray","floor":0},{"not_picked":["Setup","Crippling Poison"],"picked":"Blade Dance","floor":1},{"not_picked":["Sucker Punch","Bane"],"picked":"Backstab","floor":2},{"not_picked":["Backflip","Deadly Poison"],"picked":"Blade Dance","floor":5},{"not_picked":["Choke","Calculated Gamble"],"picked":"Deflect","floor":6},{"not_picked":["Masterful Stab","Choke"],"picked":"Backflip","floor":11},{"not_picked":["Bane","Tactician","Malaise"],"picked":"SKIP","floor":13}],"player_experience":551875,"relics_obtained":[{"floor":6,"key":"War Paint"},{"floor":9,"key":"Omamori"}],"event_choices":[{"damage_healed":0,"gold_gain":0,"player_choice":"Ignored","damage_taken":0,"max_hp_gain":0,"max_hp_loss":0,"event_name":"Golden Idol","floor":3,"gold_loss":0},{"damage_healed":0,"gold_gain":0,"player_choice":"Grow","damage_taken":0,"max_hp_gain":0,"max_hp_loss":0,"event_name":"Living Wall","floor":4,"gold_loss":0,"cards_upgraded":["Dagger Spray"]},{"damage_healed":17,"gold_gain":0,"player_choice":"Healed","damage_taken":0,"max_hp_gain":0,"max_hp_loss":0,"event_name":"The Cleric","floor":14,"gold_loss":35}],"is_beta":false,"boss_relics":[],"items_purged_floors":[8],"is_endless":false,"potions_floor_spawned":[5,11],"killed_by":"Slime Boss","ascension_level":11}}