{"host":"w05x4i13f2m9joq1","time":1611191935,"event":{"mods":["Act Like it!","Bard","BaseMod","Better Altar","Better Match","Better Note","Better Sensory Stone","Better Skull","Better Third Choice","BetterRewards","Colored Map","Colored Powertips","Duelist Mod","GifTheSpireLib","Googly Eyes","Ironclad Rager","Lobotomy","LobotomyExtend","Marisa????????","Minty Spire (QoL Compilation)","Replay The Spire","Spire Birthday Party","StSLib","The Bug Knight","The Construct","The Hierophant","The IronCluck","The Mystic","TheBandit","everything is the same but u backflip on backflip","slay the spire mod where everything is the same but ironclad has a cowboy hat"],"gold_per_floor":[139,139,139,139,164,164,191,191,191,191,43,43,17,44,44,44,44],"floor_reached":16,"language":"ENG","playtime":365,"items_purged":["theDuelist:ToonKingdom"],"score":115,"play_id":"5cfc8ebe-9900-4254-a9d3-ba194420d747","local_time":"20210120201855","is_ascension_mode":true,"campfire_choices":[{"data":"theDuelist:ToonWorld","floor":6,"key":"SMITH"},{"data":"theDuelist:ToonWorld","floor":8,"key":"SMITH"},{"data":"theDuelist:ToonSummonedSkull","floor":10,"key":"SMITH"},{"data":"theDuelist:ToonMermaid","floor":12,"key":"SMITH"},{"data":"theDuelist:TrapHole","floor":15,"key":"SMITH"}],"circlet_count":0,"master_deck":["theDuelist:CastleWalls","theDuelist:CastleWalls","theDuelist:MangaRyuRan","theDuelist:Sparks","theDuelist:Sparks+1","theDuelist:Sparks","theDuelist:ToonAncientGear","theDuelist:ToonMermaid+1","theDuelist:ToonSummonedSkull+1","theDuelist:ToonWorld+1","theDuelist:ToonWorld+1","theDuelist:ToonMermaid","theDuelist:ToonAncientGear","theDuelist:TrapHole+1","theDuelist:TrapHole","theDuelist:ToonTable"],"relics":["theDuelist:MillenniumPuzzle","theDuelist:CardPoolRelic","theDuelist:CardPoolBasicRelic","theDuelist:BoosterPackPoolRelic","theDuelist:CardPoolAddRelic","theDuelist:CardPoolMinusRelic","theDuelist:CardPoolSaveRelic","theDuelist:CardPoolOptionsRelic","LetterFromLob","Blue Doll","Counterbalance","Basket Of Snakes","Lantern","theDuelist:PointPass"],"acts_visited":["Exordium"],"potions_floor_usage":[],"damage_taken":[{"damage":14,"enemies":"Jaw Worm","floor":1,"turns":3},{"damage":37,"enemies":"Lagavulin","floor":7,"turns":7},{"damage":49,"enemies":"The Guardian","floor":16,"turns":6}],"seed_played":"-7141123940831380692","potions_obtained":[{"floor":7,"key":"FearPotion"}],"is_trial":false,"path_per_floor":["M","?","?","?","T","R","E","R","T","R","$","R","$","$","R","B"],"character_chosen":"THE_DUELIST","items_purchased":["Lantern","theDuelist:TrapHole","theDuelist:PointPass","theDuelist:TrapHole","theDuelist:ToonTable"],"campfire_rested":0,"item_purchase_floors":[11,13,14,14,14],"current_hp_per_floor":[66,80,80,80,80,80,43,43,43,43,43,43,43,43,43,0,0],"gold":44,"neow_bonus":"THREE_CARDS","is_daily":false,"chose_seed":false,"campfire_upgraded":5,"win_rate":0.0,"timestamp":1611191935,"path_taken":["M","?","?","?","?","R","E","R","T","R","$","R","?","$","R","BOSS"],"items_purchased_type":["Card","Card","Relic","Card","Card"],"build_version":"2020-12-22","purchased_purges":1,"victory":false,"max_hp_per_floor":[80,80,80,80,80,80,80,80,80,80,80,80,80,80,80,80,80],"card_choices":[{"not_picked":["theDuelist:TrapHole","theDuelist:SpellShatteringArrow"],"picked":"theDuelist:ToonKingdom","floor":0},{"not_picked":["theDuelist:TrapHole","theDuelist:ToonCannonSoldier","theDuelist:ToonKingdom"],"picked":"theDuelist:ToonWorld","floor":1},{"not_picked":["theDuelist:SpellShatteringArrow","theDuelist:MangaRyuRan","theDuelist:RedEyesToon","theDuelist:ToonBarrelDragon"],"picked":"theDuelist:ToonMermaid","floor":4},{"not_picked":["theDuelist:RedEyesToon","theDuelist:ToonMermaid","theDuelist:CheerfulCoffin","theDuelist:ToonCannonSoldier"],"picked":"theDuelist:ToonAncientGear","floor":7}],"player_experience":108228,"relics_obtained":[{"floor":1,"key":"LetterFromLob"},{"floor":5,"key":"Blue Doll"},{"floor":7,"key":"Counterbalance"},{"floor":9,"key":"Basket Of Snakes"}],"event_choices":[{"damage_healed":26,"gold_gain":0,"player_choice":"Banana","damage_taken":0,"max_hp_gain":0,"max_hp_loss":0,"event_name":"Big Fish","floor":2,"gold_loss":0},{"damage_healed":0,"gold_gain":1,"player_choice":"1","damage_taken":0,"max_hp_gain":0,"max_hp_loss":0,"event_name":"betterStone:BetterStone","floor":4,"gold_loss":0}],"is_beta":false,"boss_relics":[],"items_purged_floors":[14],"is_endless":false,"potions_floor_spawned":[7],"killed_by":"The Guardian","ascension_level":5}}