{"host":"1ekl8hlbnopmdapi","time":1611256326,"event":{"mods":["AchievementEnabler","BaseMod","Colored Map","Colored Powertips","DeckTracker","Googly Eyes","Highlight Path","Minty Spire (QoL Compilation)","Relic Sorter","StSLib","Synergy Search"],"gold_per_floor":[112,130,141,160,160,187,205,205,205],"floor_reached":8,"language":"ENG","playtime":201,"items_purged":[],"score":90,"play_id":"68db85c1-0507-4ded-8693-bcba3e0e04ee","local_time":"20210121141206","is_ascension_mode":true,"campfire_choices":[],"circlet_count":0,"master_deck":["AscendersBane","Strike_B","Strike_B","Strike_B","Strike_B","Defend_B","Defend_B","Defend_B","Defend_B","Zap","Dualcast","Rebound","Stack","Stack","Auto Shields","Ball Lightning","Auto Shields"],"relics":["Cracked Core","Bronze Scales","Dream Catcher"],"acts_visited":["Exordium"],"potions_floor_usage":[6,8],"damage_taken":[{"damage":1,"enemies":"Cultist","floor":1,"turns":3},{"damage":4,"enemies":"Jaw Worm","floor":2,"turns":3},{"damage":7,"enemies":"Small Slimes","floor":3,"turns":3},{"damage":6,"enemies":"Looter","floor":4,"turns":3},{"damage":24,"enemies":"Gremlin Nob","floor":6,"turns":4},{"damage":18,"enemies":"Lots of Slimes","floor":7,"turns":4},{"damage":13,"enemies":"Lagavulin","floor":8,"turns":2}],"seed_played":"-4969601141309097597","potions_obtained":[{"floor":2,"key":"Swift Potion"},{"floor":4,"key":"ColorlessPotion"}],"is_trial":false,"path_per_floor":["M","M","M","M","?","E","M","E"],"character_chosen":"DEFECT","items_purchased":[],"campfire_rested":0,"item_purchase_floors":[],"current_hp_per_floor":[67,63,56,50,55,31,13,0,0],"gold":205,"neow_bonus":"RANDOM_COMMON_RELIC","is_daily":false,"chose_seed":false,"campfire_upgraded":0,"win_rate":0.0,"timestamp":1611256326,"path_taken":["M","M","M","M","?","E","M","E"],"items_purchased_type":[],"build_version":"2020-12-22","purchased_purges":0,"victory":false,"max_hp_per_floor":[75,75,75,75,80,80,80,80,80],"card_choices":[{"not_picked":["Compile Driver","Reprogram"],"picked":"Rebound","floor":1},{"not_picked":["Blizzard","Gash"],"picked":"Stack","floor":2},{"not_picked":["Go for the Eyes","Hologram"],"picked":"Stack","floor":3},{"not_picked":["Conserve Battery","Redo"],"picked":"Auto Shields","floor":4},{"not_picked":["Beam Cell","Stack"],"picked":"Ball Lightning","floor":6},{"not_picked":["Lockon","Go for the Eyes"],"picked":"Auto Shields","floor":7}],"player_experience":479702,"relics_obtained":[{"floor":6,"key":"Dream Catcher"}],"event_choices":[{"damage_healed":0,"gold_gain":0,"player_choice":"Donut","damage_taken":0,"max_hp_gain":5,"max_hp_loss":0,"event_name":"Big Fish","floor":5,"gold_loss":0}],"is_beta":false,"boss_relics":[],"items_purged_floors":[],"is_endless":false,"potions_floor_spawned":[2,4],"killed_by":"Lagavulin","ascension_level":10}}