{"host":"1a3cjta80tad0aqj","time":1611257682,"event":{"mods":["2.2 Compatiblity","AchievementEnabler","BaseMod","Colored Map","DeckTracker","KOR Keyword Fix","Keyboard Shortcuts","Minty Spire (QoL Compilation)","Permanent Neow","Quick Restart","Random Character Button","StSLib","SuperFastMode","everything is the same but u backflip on backflip"],"gold_per_floor":[113,29,29,29,29,29,53,53,53,69,88,113,113,152,152,152,152],"floor_reached":16,"language":"KOR","playtime":506,"items_purged":[],"score":140,"play_id":"d4513cdd-fb8b-4cb7-92de-3c1c48432e6f","local_time":"20210122043442","is_ascension_mode":true,"campfire_choices":[{"data":"Enlightenment","floor":6,"key":"SMITH"},{"data":"Sever Soul","floor":13,"key":"SMITH"},{"floor":15,"key":"REST"}],"circlet_count":0,"master_deck":["Strike_R","Strike_R","Strike_R","Strike_R","Strike_R","Defend_R+1","Defend_R","Bash","Pommel Strike+1","Enlightenment+1","Injury","Sever Soul+1","Power Through","Heavy Blade","Dark Embrace"],"relics":["Burning Blood","Golden Idol","Blue Candle","The Courier"],"acts_visited":["Exordium"],"potions_floor_usage":[14,16],"damage_taken":[{"damage":1,"enemies":"2 Louse","floor":1,"turns":2},{"damage":0,"enemies":"Small Slimes","floor":7,"turns":2},{"damage":1,"enemies":"Cultist","floor":10,"turns":3},{"damage":11,"enemies":"Looter","floor":11,"turns":3},{"damage":0,"enemies":"Exordium Wildlife","floor":12,"turns":2},{"damage":36,"enemies":"Gremlin Nob","floor":14,"turns":5},{"damage":43,"enemies":"The Guardian","floor":16,"turns":8}],"seed_played":"-6754112702483139950","potions_obtained":[{"floor":12,"key":"Block Potion"},{"floor":14,"key":"Dexterity Potion"}],"is_trial":false,"path_per_floor":["M","$","?","$","?","R","M","?","T","M","M","M","R","E","R","B"],"character_chosen":"IRONCLAD","items_purchased":["Enlightenment"],"campfire_rested":1,"item_purchase_floors":[2],"current_hp_per_floor":[56,56,40,40,40,40,46,46,46,51,46,52,52,22,46,3,3],"gold":152,"neow_bonus":"REMOVE_TWO","is_daily":false,"chose_seed":false,"campfire_upgraded":2,"win_rate":0.0,"timestamp":1611257682,"path_taken":["M","$","?","$","?","R","M","?","T","M","M","M","R","E","R","BOSS"],"items_purchased_type":["Card"],"build_version":"2020-12-22","purchased_purges":0,"victory":false,"max_hp_per_floor":[80,80,80,80,80,80,80,80,80,80,80,80,80,80,80,80,80],"card_choices":[{"not_picked":["Shrug It Off","Intimidate"],"picked":"Pommel Strike","floor":1},{"not_picked":["Sword Boomerang","Rage"],"picked":"Sever Soul","floor":7},{"not_picked":["Iron Wave","Clothesline","Pommel Strike"],"picked":"SKIP","floor":10},{"not_picked":["Rupture","Cleave"],"picked":"Power Through","floor":11},{"not_picked":["Searing Blow","Headbutt"],"picked":"Heavy Blade","floor":12},{"not_picked":["Flex","Thunderclap"],"picked":"Dark Embrace","floor":14}],"player_experience":861355,"relics_obtained":[{"floor":9,"key":"Blue Candle"},{"floor":14,"key":"The Courier"}],"event_choices":[{"damage_healed":0,"gold_gain":0,"player_choice":"Entered Light","damage_taken":16,"max_hp_gain":0,"max_hp_loss":0,"event_name":"Shining Light","floor":3,"gold_loss":0,"cards_upgraded":["Pommel Strike","Defend_R"]},{"damage_healed":0,"gold_gain":0,"player_choice":"Take Wound","damage_taken":0,"relics_obtained":["Golden Idol"],"max_hp_gain":0,"max_hp_loss":0,"event_name":"Golden Idol","floor":5,"gold_loss":0,"cards_obtained":["Injury"]},{"damage_healed":0,"gold_gain":0,"player_choice":"Ignored","damage_taken":0,"max_hp_gain":0,"max_hp_loss":0,"event_name":"Liars Game","floor":8,"gold_loss":0}],"is_beta":false,"boss_relics":[],"items_purged_floors":[],"is_endless":false,"potions_floor_spawned":[12,14],"killed_by":"The Guardian","ascension_level":8}}