{"host":"yvlk1m4foro8gl4v","time":1611235450,"event":{"mods":["AchievementEnabler","Act Like it!","BaseMod","Minty Spire (QoL Compilation)","Relic Stats","StSLib","The Servant 0.9.4","Uncapped"],"gold_per_floor":[115,125,142,43,59,59,59,59,59,88,88,105,137,149,149,252,252,265,265,27,27,27,27,55,55,55,55,55],"floor_reached":27,"language":"ENG","playtime":1718,"items_purged":[],"score":275,"play_id":"a009d4f3-b669-4ec1-b3fb-3d9a51bd7bda","local_time":"20210121132410","is_ascension_mode":true,"campfire_choices":[{"data":"LikeWater","floor":6,"key":"SMITH"},{"data":"Vigilance","floor":8,"key":"SMITH"},{"floor":15,"key":"REST"},{"floor":23,"key":"REST"}],"circlet_count":0,"master_deck":["Strike_P","Defend_P","Defend_P","Defend_P","Eruption","Vigilance+1","ClearTheMind","CutThroughFate+1","Prostrate","EmptyBody","LikeWater+1","Protect+1","ReachHeaven","Devotion","BattleHymn+1","FollowUp+1","EmptyMind+1","ClearTheMind+1","WreathOfFlame+1","Alpha+1","FlyingSleeves"],"relics":["PureWater","NeowsBlessing","Yang","Toxic Egg 2","Omamori","Astrolabe","Nilry\u0027s Codex","Question Card","MealTicket","Ornamental Fan","The Courier"],"acts_visited":["Exordium","TheCity"],"potions_floor_usage":[13,24],"damage_taken":[{"damage":0,"enemies":"Small Slimes","floor":1,"turns":1},{"damage":0,"enemies":"Cultist","floor":2,"turns":1},{"damage":0,"enemies":"Jaw Worm","floor":3,"turns":2},{"damage":11,"enemies":"Looter","floor":5,"turns":4},{"damage":10,"enemies":"3 Sentries","floor":10,"turns":15},{"damage":0,"enemies":"Blue Slaver","floor":12,"turns":4},{"damage":29,"enemies":"Gremlin Nob","floor":13,"turns":6},{"damage":1,"enemies":"2 Fungi Beasts","floor":14,"turns":3},{"damage":7,"enemies":"The Guardian","floor":16,"turns":14},{"damage":12,"enemies":"Shell Parasite","floor":18,"turns":7},{"damage":34,"enemies":"Book of Stabbing","floor":24,"turns":7},{"damage":32,"enemies":"Slavers","floor":27,"turns":3}],"seed_played":"6092418862031762856","potions_obtained":[{"floor":1,"key":"DuplicationPotion"},{"floor":3,"key":"Block Potion"},{"floor":5,"key":"GamblersBrew"},{"floor":13,"key":"Ambrosia"}],"is_trial":false,"path_per_floor":["M","M","M","$","M","R","$","R","T","E","?","M","E","M","R","B",null,"M","?","$","?","?","R","E","?","T","E"],"character_chosen":"WATCHER","items_purchased":["Prostrate","EmptyBody","Question Card"],"campfire_rested":2,"item_purchase_floors":[4,4,20],"current_hp_per_floor":[72,72,72,72,61,61,61,61,61,51,51,51,22,21,42,35,72,60,44,44,44,44,65,31,31,31,0,0],"gold":55,"neow_bonus":"THREE_ENEMY_KILL","is_daily":false,"chose_seed":false,"campfire_upgraded":2,"win_rate":0.0,"timestamp":1611235450,"path_taken":["M","M","M","$","M","R","$","R","T","E","?","?","E","M","R","BOSS","M","?","$","?","?","R","E","?","T","E"],"items_purchased_type":["Card","Card","Relic"],"build_version":"2020-12-22","purchased_purges":0,"victory":false,"max_hp_per_floor":[72,72,72,72,72,72,72,72,72,72,72,72,72,72,72,72,72,72,72,72,72,72,72,72,72,72,72,72],"relic_stats":{"counters":[12,67],"Ornamental Fan":[0],"Astrolabe":["BattleHymn","FollowUp","EmptyMind"],"Yang":[75],"MealTicket":0,"Question Card":1,"obtain_stats":[{"NeowsBlessing":0,"Nilry\u0027s Codex":19,"Ornamental Fan":24,"Astrolabe":17,"Yang":9,"MealTicket":21,"The Courier":26,"Omamori":13,"PureWater":0,"Toxic Egg 2":10,"Question Card":20},{"NeowsBlessing":0,"Nilry\u0027s Codex":10,"Ornamental Fan":11,"Astrolabe":9,"Yang":4,"MealTicket":10,"The Courier":11,"Omamori":7,"PureWater":0,"Toxic Egg 2":5,"Question Card":10},{"NeowsBlessing":0,"Nilry\u0027s Codex":57,"Ornamental Fan":64,"Astrolabe":50,"Yang":8,"MealTicket":57,"The Courier":64,"Omamori":33,"PureWater":0,"Toxic Egg 2":23,"Question Card":57}]},"card_choices":[{"not_picked":["Wireheading","SashWhip"],"picked":"ClearTheMind","floor":1},{"not_picked":["ReachHeaven","PathToVictory"],"picked":"Crescendo","floor":2},{"not_picked":["Nirvana","BowlingBash"],"picked":"CutThroughFate","floor":3},{"not_picked":["WreathOfFlame","EmptyBody"],"picked":"LikeWater","floor":5},{"not_picked":["Consecrate","CrushJoints"],"picked":"Protect+1","floor":10},{"not_picked":["Weave","Prostrate+1","CutThroughFate"],"picked":"SKIP","floor":12},{"not_picked":["Wallop","CrushJoints"],"picked":"ReachHeaven","floor":13},{"not_picked":["Swivel+1","BattleHymn","ForeignInfluence+1"],"picked":"SKIP","floor":14},{"not_picked":["Scrawl+1","Establishment"],"picked":"Devotion","floor":16},{"not_picked":["CutThroughFate","Nirvana"],"picked":"ClearTheMind+1","floor":18},{"not_picked":["Perseverance+1","JustLucky","DeceiveReality+1","ClearTheMind+1"],"picked":"SKIP","floor":24}],"player_experience":751923,"relics_obtained":[{"floor":9,"key":"Yang"},{"floor":10,"key":"Toxic Egg 2"},{"floor":13,"key":"Omamori"},{"floor":19,"key":"Nilry\u0027s Codex"},{"floor":24,"key":"Ornamental Fan"},{"floor":26,"key":"The Courier"}],"event_choices":[{"damage_healed":0,"gold_gain":0,"player_choice":"Upgraded","damage_taken":0,"max_hp_gain":0,"max_hp_loss":0,"event_name":"Upgrade Shrine","floor":11,"gold_loss":0,"cards_upgraded":["CutThroughFate"]},{"damage_healed":0,"gold_gain":0,"player_choice":"Obtained Book","damage_taken":16,"max_hp_gain":0,"max_hp_loss":0,"event_name":"Cursed Tome","floor":19,"gold_loss":0},{"damage_healed":0,"gold_gain":0,"player_choice":"Stole Relic","damage_taken":0,"relics_obtained":["MealTicket"],"max_hp_gain":0,"max_hp_loss":0,"event_name":"Addict","floor":21,"gold_loss":0,"cards_obtained":["Shame"]},{"damage_healed":0,"gold_gain":0,"player_choice":"Read","damage_taken":0,"max_hp_gain":0,"max_hp_loss":0,"event_name":"The Library","floor":22,"gold_loss":0,"cards_obtained":["WreathOfFlame"]},{"damage_healed":0,"gold_gain":0,"cards_transformed":["Strike_P","Strike_P"],"player_choice":"Became Test Subject","damage_taken":0,"max_hp_gain":0,"max_hp_loss":0,"event_name":"Drug Dealer","floor":25,"gold_loss":0,"cards_obtained":["Alpha","FlyingSleeves"]}],"is_beta":false,"boss_relics":[{"not_picked":["Philosopher\u0027s Stone","Velvet Choker"],"picked":"Astrolabe"}],"items_purged_floors":[],"is_endless":false,"potions_floor_spawned":[1,3,5,13,14,18],"killed_by":"Slavers","ascension_level":3}}