{"host":"37ccm3d17clopct7","time":1611221127,"event":{"mods":["BaseMod","Lobotomy","Minty Spire (QoL Compilation)","StSLib","The Bug Knight","The Cursed","The Hierophant","The Runesmith"],"gold_per_floor":[118,41,51,67,82,82,182,33,56,71,71,71,36,46,46,151,151,163,163,8,26,43,43,43,43],"floor_reached":24,"language":"KOR","playtime":1503,"items_purged":[],"score":188,"play_id":"bd6ccffc-74dc-448c-a4b4-9483d7217fa7","local_time":"20210121182527","is_ascension_mode":false,"campfire_choices":[{"data":"Runesmith:Firestorm","floor":6,"key":"SMITH"},{"floor":15,"key":"REST"},{"floor":23,"key":"REST"}],"circlet_count":0,"master_deck":["Runesmith:Strike_RS","Runesmith:Strike_RS","Runesmith:Strike_RS","Runesmith:Strike_RS","Runesmith:Defend_RS","Runesmith:Defend_RS","Runesmith:Defend_RS","Runesmith:CraftFirestone+1","Runesmith:Fortify","OSAHOGD","Runesmith:ChiselStab","Runesmith:Firestorm+1","Bloodbath","Runesmith:Firewall","Runesmith:Prism","Wellcheers","Runesmith:DoubleUp","OldLady","Runesmith:ArcReactor","ShyLook","Runesmith:Refine+1","Runesmith:HeatExchange"],"relics":["Runesmith:CoreCrystal","CogitoBucket","RabbitCall","Vajra","Strawberry","Centennial Puzzle","AdjustmentMirror","Membership Card"],"acts_visited":["Exordium","TheCity"],"potions_floor_usage":[16,24],"damage_taken":[{"damage":0,"enemies":"Jaw Worm","floor":1,"turns":4},{"damage":3,"enemies":"Cultist","floor":3,"turns":4},{"damage":13,"enemies":"2 Louse","floor":4,"turns":2},{"damage":7,"enemies":"Large Slime","floor":5,"turns":7},{"damage":17,"enemies":"Exordium Wildlife","floor":10,"turns":6},{"damage":54,"enemies":"Red Slaver","floor":14,"turns":11},{"damage":21,"enemies":"The Guardian","floor":16,"turns":10},{"damage":7,"enemies":"Shell Parasite","floor":18,"turns":6},{"damage":25,"enemies":"Chosen","floor":21,"turns":6},{"damage":47,"enemies":"Centurion and Healer","floor":22,"turns":6},{"damage":67,"enemies":"Snake Plant","floor":24,"turns":3}],"seed_played":"-1599464459089468552","potions_obtained":[{"floor":1,"key":"FairyPotion"},{"floor":4,"key":"FearPotion"},{"floor":14,"key":"Swift Potion"},{"floor":16,"key":"DuplicationPotion"},{"floor":18,"key":"PowerPotion"}],"is_trial":false,"path_per_floor":["M","$","M","M","M","R","?","$","T","M","T","?","?","M","R","B",null,"M","?","$","M","M","R","M"],"character_chosen":"RUNESMITH_CLASS","items_purchased":["Runesmith:Firestorm","Vajra","Membership Card"],"campfire_rested":2,"item_purchase_floors":[2,8,20],"current_hp_per_floor":[70,70,67,55,50,50,50,50,57,42,42,42,61,19,42,30,77,72,72,72,48,3,26,0,0],"gold":43,"neow_bonus":"","is_daily":false,"chose_seed":false,"campfire_upgraded":1,"win_rate":0.0,"timestamp":1611221127,"path_taken":["M","$","M","M","M","R","?","?","T","M","?","?","?","M","R","BOSS","M","?","$","M","M","R","M"],"items_purchased_type":["Card","Relic","Relic"],"build_version":"2020-12-22","purchased_purges":0,"victory":false,"max_hp_per_floor":[70,70,70,70,70,70,70,70,77,77,77,77,77,77,77,77,77,77,77,77,77,77,77,77,77],"card_choices":[{"not_picked":["Murderer","QueenBee"],"picked":"OSAHOGD","floor":1},{"not_picked":["Runesmith:HammerThrow","Runesmith:Grindstone"],"picked":"Runesmith:ChiselStab","floor":1},{"not_picked":["Wellcheers","LittleHelper"],"picked":"Bloodbath","floor":3},{"not_picked":["Runesmith:EarthShield","Runesmith:OneForEveryone"],"picked":"Runesmith:Firewall","floor":3},{"not_picked":["Runesmith:CraftReservo","Runesmith:Overpower"],"picked":"Runesmith:Prism","floor":4},{"not_picked":["Scorched","BeautyBeast"],"picked":"Wellcheers","floor":5},{"not_picked":["Runesmith:Empowerment","Runesmith:FieryHammer","Runesmith:ShiftingStrike"],"picked":"SKIP","floor":5},{"not_picked":["Runesmith:FrozenChisel","Runesmith:ChaoticBlast"],"picked":"Runesmith:DoubleUp","floor":10},{"not_picked":["Variant","HappyTeddy"],"picked":"OldLady","floor":14},{"not_picked":["Runesmith:RuneHurl","Runesmith:StaticCage","Runesmith:Overpower"],"picked":"SKIP","floor":14},{"not_picked":["Runesmith:LastStand","Runesmith:MetallurgicalResearch"],"picked":"Runesmith:ArcReactor","floor":16},{"not_picked":["HeroicMonk","CrumblingArmor"],"picked":"ShyLook","floor":18},{"not_picked":["Runesmith:PerfectChisel","Runesmith:EarthShield+1"],"picked":"Runesmith:Refine+1","floor":18},{"not_picked":["Runesmith:RuneHurl","Runesmith:Repurpose"],"picked":"Runesmith:HeatExchange","floor":21},{"not_picked":["Runesmith:Accelerate","Runesmith:HeatExchange","Runesmith:ElementalConversion"],"picked":"SKIP","floor":22}],"player_experience":82850,"relics_obtained":[{"floor":9,"key":"Strawberry"},{"floor":11,"key":"Centennial Puzzle"}],"event_choices":[{"damage_healed":0,"gold_gain":100,"player_choice":"Pray","damage_taken":0,"max_hp_gain":0,"max_hp_loss":0,"event_name":"Golden Shrine","floor":7,"gold_loss":0},{"cards_removed":["Runesmith:Defend_RS"],"damage_healed":0,"gold_gain":0,"player_choice":"Forget","damage_taken":0,"max_hp_gain":0,"max_hp_loss":0,"event_name":"Living Wall","floor":12,"gold_loss":0},{"damage_healed":19,"gold_gain":0,"player_choice":"Healed","damage_taken":0,"max_hp_gain":0,"max_hp_loss":0,"event_name":"The Cleric","floor":13,"gold_loss":35},{"damage_healed":0,"gold_gain":0,"player_choice":"Upgraded","damage_taken":0,"max_hp_gain":0,"max_hp_loss":0,"event_name":"Upgrade Shrine","floor":19,"gold_loss":0,"cards_upgraded":["Runesmith:CraftFirestone"]}],"is_beta":false,"boss_relics":[{"not_picked":["Coffee Dripper","Tiny House"],"picked":"Runesmith:CoreCrystal"}],"items_purged_floors":[],"is_endless":false,"potions_floor_spawned":[1,4,14,16,18],"killed_by":"Snake Plant","ascension_level":0}}