{"host":"4amcrcg6ktw8dbzk","time":1611231011,"event":{"mods":["ATMod(°¢èªMod)","BaseMod","Dota2Spire","Minty Spire (QoL Compilation)","MostiFishMod","Spicy Shops","StSLib","Waifu the Spire"],"gold_per_floor":[109,174,187,187,201,231,231,156,179,21,41,67,80,90,90,167,167,185,110,127,127,45,74,90,117,117,129,144,144,159,175,175,247,247,263,263,120,140,150,182,192,218,218,235,245,274,286,315,315,315,315,315,315,51,84,84],"floor_reached":57,"language":"ZHS","playtime":2639,"items_purged":["Strike_B","Defend_B","Strike_B","Strike_B"],"score":3760,"play_id":"e3d04b9f-8757-4dd5-8b95-f36092172a6e","local_time":"20210121201011","is_ascension_mode":true,"campfire_choices":[{"data":"Zap","floor":7.0,"key":"SMITH"},{"data":"Skim","floor":15.0,"key":"SMITH"},{"data":"Coolheaded","floor":29.0,"key":"SMITH"},{"data":"Coolheaded","floor":32.0,"key":"SMITH"},{"floor":49,"key":"RECALL"},{"data":"Coolheaded","floor":53,"key":"SMITH"}],"circlet_count":0,"master_deck":["AscendersBane","Strike_B","Defend_B","Defend_B","Defend_B","Zap+1","Dualcast","Sunder+1","Skim+1","Turbo","Conserve Battery","Gash","Reinforced Body","Gash","AT_RightCognition","Hologram","Ball Lightning","Coolheaded+1","MostiFishMod:GatherIntelligence","MostiFishMod:IntelligentEquipment+1","Coolheaded+1","Coolheaded+1","MostiFishMod:Overload","AT_DarkMatter","Core Surge","AT_DarkMatter","AT_WarpDrive+1","Reboot+1","Recycle+1","Defragment","Skim+1","MostiFishMod:Mottled","Reboot+1"],"relics":["AT_ATBox","Civilization","Dota2Spire:Bloodstone","SynthV:TestCard","Blood Vial","AT_BladeRuinedKing","Membership Card","Anchor","HaiYi:Twilight","Nloth\u0027s Gift","Medical Kit","SynthV:C4","Blue Candle","Dota2Spire:CrimsonGuard","TimeKeys","Emotion Chip","Dota2Spire:UrnOfShadows","Toxic Egg 2","PreservedInsect","Dream Catcher","Bag of Preparation","Bottled Flame"],"acts_visited":["Exordium","TheCity","TheBeyond","TheEnding"],"potions_floor_usage":[44,56],"damage_taken":[{"damage":1.0,"enemies":"Cultist","floor":1.0,"turns":4.0},{"damage":0.0,"enemies":"Small Slimes","floor":3.0,"turns":3.0},{"damage":4.0,"enemies":"Jaw Worm","floor":5.0,"turns":2.0},{"damage":11.0,"enemies":"Gremlin Nob","floor":6.0,"turns":3.0},{"damage":0.0,"enemies":"Gremlin Gang","floor":11.0,"turns":3.0},{"damage":0.0,"enemies":"Lagavulin","floor":12.0,"turns":4.0},{"damage":0.0,"enemies":"3 Louse","floor":13.0,"turns":3.0},{"damage":0.0,"enemies":"Blue Slaver","floor":14.0,"turns":3.0},{"damage":0.0,"enemies":"The Guardian","floor":16.0,"turns":7.0},{"damage":18.0,"enemies":"2 Thieves","floor":18.0,"turns":5.0},{"damage":0.0,"enemies":"Chosen","floor":20.0,"turns":3.0},{"damage":0.0,"enemies":"Gremlin Leader","floor":23.0,"turns":4.0},{"damage":0.0,"enemies":"Centurion and Healer","floor":24.0,"turns":6.0},{"damage":0.0,"enemies":"Slavers","floor":25.0,"turns":4.0},{"damage":0.0,"enemies":"Snecko","floor":27.0,"turns":4.0},{"damage":0.0,"enemies":"Snake Plant","floor":28.0,"turns":4.0},{"damage":0.0,"enemies":"Shelled Parasite and Fungi","floor":30.0,"turns":5.0},{"damage":0.0,"enemies":"Sentry and Sphere","floor":31.0,"turns":4.0},{"damage":0.0,"enemies":"Champ","floor":33.0,"turns":7.0},{"damage":0.0,"enemies":"Orb Walker","floor":35.0,"turns":3.0},{"damage":0,"enemies":"3 Shapes","floor":38,"turns":4},{"damage":17,"enemies":"Writhing Mass","floor":39,"turns":4},{"damage":0,"enemies":"Nemesis","floor":40,"turns":3},{"damage":0,"enemies":"3 Darklings","floor":41,"turns":2},{"damage":0,"enemies":"Giant Head","floor":42,"turns":5},{"damage":40,"enemies":"Jaw Worm Horde","floor":44,"turns":3},{"damage":0,"enemies":"Maw","floor":45,"turns":4},{"damage":0,"enemies":"Reptomancer","floor":46,"turns":4},{"damage":15,"enemies":"Writhing Mass","floor":47,"turns":3},{"damage":0,"enemies":"Giant Head","floor":48,"turns":4},{"damage":0,"enemies":"Donu and Deca","floor":50,"turns":5},{"damage":10,"enemies":"Awakened One","floor":51,"turns":10},{"damage":0,"enemies":"Shield and Spear","floor":55,"turns":3},{"damage":46,"enemies":"The Heart","floor":56,"turns":7}],"seed_played":"-7368873129980879590","potions_obtained":[{"floor":6.0,"key":"Energy Potion"},{"floor":12.0,"key":"Fire Potion"},{"floor":45,"key":"AttackPotion"}],"is_trial":false,"path_per_floor":["M","?","M","?","M","E","R","$","T","$","M","E","M","M","R","B",null,"M","$","M","?","$","E","M","E","T","M","M","R","M","M","R","B",null,"M","?","$","M","M","E","M","E","T","M","M","E","M","E","R","B","B",null,"R","$","E","B",null],"character_chosen":"DEFECT","items_purchased":["Membership Card","Ball Lightning","Medical Kit","Emotion Chip","MostiFishMod:Mottled","Bag of Preparation"],"campfire_rested":0,"item_purchase_floors":[10,19,22,37,54,54],"current_hp_per_floor":[64,64,67,67,67,61,61,61,61,61,68,75,82,89,89,96,106,95,95,102,102,102,109,116,123,123,130,137,137,144,151,151,158,159,164,164,164,169,157,164,171,178,178,145,152,159,151,158,158,165,162,209,209,209,216,177],"gold":84,"neow_bonus":"BOSS_RELIC","is_daily":false,"chose_seed":false,"campfire_upgraded":5,"win_rate":0.0,"timestamp":1611231011,"path_taken":["M","?","M","?","M","E","R","$","T","$","?","E","M","M","R","BOSS","M","$","M","?","$","E","M","E","T","?","M","R","M","M","R","BOSS","M","?","$","?","M","E","M","E","T","M","M","E","?","E","R","BOSS","BOSS","R","$","E","BOSS"],"items_purchased_type":["Relic","Card","Relic","Relic","Card","Relic"],"build_version":"2020-12-22","purchased_purges":4,"victory":true,"max_hp_per_floor":[72,72,75,75,79,84,84,84,84,84,89,94,99,104,104,109,109,114,114,119,119,119,124,129,134,134,139,144,144,149,154,154,159,159,164,164,164,169,174,179,184,189,189,194,199,204,209,214,214,219,224,224,224,224,229,234],"card_choices":[{"not_picked":["Coolheaded","Gash"],"picked":"Sunder","floor":1.0},{"not_picked":["Lockon","Sunder","Streamline","Stack"],"picked":"Skim","floor":3.0},{"not_picked":["Aggregate","AT_ThunderBolt","Storm","Skim"],"picked":"Turbo","floor":5.0},{"not_picked":["Melter","Stack","Streamline","AT_HeatAcrobatics","AT_RobotInSpace"],"picked":"SKIP","floor":6.0},{"not_picked":["Reinforced Body","Reprogram","Steam","Scrape"],"picked":"Conserve Battery","floor":11.0},{"not_picked":["MostiFishMod:Nova","Compile Driver","Redo","Cold Snap"],"picked":"Gash","floor":12.0},{"not_picked":["Consume","Tempest","AT_HeatAcrobatics","Redo"],"picked":"Reinforced Body","floor":13.0},{"not_picked":["Gash","AT_HeatAcrobatics","Stack","Cold Snap","Beam Cell"],"picked":"SKIP","floor":14.0},{"not_picked":["AT_HeatAcrobatics","Stack","Cold Snap","Beam Cell"],"picked":"Gash","floor":14.0},{"not_picked":["MostiFishMod:Distribution","Reboot","Buffer","MostiFishMod:ReadyAimFire"],"picked":"AT_RightCognition","floor":16.0},{"not_picked":["AT_HeatAcrobatics","Redo","Go for the Eyes","Ball Lightning"],"picked":"Hologram","floor":18.0},{"not_picked":["Sweeping Beam","Beam Cell","Redo","Steam"],"picked":"Coolheaded","floor":20.0},{"not_picked":["Fission","MostiFishMod:PushDownKick+1","Rainbow","Storm"],"picked":"MostiFishMod:GatherIntelligence","floor":23.0},{"not_picked":["Ball Lightning","MostiFishMod:IntelligentEquipment","Hologram","MostiFishMod:IceShield","Cold Snap"],"picked":"SKIP","floor":24.0},{"not_picked":["Leap","MostiFishMod:PushDownKick","Gash","Double Energy"],"picked":"MostiFishMod:IntelligentEquipment","floor":25.0},{"not_picked":["Rebound","Stack+1","Conserve Battery","Cold Snap"],"picked":"Coolheaded","floor":27.0},{"not_picked":["Beam Cell+1","Compile Driver","Redo","Conserve Battery","AT_HeatAcrobatics+1"],"picked":"SKIP","floor":28.0},{"not_picked":["Fusion","BootSequence+1","Barrage","Consume","AT_StudyProgram"],"picked":"SKIP","floor":30.0},{"not_picked":["Hologram","Streamline","MostiFishMod:Hijack","FTL"],"picked":"Coolheaded","floor":31.0},{"not_picked":["MostiFishMod:TalkingToTheRain","MostiFishMod:ActiveDefenseSystem","Fission","Rainbow"],"picked":"MostiFishMod:Overload","floor":33.0},{"not_picked":["Redo","Doom and Gloom+1","Rebound","Go for the Eyes","Melter"],"picked":"SKIP","floor":35.0},{"not_picked":["Barrage","White Noise","Steam+1","Go for the Eyes"],"picked":"AT_DarkMatter","floor":38},{"not_picked":["AT_ThunderBolt","Sunder","Leap+1","Stack","MostiFishMod:StarOceanB"],"picked":"SKIP","floor":39},{"not_picked":["MostiFishMod:Impulse","Double Energy","Beam Cell","White Noise"],"picked":"Core Surge","floor":40},{"not_picked":["Rebound","Hologram","Go for the Eyes","Biased Cognition"],"picked":"AT_DarkMatter","floor":41},{"not_picked":["AT_ThunderBolt","Cold Snap","MostiFishMod:IceShield+1","Auto Shields+1"],"picked":"AT_WarpDrive+1","floor":42},{"not_picked":["MostiFishMod:PushDownKick","Steam+1","AT_DarkMatter+1","Redo+1"],"picked":"Reboot+1","floor":44},{"not_picked":["Gash","Beam Cell","Streamline","Self Repair+1","Sweeping Beam"],"picked":"SKIP","floor":45},{"not_picked":["Darkness+1","Thunder Strike","MostiFishMod:FluxCapactior+1","Force Field+1"],"picked":"Recycle+1","floor":46},{"not_picked":["Compile Driver","Redo+1","Storm+1","Sunder"],"picked":"Defragment","floor":47},{"not_picked":["Hello World","Chaos+1","Cold Snap","Turbo+1"],"picked":"Skim+1","floor":48},{"not_picked":["Beam Cell","Defragment","MostiFishMod:IceShield+1","Gash"],"picked":"Reboot+1","floor":55}],"player_experience":363494,"relics_obtained":[{"floor":1.0,"key":"SynthV:TestCard"},{"floor":6.0,"key":"Blood Vial"},{"floor":9.0,"key":"AT_BladeRuinedKing"},{"floor":12.0,"key":"Anchor"},{"floor":23.0,"key":"SynthV:C4"},{"floor":25.0,"key":"Blue Candle"},{"floor":26.0,"key":"Dota2Spire:CrimsonGuard"},{"floor":40,"key":"Dota2Spire:UrnOfShadows"},{"floor":42,"key":"Toxic Egg 2"},{"floor":46,"key":"PreservedInsect"},{"floor":48,"key":"Dream Catcher"},{"floor":55,"key":"Bottled Flame"}],"event_choices":[{"damage_healed":0.0,"max_hp_gain":0.0,"max_hp_loss":0.0,"gold_gain":65.0,"event_name":"Golden Wing","player_choice":"Gained Gold","floor":2.0,"gold_loss":0.0,"damage_taken":0.0},{"damage_healed":0.0,"max_hp_gain":0.0,"max_hp_loss":0.0,"gold_gain":0.0,"event_name":"Accursed Blacksmith","player_choice":"Forge","floor":4.0,"gold_loss":0.0,"damage_taken":0.0,"cards_upgraded":["Sunder"]},{"damage_healed":0.0,"max_hp_gain":0.0,"max_hp_loss":0.0,"gold_gain":0.0,"event_name":"N\u0027loth","player_choice":"Traded Relic","floor":21.0,"relics_lost":["DaveBox"],"gold_loss":0.0,"damage_taken":0.0,"relics_obtained":["Nloth\u0027s Gift"]},{"damage_healed":0.0,"max_hp_gain":0.0,"max_hp_loss":0.0,"gold_gain":0.0,"event_name":"Upgrade Shrine","player_choice":"Upgraded","floor":36.0,"gold_loss":0.0,"damage_taken":0.0,"cards_upgraded":["MostiFishMod:IntelligentEquipment"]}],"is_beta":false,"boss_relics":[{"not_picked":["GreenFoldingFan","Snecko Eye"],"picked":"HaiYi:Twilight"},{"not_picked":["RhineFirstAidKit","Nuclear Battery"],"picked":"TimeKeys"}],"items_purged_floors":[8,19,37,54],"is_endless":false,"potions_floor_spawned":[6,12,18,20,24,31,35,38,42,45],"ascension_level":20}}