{"host":"Planeswalker","time":1611219318,"event":{"mods":["Act Like it!","Astrologer","BaseMod","Downfall","Friendly Minions","GifTheSpireLib","Halation","Hermit","Hubris","Jorbs\u0027s Wanderer Trilogy","Minty Spire (QoL Compilation)","Replay The Spire","SOS???????","Shop Mod","Somnambulant","StSLib","The Bladedancer","The Cursed","The Elementalist","The Hierophant","The Jungle","The Mystic","The Necromancer"],"gold_per_floor":[115,48,48,48,59,11,11,11],"floor_reached":7,"language":"ENG","playtime":428,"items_purged":[],"score":39,"play_id":"e6131fd8-d885-4dc5-93a9-d93f7a474f53","local_time":"20210121015518","is_ascension_mode":false,"campfire_choices":[],"circlet_count":0,"master_deck":["astrologer:Strike","astrologer:Strike","astrologer:Strike","astrologer:Defend","astrologer:Defend","astrologer:Defend","astrologer:Defend","astrologer:NorthStar","astrologer:TheFool","astrologer:Alignment","astrologer:Eclipse","Languid","astrologer:TheStar","astrologer:Trine","astrologer:MeteorShower","astrologer:Moonlight"],"relics":["astrologer:SkyMirror","ReplayTheSpireMod:CursedCoin"],"acts_visited":["Exordium"],"potions_floor_usage":[7],"damage_taken":[{"damage":9,"enemies":"Jaw Worm","floor":1,"turns":4},{"damage":0,"enemies":"Small Slimes","floor":5,"turns":2},{"damage":37,"enemies":"Lagavulin","floor":7,"turns":8}],"seed_played":"-172216110418288681","potions_obtained":[{"floor":1,"key":"Weak Potion"}],"is_trial":false,"path_per_floor":["M","$","?","?","M","$","E"],"character_chosen":"ASTROLOGER","items_purchased":["ReplayTheSpireMod:CursedCoin","astrologer:TheStar","astrologer:Trine","astrologer:Moonlight"],"campfire_rested":0,"item_purchase_floors":[2,2,2,6],"current_hp_per_floor":[40,40,33,26,26,26,0,0],"gold":11,"neow_bonus":"THREE_RARE_CARDS","is_daily":false,"chose_seed":false,"campfire_upgraded":0,"win_rate":0.0,"timestamp":1611219318,"path_taken":["M","$","?","?","?","?","E"],"items_purchased_type":["Relic","Card","Card","Card"],"build_version":"2020-11-17","purchased_purges":0,"victory":false,"max_hp_per_floor":[70,70,70,70,70,70,70,70],"card_choices":[{"not_picked":["astrologer:Trine","astrologer:Fate"],"picked":"astrologer:Alignment","floor":0.0},{"not_picked":["astrologer:CometStrike","astrologer:SolarFlare"],"picked":"astrologer:Eclipse","floor":1},{"not_picked":["astrologer:GlassStar","astrologer:CometStrike"],"picked":"astrologer:MeteorShower","floor":5}],"player_experience":32496,"relics_obtained":[],"event_choices":[{"cards_removed":["astrologer:Strike"],"damage_healed":0,"gold_gain":0,"player_choice":"Card Removal","damage_taken":7,"max_hp_gain":0,"max_hp_loss":0,"event_name":"Golden Wing","floor":3,"gold_loss":0},{"damage_healed":0,"gold_gain":0,"player_choice":"Damaged","damage_taken":7,"max_hp_gain":0,"max_hp_loss":0,"event_name":"Wheel of Change","floor":4,"gold_loss":0}],"is_beta":true,"boss_relics":[],"items_purged_floors":[],"is_endless":false,"potions_floor_spawned":[1],"killed_by":"Lagavulin","ascension_level":0}}