{"host":"ggy1mjjy92c62u6a","time":1611214903,"event":{"mods":["10 clothes from DAL","Act Like it!","BaseMod","Colored Powertips","GifTheSpireLib","Library of Ruina","Library of Ruina Extra","Minty Spire (QoL Compilation)","Quick Restart","Relic Stats","RumiaBox-露米娅的神秘盒子","Shop Mod","Spicy Shops","StSLib","【功能Mod】混沌之环修复补丁","【遗物卡牌】REMEMod"],"gold_per_floor":[112,132,158,208,208,208,383,416,468,468,509,509,509,573,573,668,668,710,710,710,699,739,739,752,396,396,154,154,187,9,57,57,-24,-24],"floor_reached":33,"language":"ZHS","playtime":1016,"items_purged":["LightAttack","LightDefense","LightAttack"],"score":379,"play_id":"1d2d6323-dae7-4e7c-a92e-8b55f4e10716","local_time":"20210121154143","is_ascension_mode":true,"campfire_choices":[{"data":"Overcharge","floor":6.0,"key":"SMITH"},{"data":"FrontalAssault","floor":10.0,"key":"SMITH"},{"data":"HandlingWork","floor":13.0,"key":"SMITH"},{"floor":15.0,"key":"REST"},{"floor":23.0,"key":"REST"},{"floor":28,"key":"REST"},{"floor":32,"key":"REST"}],"circlet_count":0,"master_deck":["Dodge","LightDefense","LightDefense","LightDefense","ChargeAndCover","FocusedStrikes","GutHarvesting","Faith","FrontalAssault+1","Overcharge+1","Doubt","RushDown","HandlingWork+1","WillProduceFineSilk","Necronomicurse","Unlock1+1","FrontalAssault","Rewind","GrazeTheGrass","UnforgettableMelody","EnergyCycle","FrontalAssault+1"],"relics":["PageOfLibrarian","REME_ComplimentaryCards","NeowsBlessing","Baka","Pen Nib","Art of War","PageOfBloodbath","Sozu","Necronomicon","Matryoshka","SSSystem","PageOfSnowWhitesApple","Girya","White Beast Statue"],"acts_visited":["Exordium","TheCity"],"potions_floor_usage":[],"damage_taken":[{"damage":0.0,"enemies":"Cultist","floor":1.0,"turns":4.0},{"damage":0.0,"enemies":"Small Slimes","floor":2.0,"turns":1.0},{"damage":0.0,"enemies":"2 Louse","floor":4.0,"turns":1.0},{"damage":49.0,"enemies":"Gremlin Nob","floor":8.0,"turns":6.0},{"damage":4.0,"enemies":"2 Fungi Beasts","floor":11.0,"turns":3.0},{"damage":47.0,"enemies":"The Guardian","floor":16.0,"turns":6.0},{"damage":20.0,"enemies":"Spheric Guardian","floor":18.0,"turns":5.0},{"damage":9.0,"enemies":"2 Thieves","floor":21.0,"turns":4.0},{"damage":0.0,"enemies":"Snecko","floor":22.0,"turns":2.0},{"damage":27.0,"enemies":"Snake Plant","floor":24.0,"turns":4.0},{"damage":13,"enemies":"REME_1_Revenger","floor":29,"turns":3},{"damage":0,"enemies":"Sentry and Sphere","floor":31,"turns":2},{"damage":55,"enemies":"RedHoodMercenary","floor":33,"turns":4}],"seed_played":"7894646434783064842","potions_obtained":[{"floor":1.0,"key":"BlessingOfTheForge"},{"floor":4.0,"key":"LiquidBronze"},{"floor":11.0,"key":"Regen Potion"}],"is_trial":false,"path_per_floor":["M","M","T","M","?","R","?","E","T","R","M","?","R","?","R","B",null,"M","?","?","M","M","R","M","$","T","$","R","E","$","M","R","B"],"character_chosen":"Librarian","items_purchased":["Matryoshka","Rewind","Girya","GrazeTheGrass","EnergyCycle"],"campfire_rested":4,"item_purchase_floors":[25,25,27,27,30],"current_hp_per_floor":[60,60,60,60,65,65,65,16,16,16,12,12,12,12,38,3,68,48,32,15,6,6,34,7,7,7,7,35,22,22,22,50,0,0],"gold":-24,"neow_bonus":"THREE_ENEMY_KILL","is_daily":false,"chose_seed":false,"campfire_upgraded":3,"win_rate":0.0,"timestamp":1611214903,"path_taken":["M","?","?","M","?","R","?","E","T","R","M","?","R","?","R","BOSS","M","?","?","M","M","R","M","$","T","$","R","E","?","M","R","BOSS"],"items_purchased_type":["Relic","Card","Relic","Card","Card"],"build_version":"2020-12-22","purchased_purges":3,"victory":false,"max_hp_per_floor":[84,84,84,84,89,89,89,89,89,89,89,89,89,89,89,89,89,89,89,94,94,94,94,94,94,94,94,94,94,94,94,94,94,94],"relic_stats":{"Sozu":4,"counters":[13,45],"Pen Nib":[7],"Art of War":[4],"Necronomicon":[14],"obtain_stats":[{"Girya":27,"NeowsBlessing":0,"SSSystem":26,"PageOfBloodbath":9,"Pen Nib":3,"Baka":1,"White Beast Statue":29,"PageOfLibrarian":0,"Sozu":17,"Matryoshka":25,"Art of War":8,"Necronomicon":19,"PageOfSnowWhitesApple":26,"REME_ComplimentaryCards":0},{"Girya":10,"NeowsBlessing":0,"SSSystem":10,"PageOfBloodbath":4,"Pen Nib":2,"Baka":1,"White Beast Statue":11,"PageOfLibrarian":0,"Sozu":6,"Matryoshka":10,"Art of War":4,"Necronomicon":7,"PageOfSnowWhitesApple":10,"REME_ComplimentaryCards":0},{"Girya":36,"NeowsBlessing":0,"SSSystem":36,"PageOfBloodbath":12,"Pen Nib":5,"Baka":4,"White Beast Statue":39,"PageOfLibrarian":0,"Sozu":21,"Matryoshka":36,"Art of War":12,"Necronomicon":26,"PageOfSnowWhitesApple":36,"REME_ComplimentaryCards":0}]},"card_choices":[{"not_picked":["FleetEdge","NightInTheBackstreets","Parry","MultiHit","GuardingStance","Tttonst","Outburst","Rewind"],"picked":"Faith","floor":1.0},{"not_picked":["BlazingStrike","IronWall","Reload","SuppressingShot","FierceCharge","SkitterAway","OpportunitySpotted","Wallop_lor"],"picked":"FrontalAssault","floor":2.0},{"not_picked":["PreemptiveStrike","ExtractFuel","Multislash","StructuralAnalysis","ViolentFlame","Quickness","StrongStrike","BayonetCombat"],"picked":"Overcharge","floor":4.0},{"not_picked":["Tttonst","Quickness","Leap_lor","IllEndYou","ViolentFlame","EnergyShield","Pound","Outburst","Rewind"],"picked":"SKIP","floor":8.0},{"not_picked":["Mutilate","Rewind","SpearedSweep","Slice_lor","IronWall","MultiHit","TraceOfFumes","ICanCookAnything"],"picked":"RushDown","floor":11.0},{"not_picked":["FormingStorm","Commandeering"],"picked":"WillProduceFineSilk","floor":16.0},{"not_picked":["ForTheFamily","FleetFootsteps+1","NightInTheBackstreets+1","MultiBlock","Parry","DefenseOrder","Tailoring","Gigigig+1","BackAttack"],"picked":"SKIP","floor":18.0},{"not_picked":["FierceCharge","DarkCloud","WildCard","AutomatedMovement","Outburst","Parry","EndlessBattle","ClassAndRespect"],"picked":"Unlock1+1","floor":21.0},{"not_picked":["ViolentFlame","UpbeatPerformance","FervidEmotions+1","SpearedSweep","StayCalm","IronWall","FlamingDragonFist","FleetEdge"],"picked":"FrontalAssault","floor":22.0},{"not_picked":["MultiHit","ClassAndRespect","Tttonst","SuppressingShot+1","FierceCharge+1","SpearedSweep","PinpointShot","DefenseOrder+1","EnergyStrike"],"picked":"SKIP","floor":24.0},{"not_picked":["BlowItUp","BiteOff","WildCard","DefenseOrder+1","Crush+1","HiddenBlade","Eject","TheArtOfRapidSteps"],"picked":"UnforgettableMelody","floor":29},{"not_picked":["WillOfThePrescript+1","PreparedMind","Reload","Slice_lor","Thrust","StructuralAnalysis","FieryWaltz","Leap_lor+1"],"picked":"FrontalAssault+1","floor":31}],"player_experience":54842,"relics_obtained":[{"floor":1.0,"key":"Baka"},{"floor":3.0,"key":"Pen Nib"},{"floor":8.0,"key":"Art of War"},{"floor":9.0,"key":"PageOfBloodbath"},{"floor":19.0,"key":"Necronomicon"},{"floor":26.0,"key":"SSSystem"},{"floor":26.0,"key":"PageOfSnowWhitesApple"},{"floor":29,"key":"White Beast Statue"}],"event_choices":[{"damage_healed":0.0,"max_hp_gain":5.0,"max_hp_loss":0.0,"gold_gain":0.0,"event_name":"Big Fish","player_choice":"Donut","floor":5.0,"gold_loss":0.0,"damage_taken":0.0},{"damage_healed":0.0,"max_hp_gain":0.0,"max_hp_loss":0.0,"gold_gain":175.0,"event_name":"Liars Game","player_choice":"AGREE","floor":7.0,"gold_loss":0.0,"damage_taken":0.0,"cards_obtained":["Doubt"]},{"damage_healed":0.0,"max_hp_gain":0.0,"max_hp_loss":0.0,"gold_gain":0.0,"cards_transformed":["LightAttack"],"event_name":"Living Wall","player_choice":"Change","floor":12.0,"gold_loss":0.0,"damage_taken":0.0,"cards_obtained":["HandlingWork"]},{"damage_healed":0.0,"max_hp_gain":0.0,"max_hp_loss":0.0,"gold_gain":64.0,"event_name":"Golden Wing","player_choice":"Gained Gold","floor":14.0,"gold_loss":0.0,"damage_taken":0.0},{"damage_healed":0.0,"max_hp_gain":0.0,"max_hp_loss":0.0,"gold_gain":0.0,"event_name":"Cursed Tome","player_choice":"Obtained Book","floor":19.0,"gold_loss":0.0,"damage_taken":16.0},{"damage_healed":0.0,"max_hp_gain":5.0,"max_hp_loss":0.0,"gold_gain":0.0,"event_name":"Forgotten Altar","player_choice":"Shed Blood","floor":20.0,"gold_loss":0.0,"damage_taken":22.0}],"is_beta":false,"boss_relics":[{"not_picked":["Calling Bell","REME_DemonsWealth"],"picked":"Sozu"}],"items_purged_floors":[25,27,30],"is_endless":false,"potions_floor_spawned":[1,4,11,18,21,22,31],"killed_by":"RedHoodMercenary","ascension_level":5}}