{"host":"7fomwthvpaeu368e","time":1611246152,"event":{"mods":["ATMod(∞¢Ë™Mod)","AchievementEnabler","Act Like it!","Arknights The Spire","Aspiration","Astrologer","BaseMod","Downfall","Gensokyo","Highlight Path","KinomotoSakuraMod(ƒæ÷Æ±æ”£)","KomeijiMod","Marisa£®ÏF”Í°°ƒß¿Ì…≥£©","Marked Mod","Minty Spire (QoL Compilation)","Remilia£®¿Ÿ√◊¿Ú—«£©","Shop Mod","Spicy Shops","StSLib","The Administrix","The Alterego","The Bug Knight","The Cursed","The Gatherer","The Hierophant","The Mystic","The Runesmith","The Servant 0.9.4","WarShipGirlsR/’ΩΩ¢…Ÿ≈ÆR mod","Youmu£®ªÍ∆«—˝√Œ£©","Yuri Mod","[IsaacMod]“‘»ˆº‚À˛"],"gold_per_floor":[115,115,215,215,227,261,261,280,326,340,384,414,105,115,115,251,251,251],"floor_reached":17,"language":"ZHS","playtime":748,"items_purged":[],"score":184,"play_id":"e407311e-3fd5-44d2-bc28-3bb5ade06674","local_time":"20210122002232","is_ascension_mode":false,"campfire_choices":[{"data":"Zap","floor":7,"key":"SMITH"},{"data":"Rainbow","floor":15,"key":"SMITH"}],"circlet_count":0,"master_deck":["Strike_B","Strike_B","Strike_B","Defend_B","Defend_B","Defend_B","Defend_B","Zap+1","Dualcast","BloodyBrimstone","Cold Snap","Barrage","Compile Driver","Conserve Battery","Fan","Chill","Gash","Rainbow+1","Loop","Redo","Melter","Self Repair","Reboot"],"relics":["Cracked Core","AT_ATBox","HushsDoor","NeowsBlessing","BookofShadows","AT_Kusabimaru","AT_BellDemon","SalivaCoin","aspiration:MarisaSkillbook"],"acts_visited":["Exordium","TheCity"],"potions_floor_usage":[16,16,16],"damage_taken":[{"damage":0,"enemies":"2 Louse","floor":1,"turns":1},{"damage":0,"enemies":"Jaw Worm","floor":5,"turns":1},{"damage":0,"enemies":"3 Sentries","floor":6,"turns":1},{"damage":0,"enemies":"Cultist","floor":8,"turns":3},{"damage":0,"enemies":"3 Louse","floor":10,"turns":3},{"damage":21,"enemies":"Exordium Thugs","floor":11,"turns":5},{"damage":4,"enemies":"Lots of Slimes","floor":12,"turns":5},{"damage":0,"enemies":"Gremlin Gang","floor":14,"turns":1},{"damage":17,"enemies":"Hexaghost","floor":16,"turns":9}],"seed_played":"1464587207017065095","potions_obtained":[{"floor":1,"key":"Fire Potion"},{"floor":8,"key":"Dexterity Potion"},{"floor":11,"key":"Guardian:BlockOnCardUsePotion"},{"floor":12,"key":"Explosive Potion"}],"is_trial":false,"path_per_floor":["M","?","?","?","M","E","R","M","T","M","M","M","$","M","R","B",null],"character_chosen":"DEFECT","items_purchased":["Rainbow","Loop","Redo","Melter"],"campfire_rested":0,"item_purchase_floors":[13,13,13,13],"current_hp_per_floor":[75,75,75,75,75,75,75,75,75,75,54,50,50,50,50,40,75,75],"gold":251,"neow_bonus":"THREE_ENEMY_KILL","is_daily":false,"chose_seed":false,"campfire_upgraded":2,"win_rate":0.0,"timestamp":1611246152,"path_taken":["M","?","?","?","M","E","R","M","T","?","M","M","?","M","R","BOSS"],"items_purchased_type":["Card","Card","Card","Card"],"build_version":"2020-12-22","purchased_purges":0,"victory":false,"max_hp_per_floor":[75,75,75,75,75,75,75,75,75,75,75,75,75,75,75,75,75,75],"card_choices":[{"not_picked":[],"picked":"BloodyBrimstone","floor":0},{"not_picked":["Chill","AT_HeatAcrobatics"],"picked":"Cold Snap","floor":1},{"not_picked":["Turbo","Leap"],"picked":"Compile Driver","floor":5},{"not_picked":["Rebound","Capacitor"],"picked":"Bomb","floor":6},{"not_picked":["Lockon","AT_StudyProgram"],"picked":"Conserve Battery","floor":8},{"not_picked":["Aggregate","Buffer"],"picked":"Fan","floor":10},{"not_picked":["Glacier","Chaos"],"picked":"Chill","floor":11},{"not_picked":["Streamline","Hologram"],"picked":"Gash","floor":12},{"not_picked":["Streamline","Aggregate"],"picked":"Self Repair","floor":14},{"not_picked":["Meteor Strike","Thunder Strike"],"picked":"Reboot","floor":16}],"player_experience":42845,"relics_obtained":[{"floor":6,"key":"AT_BellDemon"},{"floor":9,"key":"SalivaCoin"}],"event_choices":[{"damage_healed":0,"gold_gain":0,"cards_transformed":["Strike_B"],"player_choice":"Change","damage_taken":0,"max_hp_gain":0,"max_hp_loss":0,"event_name":"Living Wall","floor":2,"gold_loss":0,"cards_obtained":["Barrage"]},{"damage_healed":0,"gold_gain":100,"player_choice":"Gold","damage_taken":0,"max_hp_gain":0,"max_hp_loss":0,"event_name":"Wheel of Change","floor":3,"gold_loss":0},{"cards_removed":["AT_FamilyPortrait"],"damage_healed":0,"gold_gain":0,"player_choice":"Gave Card","damage_taken":0,"relics_obtained":["AT_Kusabimaru"],"max_hp_gain":0,"max_hp_loss":0,"event_name":"WeMeetAgain","floor":4,"gold_loss":0}],"is_beta":false,"boss_relics":[{"not_picked":["Velvet Choker","Cursed Key"],"picked":"aspiration:MarisaSkillbook"},{"not_picked":[]}],"items_purged_floors":[],"is_endless":false,"potions_floor_spawned":[1,8,11,12],"ascension_level":0}}