{"host":"9slw7l0ws16384qq","time":1611256237,"event":{"mods":["A Penny For Your Troubles","BaseMod","Colored Map","Evolution","Hubris","Minty Spire (QoL Compilation)","Replay The Spire","Shedinja","StS++","StSLib","The Dragon Tamer","The Marked"],"gold_per_floor":[115,128,128,53,67,99,99,119,142,159,159,174,174,31,31,131,131,146,161,180,80,92,92,119,119,144,144,244,244,258,258,258],"floor_reached":31,"language":"FRA","playtime":753,"items_purged":["Defend_B","Strike_B"],"score":257,"play_id":"dc7f4340-419b-407a-b7e3-dd9f6e8f6ebd","local_time":"20210121201037","is_ascension_mode":false,"campfire_choices":[{"data":"StSpp:Igniter","floor":7.0,"key":"SMITH"},{"data":"Rainbow","floor":11.0,"key":"SMITH"},{"floor":13.0,"key":"REST"},{"data":"Tempest","floor":15.0,"key":"SMITH"},{"data":"StSpp:Saturation","floor":23,"key":"SMITH"},{"floor":25,"key":"REST"},{"data":"Tempest","floor":29,"key":"SMITH"}],"circlet_count":0,"master_deck":["Strike_B","Strike_B","Strike_B","Defend_B","Defend_B","Defend_B","Zap+1","Dualcast","Tempest+1","StSpp:Igniter+1","Tempest+1","Rainbow+1","StSpp:Saturation+1","BasicCrystalCard+1"],"relics":["Cracked Core","EVO:Axolotl","ReplayTheSpireMod:TigerMarble","Orichalcum","hubris:ScarierMask","Happy Flower","Potion Belt","hubris:Towel"],"acts_visited":["Exordium","TheCity"],"potions_floor_usage":[],"damage_taken":[{"damage":5.0,"enemies":"Small Slimes","floor":1.0,"turns":3.0},{"damage":0.0,"enemies":"Cultist","floor":2.0,"turns":3.0},{"damage":0.0,"enemies":"2 Louse","floor":5.0,"turns":2.0},{"damage":25.0,"enemies":"Gremlin Nob","floor":6.0,"turns":4.0},{"damage":5.0,"enemies":"Looter","floor":8.0,"turns":3.0},{"damage":29.0,"enemies":"Gremlin Gang","floor":10.0,"turns":3.0},{"damage":6.0,"enemies":"Large Slime","floor":12.0,"turns":4.0},{"damage":24,"enemies":"Hexaghost","floor":16,"turns":8},{"damage":15,"enemies":"Shell Parasite","floor":18,"turns":4},{"damage":5,"enemies":"Spheric Guardian","floor":19,"turns":3},{"damage":17,"enemies":"Snake Plant","floor":20,"turns":4},{"damage":6,"enemies":"Snecko","floor":22,"turns":5},{"damage":30,"enemies":"Book of Stabbing","floor":24,"turns":5},{"damage":4,"enemies":"Chosen and Byrds","floor":30,"turns":3},{"damage":0,"enemies":"Shelled Parasite and Fungi","floor":31,"turns":1}],"seed_played":"7944863792435275738","potions_obtained":[{"floor":1.0,"key":"Energy Potion"},{"floor":5.0,"key":"Strength Potion"},{"floor":12.0,"key":"Dexterity Potion"},{"floor":16,"key":"FocusPotion"},{"floor":20,"key":"PowerPotion"},{"floor":30,"key":"EssenceOfDarkness"}],"is_trial":false,"path_per_floor":["M","M","?","$","M","E","R","M","T","M","R","M","R","$","R","B",null,"M","M","M","$","M","R","E","R","T","?","?","R","M","M"],"character_chosen":"DEFECT","items_purchased":["Orichalcum"],"campfire_rested":2,"item_purchase_floors":[14],"current_hp_per_floor":[70,70,70,70,70,45,45,40,40,11,11,5,27,27,27,3,75,60,55,38,38,32,32,2,24,24,24,24,24,20,20,20],"gold":258,"neow_bonus":"UPGRADE_CARD","is_daily":false,"chose_seed":false,"campfire_upgraded":5,"win_rate":0.0,"timestamp":1611256237,"path_taken":["M","M","?","$","?","E","R","M","T","M","R","M","R","$","R","BOSS","M","M","M","$","M","R","E","R","T","?","?","R","M","M"],"items_purchased_type":["Relic"],"build_version":"2020-12-22","purchased_purges":2,"victory":false,"max_hp_per_floor":[75,75,75,75,75,75,75,75,75,75,75,75,75,75,75,75,75,75,75,75,75,75,75,75,75,75,75,75,75,75,75,75],"card_choices":[{"not_picked":["Turbo","Stack","ReplayTheSpireMod:Reroute Power"],"picked":"SKIP","floor":1.0},{"not_picked":["Gash","Go for the Eyes","Compile Driver"],"picked":"SKIP","floor":2.0},{"not_picked":["FTL","Hologram"],"picked":"Tempest","floor":5.0},{"not_picked":["Chaos","Genetic Algorithm"],"picked":"StSpp:Igniter","floor":6.0},{"not_picked":["StSpp:Mask","StSpp:Pointer"],"picked":"Tempest","floor":8.0},{"not_picked":["Barrage","Compile Driver"],"picked":"Rainbow","floor":10.0},{"not_picked":["Recycle","Lockon","Panic Button"],"picked":"SKIP","floor":12.0},{"not_picked":["Core Surge","Multi-Cast"],"picked":"StSpp:Saturation","floor":16},{"not_picked":["Barrage+1","Beam Cell"],"picked":"BasicCrystalCard+1","floor":18},{"not_picked":["Doom and Gloom+1","Hologram","Go for the Eyes"],"picked":"SKIP","floor":19},{"not_picked":["Hello World","FTL","Leap+1"],"picked":"SKIP","floor":20},{"not_picked":["Compile Driver","Skim","Chill"],"picked":"SKIP","floor":22},{"not_picked":["Chaos","Storm+1","Sweeping Beam+1"],"picked":"SKIP","floor":24},{"not_picked":["Leap","Ball Lightning","Hologram"],"picked":"SKIP","floor":30}],"player_experience":1659809,"relics_obtained":[{"floor":6.0,"key":"ReplayTheSpireMod:TigerMarble"},{"floor":24,"key":"Happy Flower"},{"floor":26,"key":"Potion Belt"}],"event_choices":[{"damage_healed":0.0,"max_hp_gain":0.0,"max_hp_loss":0.0,"gold_gain":0.0,"event_name":"Match and Keep!","player_choice":"0 cards matched","floor":3.0,"gold_loss":0.0,"damage_taken":0.0,"cards_obtained":[]},{"damage_healed":0,"gold_gain":100,"player_choice":"Pray","damage_taken":0,"max_hp_gain":0,"max_hp_loss":0,"event_name":"Golden Shrine","floor":28,"gold_loss":0}],"is_beta":false,"boss_relics":[{"not_picked":["StSpp:Magatama","Runic Dome"],"picked":"hubris:ScarierMask"}],"items_purged_floors":[4,21],"is_endless":false,"potions_floor_spawned":[1,5,12,16,20,30],"killed_by":"Shelled Parasite and Fungi","ascension_level":0}}