{"host":"0iuhrgzkozzv273x","time":1611271070,"event":{"mods":["2.2 Compatiblity","Astrologer","BaseMod","ChefMod","Colored Map","Curses Come First","Downfall","Hermit","Jorbs\u0027s Wanderer Trilogy","Key Reminder","Minty Spire (QoL Compilation)","Robot Space Explorer","Shade Mod","Spire Arcade","StSLib","The Construct","The Cursed","The Disciple","The Hayseed","The Runesmith","The Showman","TheFirefly","Unceasing Turn Reminder","Wandering Minibosses","thorton"],"gold_per_floor":[0,12,112,132,142,142,214,245,145,173,173,208,224,399,410,410,410,410],"floor_reached":16,"language":"ENG","playtime":1027,"items_purged":[],"score":126,"play_id":"e4abf240-c894-4000-98fc-43171ef9d68b","local_time":"20210121181750","is_ascension_mode":true,"campfire_choices":[{"floor":1,"key":"RECALL"},{"data":"bronze:Break","floor":9,"key":"SMITH"},{"data":"bronze:Goto","floor":11,"key":"SMITH"}],"circlet_count":0,"master_deck":["bronze:Strike","bronze:Strike","bronze:Strike","bronze:Defend","bronze:Defend","bronze:Defend","bronze:Defend","bronze:Replicate","bronze:Goto+1","bronze:Iterate","bronze:BronzeOrb","bronze:ForceShield","bronze:Break+1","bronze:Virus+1","bronze:ChildClass","Doubt","bronze:GetLatest"],"relics":["bronze:BronzeCore","WingedGreaves","keyreminder:keyreminder","Kunai","Question Card","downfall:HeartBlessingRed","Molten Egg 2","Oddly Smooth Stone"],"acts_visited":["Exordium"],"potions_floor_usage":[13,16],"damage_taken":[{"damage":1,"enemies":"2 Louse","floor":2,"turns":4},{"damage":1,"enemies":"Cultist","floor":4,"turns":3},{"damage":1,"enemies":"Jaw Worm","floor":5,"turns":3},{"damage":23,"enemies":"3 Sentries","floor":8,"turns":11},{"damage":6,"enemies":"Gremlin Nob","floor":10,"turns":3},{"damage":19,"enemies":"Lagavulin","floor":12,"turns":4},{"damage":0,"enemies":"Red Slaver","floor":13,"turns":2},{"damage":0,"enemies":"3 Louse","floor":15,"turns":2},{"damage":20,"enemies":"SI_SHIV_ARCHETYPE","floor":16,"turns":10}],"seed_played":"-7619991672942027608","potions_obtained":[{"floor":10,"key":"LiquidMemories"},{"floor":13,"key":"SteroidPotion"},{"floor":15,"key":"Energy Potion"}],"is_trial":false,"path_per_floor":["R","M","?","M","M","?","T","E","R","E","R","E","M","?","M","B"],"character_chosen":"THE_AUTOMATON","items_purchased":[],"campfire_rested":0,"item_purchase_floors":[],"current_hp_per_floor":[70,69,69,68,67,67,67,44,44,38,38,19,19,19,19,0,0,0],"gold":410,"neow_bonus":"ONE_RARE_RELIC","is_daily":false,"chose_seed":false,"campfire_upgraded":2,"win_rate":0.0,"timestamp":1611271070,"path_taken":["R","M","?","M","?","?","T","E","R","E","R","E","?","?","M","BOSS"],"items_purchased_type":[],"build_version":"2020-12-22","purchased_purges":0,"victory":false,"max_hp_per_floor":[70,70,70,70,70,70,70,70,70,70,70,70,70,70,70,70,70,70],"card_choices":[{"not_picked":["bronze:Shield","bronze:BitShift","bronze:ItsAFeature"],"picked":"SKIP","floor":2},{"not_picked":["bronze:DelayedGuard","bronze:Separator"],"picked":"bronze:Iterate","floor":4},{"not_picked":["bronze:Invalidate","bronze:CutThrough"],"picked":"bronze:BronzeOrb","floor":5},{"not_picked":["bronze:OilSpill","bronze:Allocate"],"picked":"bronze:Break","floor":8},{"not_picked":["bronze:SpaghettiCode","bronze:Iterate+1","bronze:Invalidate"],"picked":"bronze:Virus+1","floor":10},{"not_picked":["bronze:BuggyMess","bronze:OilSpill+1","bronze:Deprecate"],"picked":"bronze:ChildClass","floor":12},{"not_picked":["bronze:DelayedSlice+1","bronze:Invalidate","bronze:MaxOutput","bronze:Turbo"],"picked":"SKIP","floor":13},{"not_picked":["bronze:Shield","bronze:Deprecate","bronze:Turbo"],"picked":"bronze:GetLatest","floor":15}],"player_experience":1500726,"relics_obtained":[{"floor":7,"key":"Kunai"},{"floor":8,"key":"Question Card"},{"floor":10,"key":"Molten Egg 2"},{"floor":12,"key":"Oddly Smooth Stone"}],"event_choices":[],"is_beta":false,"boss_relics":[],"items_purged_floors":[],"is_endless":false,"potions_floor_spawned":[10,13,15],"killed_by":"SI_SHIV_ARCHETYPE","ascension_level":1}}