{"host":"snn1c4qsf0fj7fzf","time":1611236550,"event":{"mods":["AchievementEnabler","Act Like it!","Aspiration","Astrologer","Bard","BaseMod","Colored Powertips","Gensokyo","Gremlin Mod","Hallownest","Hermit","HololiveMod","Hubris","Infinite Spire","Lobotomy","LobotomyExtend","Marisa????????","Minty Spire (QoL Compilation)","Random Character Button","Rare Cards Sparkle","Reimu??????","Replay The Spire","Shop Mod","StSLib","The Administrix","The Animator","The Bug Knight","The Cursed","The Gatherer","The Hierophant","The Poker Player"],"gold_per_floor":[113,113,113,129,149,182,182,213,213,233,252,264,264,290,290,392,392,402,402,402,417,417,444,457,481,481,495,495,525,525,525,525],"floor_reached":31,"language":"ENG","playtime":6208,"items_purged":[],"score":295,"play_id":"84b66cc5-56b1-4d74-8c03-d70fdd2279af","local_time":"20210121214230","is_ascension_mode":false,"campfire_choices":[{"data":"FoulBorder2:ReiMu","floor":7,"key":"SMITH"},{"floor":28,"key":"REST"},{"data":"OctopathBindingBorder2:ReiMu","floor":30,"key":"SMITH"}],"circlet_count":0,"master_deck":["Strike_Lin:ReiMu+1","Strike_Lin:ReiMu+1","Defend_Lin:ReiMu","Defend_Lin:ReiMu","Defend_Lin:ReiMu","NB:ReiMu","Stagnation:ReiMu","OctopathBindingBorder2:ReiMu+1","Meditation:ReiMu+1","SpreadBorder2:ReiMu","FoulBorder2:ReiMu+1","Enchanting:ReiMu","SealNeedle:ReiMu","Revelation:ReiMu+1","Enchanting:ReiMu","Dreaming:ReiMu"],"relics":["FlyPower:ReiMu","aspiration:Nostalgia","Sizzling Blood","LetterFromLob","hubris:Towel","RuthlessExorcism:ReiMu","aspiration:Lifesprig","Moonlight_r","ShedSkin_r","Gaze_r","infinitespire:Lucky Rock","Hololive_TopUpMoneyS","Replay:Bottled Steam","Boot","The Courier","KaguraBell:ReiMu"],"acts_visited":["Exordium","Gensokyo:Gensokyoer"],"potions_floor_usage":[23,31],"damage_taken":[{"damage":1,"enemies":"Small Slimes","floor":1,"turns":4},{"damage":0,"enemies":"Jaw Worm","floor":4,"turns":4},{"damage":0,"enemies":"2 Louse","floor":5,"turns":3},{"damage":12,"enemies":"3 Sentries","floor":6,"turns":8},{"damage":30,"enemies":"Gremlin Nob","floor":8,"turns":7},{"damage":0,"enemies":"2 Fungi Beasts","floor":10,"turns":4},{"damage":0,"enemies":"Red Slaver","floor":11,"turns":4},{"damage":4,"enemies":"Blue Slaver","floor":12,"turns":5},{"damage":0,"enemies":"3 Louse","floor":13,"turns":5},{"damage":13,"enemies":"3 Sentries","floor":14,"turns":8},{"damage":14,"enemies":"Slime Boss","floor":16,"turns":14},{"damage":21,"enemies":"Gensokyo:3_Dogs","floor":18,"turns":6},{"damage":10,"enemies":"Gensokyo:2_Gloops","floor":21,"turns":5},{"damage":36,"enemies":"Gensokyo:Koishi","floor":23,"turns":9},{"damage":4,"enemies":"Gensokyo:Wraith","floor":24,"turns":6},{"damage":16,"enemies":"Gensokyo:Mirror_and_Dog","floor":27,"turns":8},{"damage":14,"enemies":"Gensokyo:Reisen","floor":29,"turns":6},{"damage":24,"enemies":"Gensokyo:Slime_Group","floor":31,"turns":7}],"seed_played":"-6473676876144231356","potions_obtained":[{"floor":1,"key":"FearPotion"},{"floor":5,"key":"Energy Potion"},{"floor":10,"key":"SteroidPotion"},{"floor":23,"key":"PowerPotion"}],"is_trial":false,"path_per_floor":["M","?","?","M","M","E","R","E","T","M","M","M","M","E","R","B",null,"M","?","?","M","?","E","M","T","T","M","R","E","R","M"],"character_chosen":"REIMU","items_purchased":[],"campfire_rested":1,"item_purchase_floors":[],"current_hp_per_floor":[69,69,55,59,63,55,55,29,29,33,37,37,69,60,60,50,69,52,52,52,46,58,26,26,26,26,14,34,24,24,0,0],"gold":525,"neow_bonus":"NOSTALGIA","is_daily":false,"chose_seed":false,"campfire_upgraded":2,"win_rate":0.0,"timestamp":1611236550,"path_taken":["M","?","?","M","M","E","R","E","T","M","?","M","M","E","R","BOSS","M","?","?","M","?","E","?","?","T","M","R","E","R","M"],"items_purchased_type":[],"build_version":"2020-12-22","purchased_purges":0,"victory":false,"max_hp_per_floor":[69,69,69,69,69,69,69,69,69,69,69,69,69,69,69,69,69,69,69,69,69,69,69,69,69,69,69,69,69,69,69,69],"card_choices":[{"not_picked":["FantasyMoon:ReiMu","WonderfulDomain:ReiMu"],"picked":"OctopathBindingBorder2:ReiMu","floor":1},{"not_picked":["RainPray2:ReiMu","SpringWay:ReiMu"],"picked":"Meditation:ReiMu","floor":4},{"not_picked":["UniversalSpiritual:ReiMu","Amulet:ReiMu"],"picked":"SpreadBorder2:ReiMu","floor":5},{"not_picked":["YinYang:ReiMu","OctopathBindingBorder2:ReiMu"],"picked":"FoulBorder2:ReiMu","floor":6},{"not_picked":["YinYangSange:ReiMu","SpiritualOutbreak2:ReiMu"],"picked":"Enchanting:ReiMu","floor":8},{"not_picked":["RainPray2:ReiMu","EmergencyTakeOff:ReiMu"],"picked":"SealNeedle:ReiMu","floor":10},{"not_picked":["EmergencyTakeOff:ReiMu","SubcavityInstant:ReiMu"],"picked":"Revelation:ReiMu","floor":11},{"not_picked":["SafetyPray:ReiMu","SpringWay:ReiMu","Dreaming:ReiMu"],"picked":"SKIP","floor":12},{"not_picked":["Intuition:ReiMu","FantasyMoon:ReiMu"],"picked":"Enchanting:ReiMu","floor":14},{"not_picked":["CeremonyResonance:ReiMu","KyokaiOfKami:ReiMu"],"picked":"Dreaming:ReiMu","floor":16}],"player_experience":354357,"relics_obtained":[{"floor":1,"key":"LetterFromLob"},{"floor":6,"key":"Shuriken"},{"floor":8,"key":"RuthlessExorcism:ReiMu"},{"floor":9,"key":"aspiration:Lifesprig"},{"floor":14,"key":"infinitespire:Lucky Rock"},{"floor":23,"key":"Replay:Bottled Steam"},{"floor":25,"key":"Boot"},{"floor":26,"key":"The Courier"},{"floor":29,"key":"KaguraBell:ReiMu"}],"event_choices":[{"damage_healed":0,"gold_gain":0,"player_choice":"Entered Light","damage_taken":14,"max_hp_gain":0,"max_hp_loss":0,"event_name":"Shining Light","floor":3,"gold_loss":0,"cards_upgraded":["Strike_Lin:ReiMu","Strike_Lin:ReiMu"]},{"cards_removed":["Strike_Lin:ReiMu"],"damage_healed":0,"gold_gain":0,"player_choice":"Forget","damage_taken":0,"max_hp_gain":0,"max_hp_loss":0,"event_name":"Living Wall","floor":15,"gold_loss":0}],"is_beta":false,"boss_relics":[{"not_picked":["Runic Pyramid","ReplayTheSpireMod:SealedPack"],"picked":"Hololive_TopUpMoneyS"}],"items_purged_floors":[],"is_endless":false,"potions_floor_spawned":[1,5,10,12,13,21,23,29],"killed_by":"Gensokyo:Slime_Group","ascension_level":0}}