{"host":"hc8xbdd8p6sd75vx","time":1611225218,"event":{"mods":["AchievementEnabler","AlwaysNeverKeys","BaseMod","Better Altar","Better Match","Better Sensory Stone","Better Skull","Better Third Choice","Colored Map","Hermit","Minty Spire (QoL Compilation)","Quick Restart","Shade Mod","Shop Mod","Spicy Shops","StSLib","The Servant 0.9.4"],"gold_per_floor":[112,112,287,287,301,332,32,61,61,72,85,115,148,148,148,273,273,291,291,625,639,23,23,39,74,97,70,70,10,10,23,23,142,142,165,165,498,36,36,36,54,54,54,15,0,10,43,56,56,56,56,56,14,39,39,39],"floor_reached":55,"language":"ENG","playtime":2432,"items_purged":["Doubt"],"score":852,"play_id":"98c38d20-6205-4e00-8294-4af0b40130b2","local_time":"20210121023338","is_ascension_mode":true,"campfire_choices":[{"floor":15,"key":"REST"},{"floor":23,"key":"REST"},{"floor":28,"key":"REST"},{"floor":32,"key":"REST"},{"floor":40,"key":"REST"},{"floor":42,"key":"REST"},{"floor":49,"key":"REST"},{"floor":52,"key":"REST"}],"circlet_count":0,"master_deck":["Strike_R","Strike_R","Strike_R","Strike_R","Strike_R","Defend_R","Defend_R","Defend_R","Defend_R","Bash","Rampage","Mayhem","Anger","Demon Form","Rage","Armaments","Inflame","Fire Breathing","Thunderclap","Limit Break","Cleave","Combust+1","Metallicize","Limit Break","Spot Weakness","Heavy Blade","Rage","Heavy Blade+1","Twin Strike+1","Barricade","Pommel Strike","True Grit+1"],"relics":["Burning Blood","NeowsBlessing","Bird Faced Urn","Bag of Marbles","Champion Belt","The Courier","TungstenRod","Sundial","Fusion Hammer","Shuriken","Bronze Scales","Incense Burner","Sling","Centennial Puzzle","MealTicket","Cursed Key","Omamori","Bottled Lightning","Bottled Flame","Red Mask","Blood Vial","Bag of Preparation"],"acts_visited":["Exordium","TheCity","TheBeyond","TheEnding"],"potions_floor_usage":[8,13,16,25,25,33,33,47,50,55],"damage_taken":[{"damage":0,"enemies":"Small Slimes","floor":1,"turns":1},{"damage":0,"enemies":"2 Louse","floor":5,"turns":1},{"damage":0,"enemies":"3 Sentries","floor":6,"turns":1},{"damage":28,"enemies":"Gremlin Nob","floor":8,"turns":4},{"damage":6,"enemies":"Jaw Worm","floor":10,"turns":4},{"damage":8,"enemies":"Large Slime","floor":11,"turns":5},{"damage":47,"enemies":"Lagavulin","floor":13,"turns":6},{"damage":22,"enemies":"Hexaghost","floor":16,"turns":7},{"damage":21,"enemies":"3 Byrds","floor":18,"turns":6},{"damage":26,"enemies":"Spheric Guardian","floor":21,"turns":5},{"damage":12,"enemies":"Centurion and Healer","floor":24,"turns":5},{"damage":20,"enemies":"Slavers","floor":25,"turns":5},{"damage":13,"enemies":"Shelled Parasite and Fungi","floor":31,"turns":5},{"damage":24,"enemies":"Collector","floor":33,"turns":6},{"damage":16,"enemies":"3 Darklings","floor":35,"turns":5},{"damage":14,"enemies":"3 Shapes","floor":41,"turns":3},{"damage":21,"enemies":"Spire Growth","floor":46,"turns":4},{"damage":36,"enemies":"Nemesis","floor":47,"turns":7},{"damage":14,"enemies":"Maw","floor":48,"turns":7},{"damage":61,"enemies":"Awakened One","floor":50,"turns":6},{"damage":54,"enemies":"Shield and Spear","floor":54,"turns":4},{"damage":68,"enemies":"The Heart","floor":55,"turns":6}],"seed_played":"-2943884631175307025","potions_obtained":[{"floor":1,"key":"ElixirPotion"},{"floor":8,"key":"AttackPotion"},{"floor":13,"key":"EssenceOfSteel"},{"floor":31,"key":"Swift Potion"},{"floor":47,"key":"DuplicationPotion"},{"floor":54,"key":"FearPotion"}],"is_trial":false,"path_per_floor":["M","?","?","?","M","E","$","E","T","M","M","?","E","?","R","B",null,"M","?","?","M","$","R","M","E","T","$","R","$","?","M","R","B",null,"M","?","?","$","?","R","M","R","T","$","?","M","E","M","R","B",null,"R","$","E","B"],"character_chosen":"IRONCLAD","items_purchased":["Bag of Marbles","Rage","Shuriken","Bronze Scales","Incense Burner","Sling","PowerPotion","SkillPotion","Inflame","Metallicize","Omamori","Heavy Blade","Bottled Lightning","Rage","FairyPotion","BloodPotion","Pommel Strike"],"campfire_rested":8,"item_purchase_floors":[7,7,22,22,22,22,22,22,27,29,38,38,38,38,38,44,53],"current_hp_per_floor":[80,80,80,80,80,80,80,60,60,62,66,66,31,31,53,45,74,63,63,45,31,31,53,55,51,51,66,74,74,74,69,74,66,74,74,74,74,74,74,74,72,74,74,74,74,59,55,61,74,27,74,74,74,30,0,0],"gold":39,"neow_bonus":"THREE_ENEMY_KILL","is_daily":false,"chose_seed":false,"campfire_upgraded":0,"win_rate":0.0,"timestamp":1611225218,"path_taken":["M","?","?","?","M","E","$","E","T","?","M","?","E","?","R","BOSS","M","?","?","M","$","R","?","E","T","$","R","$","?","M","R","BOSS","M","?","?","$","?","R","?","R","T","?","?","M","E","M","R","BOSS","R","$","E","BOSS"],"items_purchased_type":["Relic","Card","Relic","Relic","Relic","Relic","Potion","Potion","Card","Card","Relic","Card","Relic","Card","Potion","Potion","Card"],"build_version":"2020-12-22","purchased_purges":1,"victory":false,"max_hp_per_floor":[80,80,80,80,80,80,80,80,80,80,80,80,80,74,74,74,74,74,74,74,74,74,74,74,74,74,74,74,74,74,74,74,74,74,74,74,74,74,74,74,74,74,74,74,74,74,74,74,74,74,74,74,74,74,74,74],"card_choices":[{"not_picked":["Flame Barrier","Burning Pact"],"picked":"Rampage","floor":1},{"not_picked":["Master of Strategy","Metamorphosis"],"picked":"Mayhem","floor":4},{"not_picked":["Warcry","Ghostly Armor"],"picked":"Anger","floor":5},{"not_picked":["Iron Wave","Blood for Blood"],"picked":"Demon Form","floor":6},{"not_picked":["Cleave","Body Slam"],"picked":"Armaments","floor":8},{"not_picked":["Pommel Strike","Feel No Pain"],"picked":"Inflame","floor":10},{"not_picked":["Flex","Anger"],"picked":"Fire Breathing","floor":11},{"not_picked":["True Grit","Dropkick"],"picked":"Thunderclap","floor":13},{"not_picked":["Berserk","Brutality"],"picked":"Limit Break","floor":16},{"not_picked":["True Grit","Rampage"],"picked":"Cleave","floor":18},{"not_picked":["Wild Strike","Dual Wield+1"],"picked":"Combust+1","floor":21},{"not_picked":["Burning Pact+1","True Grit"],"picked":"Entrench","floor":24},{"not_picked":["Corruption","Searing Blow","Seeing Red+1"],"picked":"SKIP","floor":25},{"not_picked":["Anger","Headbutt","Clash"],"picked":"SKIP","floor":31},{"not_picked":["Reckless Charge+1","Whirlwind+1"],"picked":"Spot Weakness","floor":35},{"not_picked":["Reckless Charge","Body Slam","Blood for Blood"],"picked":"SKIP","floor":41},{"not_picked":["Headbutt+1","Flex"],"picked":"Heavy Blade+1","floor":46},{"not_picked":["Feel No Pain","Clothesline"],"picked":"Twin Strike+1","floor":47},{"not_picked":["Wild Strike","Twin Strike"],"picked":"Barricade","floor":48},{"not_picked":["Whirlwind+1","Reckless Charge"],"picked":"True Grit+1","floor":54}],"player_experience":228470,"relics_obtained":[{"floor":6,"key":"Bird Faced Urn"},{"floor":8,"key":"Champion Belt"},{"floor":9,"key":"The Courier"},{"floor":13,"key":"Sundial"},{"floor":25,"key":"Centennial Puzzle"},{"floor":26,"key":"MealTicket"},{"floor":43,"key":"Bottled Flame"},{"floor":47,"key":"Blood Vial"},{"floor":54,"key":"Bag of Preparation"}],"event_choices":[{"damage_healed":0,"gold_gain":0,"player_choice":"Leave","damage_taken":0,"max_hp_gain":0,"max_hp_loss":0,"event_name":"The Cleric","floor":2,"gold_loss":0},{"damage_healed":0,"gold_gain":175,"player_choice":"AGREE","damage_taken":112,"max_hp_gain":0,"max_hp_loss":0,"event_name":"betterThird:BetterSerpent","floor":3,"gold_loss":0},{"damage_healed":0,"gold_gain":1,"player_choice":"1","damage_taken":0,"max_hp_gain":0,"max_hp_loss":0,"event_name":"betterStone:BetterStone","floor":4,"gold_loss":0},{"damage_healed":0,"gold_gain":30,"player_choice":"Searched \u00272\u0027 times","damage_taken":0,"relics_obtained":["TungstenRod"],"max_hp_gain":0,"max_hp_loss":0,"event_name":"Dead Adventurer","floor":12,"gold_loss":0},{"damage_healed":0,"gold_gain":0,"player_choice":"Lose Max HP","damage_taken":0,"relics_obtained":["Golden Idol"],"max_hp_gain":0,"max_hp_loss":6,"event_name":"Golden Idol","floor":14,"gold_loss":0},{"damage_healed":0,"gold_gain":0,"player_choice":"Ignored","damage_taken":0,"max_hp_gain":0,"max_hp_loss":0,"event_name":"Vampires","floor":19,"gold_loss":0},{"damage_healed":0,"gold_gain":334,"player_choice":"GO GO GO ","damage_taken":25,"relics_obtained":[],"max_hp_gain":0,"max_hp_loss":0,"event_name":"betterSkull:BetterSkull","floor":20,"gold_loss":0,"cards_upgraded":[]},{"damage_healed":0,"gold_gain":0,"player_choice":"Copied","damage_taken":0,"max_hp_gain":0,"max_hp_loss":0,"event_name":"Duplicator","floor":30,"gold_loss":0,"cards_obtained":["Limit Break"]},{"cards_removed":["Entrench"],"damage_healed":0,"gold_gain":0,"player_choice":"Removed Skill","damage_taken":0,"max_hp_gain":0,"max_hp_loss":0,"event_name":"Falling","floor":36,"gold_loss":0},{"damage_healed":0,"gold_gain":333,"player_choice":"Gave Idol","damage_taken":0,"max_hp_gain":0,"max_hp_loss":0,"event_name":"The Moai Head","floor":37,"relics_lost":["Golden Idol"],"gold_loss":0},{"cards_removed":["Inflame"],"damage_healed":0,"gold_gain":0,"player_choice":"Offered Uncommon","damage_taken":0,"max_hp_gain":0,"max_hp_loss":0,"event_name":"Bonfire Elementals","floor":39,"gold_loss":0},{"damage_healed":0,"gold_gain":0,"player_choice":"Paid","damage_taken":0,"relics_obtained":["Red Mask"],"max_hp_gain":0,"max_hp_loss":0,"event_name":"Tomb of Lord Red Mask","floor":45,"gold_loss":15}],"is_beta":false,"boss_relics":[{"not_picked":["SlaversCollar","Ectoplasm"],"picked":"Fusion Hammer"},{"not_picked":["Astrolabe","Tiny House"],"picked":"Cursed Key"}],"items_purged_floors":[7],"is_endless":false,"potions_floor_spawned":[1,8,13,31,41,47,54],"killed_by":"The Heart","ascension_level":2}}