{"host":"5gfra4hjb6stk8c2","time":1611258472,"event":{"mods":["BaseMod","Minty Spire (QoL Compilation)","Quick Restart","SuperFastMode"],"gold_per_floor":[118,135,135,154,168,202,7,34,34,34,34,34],"floor_reached":11,"language":"ENG","playtime":166,"items_purged":[],"score":108,"play_id":"03fb0590-73df-477f-9f9c-a59a9ed99e40","local_time":"20210121164752","is_ascension_mode":true,"campfire_choices":[],"circlet_count":0,"master_deck":["Strike_P","Strike_P","Strike_P","Strike_P","Defend_P","Defend_P","Defend_P","Defend_P","Eruption","Vigilance","Conclude","CrushJoints","Scrawl"],"relics":["PureWater","NeowsBlessing","Ornamental Fan","Potion Belt","Pen Nib","HornCleat","Matryoshka"],"acts_visited":["Exordium"],"potions_floor_usage":[6,8,8],"damage_taken":[{"damage":0,"enemies":"2 Louse","floor":1,"turns":1},{"damage":0,"enemies":"Small Slimes","floor":2,"turns":1},{"damage":0,"enemies":"Cultist","floor":4,"turns":1},{"damage":6,"enemies":"Red Slaver","floor":5,"turns":4},{"damage":36,"enemies":"Lagavulin","floor":6,"turns":3},{"damage":4,"enemies":"3 Sentries","floor":8,"turns":3},{"damage":48,"enemies":"Lagavulin","floor":11,"turns":4}],"seed_played":"1547021189574050084","potions_obtained":[{"floor":1,"key":"ColorlessPotion"},{"floor":5,"key":"StancePotion"}],"is_trial":false,"path_per_floor":["M","M","?","M","M","E","$","E","T","?","E"],"character_chosen":"WATCHER","items_purchased":["Pen Nib","Block Potion"],"campfire_rested":0,"item_purchase_floors":[7,7],"current_hp_per_floor":[65,65,47,47,41,5,5,1,1,25,0,0],"gold":34,"neow_bonus":"THREE_ENEMY_KILL","is_daily":false,"chose_seed":false,"campfire_upgraded":0,"win_rate":0.0,"timestamp":1611258472,"path_taken":["M","M","?","M","M","E","$","E","T","?","E"],"items_purchased_type":["Relic","Potion"],"build_version":"2020-12-22","purchased_purges":0,"victory":false,"max_hp_per_floor":[72,72,72,72,72,72,72,72,72,72,72,72],"card_choices":[{"not_picked":["SandsOfTime","PathToVictory","JustLucky"],"picked":"SKIP","floor":1},{"not_picked":["JustLucky","PathToVictory","ReachHeaven"],"picked":"SKIP","floor":2},{"not_picked":["ClearTheMind","ForeignInfluence"],"picked":"Conclude","floor":4},{"not_picked":["JustLucky","LikeWater"],"picked":"CrushJoints","floor":5},{"not_picked":["PathToVictory","FollowUp"],"picked":"Scrawl","floor":6},{"not_picked":["Protect","Crescendo","WaveOfTheHand"],"picked":"SKIP","floor":8}],"player_experience":178598,"relics_obtained":[{"floor":6,"key":"Potion Belt"},{"floor":8,"key":"HornCleat"},{"floor":9,"key":"Matryoshka"}],"event_choices":[{"damage_healed":0,"gold_gain":0,"player_choice":"Success","damage_taken":18,"relics_obtained":["Ornamental Fan"],"max_hp_gain":0,"max_hp_loss":0,"event_name":"Scrap Ooze","floor":3,"gold_loss":0},{"damage_healed":24,"gold_gain":0,"player_choice":"Banana","damage_taken":0,"max_hp_gain":0,"max_hp_loss":0,"event_name":"Big Fish","floor":10,"gold_loss":0}],"is_beta":false,"boss_relics":[],"items_purged_floors":[],"is_endless":false,"potions_floor_spawned":[1,5],"killed_by":"Lagavulin","ascension_level":6}}