{"host":"armnliea5o2aqs4b","time":1611205183,"event":{"mods":["BaseMod","Hermit","Hubris","Infinite Spire","Minty Spire (QoL Compilation)","Quick Restart","StSLib","The Construct","The Disciple","The Forsaken"],"gold_per_floor":[118,118,118,132,64,108,108,124,124,124,124,148,164,178,178,301,301,319,333,29,49,49,87,99,111,175,203,215,247,259,271,283,295,295],"floor_reached":33,"language":"ENG","playtime":750,"items_purged":[],"score":305,"play_id":"bdbc26fa-1337-4029-9c0f-71c18b17fb74","local_time":"20210121155943","is_ascension_mode":true,"campfire_choices":[{"data":"Spot Weakness","floor":7,"key":"SMITH"},{"data":"Carnage","floor":10,"key":"SMITH"},{"data":"Flame Barrier","floor":15,"key":"SMITH"},{"data":"Spot Weakness","floor":25,"key":"SMITH"},{"data":"hubris:SharpeningStone","floor":28,"key":"SMITH"},{"data":"Seeing Red","floor":32,"key":"SMITH"}],"circlet_count":0,"master_deck":["Strike_R","Strike_R","Strike_R","Strike_R","Defend_R","Defend_R","Defend_R","Defend_R","Bash","Body Slam","Hemokinesis","Carnage+1","Spot Weakness+1","Seeing Red+1","Flame Barrier+1","hubris:SharpeningStone+1","Flex","Spot Weakness+1","theForsaken:PlagueCurse"],"relics":["Burning Blood","NeowsBlessing","Golden Idol","hubris:SphereOfDissonance","Ornamental Fan","infinitespire:PuzzleCube","hubris:RunicObelisk","construct:BoolHorns","MawBank","hubris:Towel","hubris:TenFootPole","theForsaken:PlagueMask"],"acts_visited":["Exordium","TheCity"],"potions_floor_usage":[16,23],"damage_taken":[{"damage":0,"enemies":"Jaw Worm","floor":1,"turns":1},{"damage":0,"enemies":"Small Slimes","floor":4,"turns":1},{"damage":0,"enemies":"Lagavulin","floor":6,"turns":1},{"damage":3,"enemies":"Cultist","floor":8,"turns":3},{"damage":3,"enemies":"Red Slaver","floor":13,"turns":2},{"damage":0,"enemies":"Blue Slaver","floor":14,"turns":2},{"damage":51,"enemies":"Hexaghost","floor":16,"turns":7},{"damage":6,"enemies":"Shell Parasite","floor":18,"turns":3},{"damage":12,"enemies":"Chosen","floor":19,"turns":3},{"damage":13,"enemies":"Centurion and Healer","floor":21,"turns":5},{"damage":37,"enemies":"Slavers","floor":23,"turns":6},{"damage":2,"enemies":"Snecko","floor":27,"turns":2},{"damage":16,"enemies":"Snake Plant","floor":29,"turns":3},{"damage":32,"enemies":"Automaton","floor":33,"turns":3}],"seed_played":"-719602836964591369","potions_obtained":[{"floor":4,"key":"ElixirPotion"},{"floor":8,"key":"ElixirPotion"},{"floor":13,"key":"PowerPotion"},{"floor":18,"key":"ColorlessPotion"},{"floor":29,"key":"EntropicBrew"}],"is_trial":false,"path_per_floor":["M","?","?","M","$","E","R","M","T","R","?","T","M","M","R","B",null,"M","M","$","M","?","E","?","R","T","M","R","M","$","?","R","B"],"character_chosen":"IRONCLAD","items_purchased":["Spot Weakness","construct:BoolHorns"],"campfire_rested":0,"item_purchase_floors":[5,20],"current_hp_per_floor":[80,60,60,66,66,72,72,75,75,75,75,75,78,80,80,35,80,80,74,74,67,67,36,36,36,36,40,40,30,30,30,30,0,0],"gold":295,"neow_bonus":"THREE_ENEMY_KILL","is_daily":false,"chose_seed":false,"campfire_upgraded":6,"win_rate":0.0,"timestamp":1611205183,"path_taken":["M","?","?","?","?","E","R","?","T","R","?","?","M","M","R","BOSS","M","M","$","M","?","E","?","R","T","M","R","M","$","?","R","BOSS"],"items_purchased_type":["Card","Relic"],"build_version":"2020-12-22","purchased_purges":0,"victory":false,"max_hp_per_floor":[80,80,80,80,80,80,80,80,80,80,80,80,80,80,80,80,80,80,80,80,80,80,80,80,80,80,80,80,80,80,80,80,80,80],"card_choices":[{"not_picked":["Armaments","Anger"],"picked":"Body Slam","floor":1},{"not_picked":["Pommel Strike","Metallicize"],"picked":"Carnage","floor":4},{"not_picked":["Rampage","Cleave","Headbutt"],"picked":"SKIP","floor":6},{"not_picked":["Dropkick","Pommel Strike"],"picked":"Seeing Red","floor":8},{"not_picked":["Anger","Warcry","Power Through"],"picked":"SKIP","floor":13},{"not_picked":["Body Slam","Thunderclap"],"picked":"hubris:SharpeningStone","floor":14},{"not_picked":["Clothesline","Warcry","Hemokinesis"],"picked":"SKIP","floor":18},{"not_picked":["Wild Strike","Evolve"],"picked":"Flex","floor":19},{"not_picked":["Battle Trance+1","Cleave"],"picked":"Spot Weakness","floor":21},{"not_picked":["Pummel","Burning Pact","Warcry+1"],"picked":"SKIP","floor":23},{"not_picked":["Shockwave","Pommel Strike+1","Perfected Strike"],"picked":"SKIP","floor":27},{"not_picked":["Shockwave+1","Sword Boomerang+1","Pommel Strike"],"picked":"SKIP","floor":29}],"player_experience":179394,"relics_obtained":[{"floor":6,"key":"hubris:SphereOfDissonance"},{"floor":9,"key":"Ornamental Fan"},{"floor":12,"key":"infinitespire:PuzzleCube"},{"floor":23,"key":"MawBank"},{"floor":26,"key":"hubris:TenFootPole"}],"event_choices":[{"damage_healed":0,"gold_gain":0,"player_choice":"Take Damage","damage_taken":20,"relics_obtained":["Golden Idol"],"max_hp_gain":0,"max_hp_loss":0,"event_name":"Golden Idol","floor":2,"gold_loss":0},{"damage_healed":0,"gold_gain":0,"cards_transformed":["Strike_R"],"player_choice":"Transformed","damage_taken":0,"max_hp_gain":0,"max_hp_loss":0,"event_name":"Transmorgrifier","floor":3,"gold_loss":0,"cards_obtained":["Hemokinesis"]},{"damage_healed":0,"gold_gain":0,"player_choice":"Ignored","damage_taken":0,"max_hp_gain":0,"max_hp_loss":0,"event_name":"Vampires","floor":22,"gold_loss":0},{"damage_healed":0,"gold_gain":0,"player_choice":"Obtain Plague Curse","damage_taken":0,"max_hp_gain":0,"max_hp_loss":0,"event_name":"Plague Doctor","floor":31,"gold_loss":0,"cards_obtained":["theForsaken:PlagueCurse"]}],"is_beta":false,"boss_relics":[{"not_picked":["hubris:GrandSneckoEye","Ectoplasm"],"picked":"hubris:RunicObelisk"}],"items_purged_floors":[],"is_endless":false,"potions_floor_spawned":[4,8,13,18,29],"killed_by":"Automaton","ascension_level":1}}