{"host":"z4nt7tdd4gjrinn7","time":1611263732,"event":{"mods":["100% Spire Juice","BaseMod","Minty Spire (QoL Compilation)","StS++","StSLib","The Hierophant"],"gold_per_floor":[113,113,129,149,95,135,135,135,186,215,215,215,215,17,17,138,138,157,157,157,171,14,14,14,47,100,100,100,120,120,45,45,45,45],"floor_reached":33,"language":"ENG","playtime":9372,"items_purged":[],"score":270,"play_id":"85e73176-1a5a-44db-913d-b9dfc6a9150b","local_time":"20210121161532","is_ascension_mode":true,"campfire_choices":[{"floor":7,"key":"REST"},{"floor":11,"key":"REST"},{"data":"Perfected Strike","floor":13,"key":"SMITH"},{"data":"Flex","floor":15,"key":"SMITH"},{"floor":23,"key":"REST"},{"floor":30,"key":"REST"},{"floor":32,"key":"REST"}],"circlet_count":0,"master_deck":["Strike_R","Strike_R+1","Strike_R","Strike_R","Strike_R+1","Defend_R","Defend_R","Defend_R","Defend_R","Bash","Armaments","Injury","Reckless Charge","Pommel Strike","Flex+1","Perfected Strike+1","Twin Strike","Twin Strike","Reaper","Wild Strike+1","Wild Strike","Pommel Strike+1","Ghostly Armor","Fire Breathing"],"relics":["Burning Blood","Whetstone","Golden Idol","Toy Ornithopter","Juzu Bracelet","Odd Mushroom","Ancient Tea Set","SlaversCollar","MutagenicStrength","Bronze Scales","Smiling Mask","Vajra"],"acts_visited":["Exordium","TheCity"],"potions_floor_usage":[6,16,18,29],"damage_taken":[{"damage":6,"enemies":"Small Slimes","floor":1,"turns":3},{"damage":1,"enemies":"Jaw Worm","floor":3,"turns":3},{"damage":6,"enemies":"2 Louse","floor":4,"turns":2},{"damage":29,"enemies":"Gremlin Nob","floor":6,"turns":4},{"damage":23,"enemies":"The Mushroom Lair","floor":10,"turns":4},{"damage":14,"enemies":"Slime Boss","floor":16,"turns":7},{"damage":20,"enemies":"2 Thieves","floor":18,"turns":4},{"damage":15,"enemies":"3 Byrds","floor":21,"turns":5},{"damage":54,"enemies":"Gremlin Leader","floor":25,"turns":5},{"damage":23,"enemies":"Snecko","floor":29,"turns":5},{"damage":91,"enemies":"Automaton","floor":33,"turns":8}],"seed_played":"7795508031955382330","potions_obtained":[{"floor":4,"key":"CultistPotion"},{"floor":10,"key":"EssenceOfSteel"},{"floor":18,"key":"Fruit Juice"},{"floor":21,"key":"SkillPotion"}],"is_trial":false,"path_per_floor":["M","?","M","M","$","E","R","?","T","?","R","?","R","$","R","B",null,"M","?","?","M","$","R","?","E","T","$","?","M","R","$","R","B"],"character_chosen":"IRONCLAD","items_purchased":["Flex","Ancient Tea Set","Twin Strike","Bronze Scales","Fire Breathing"],"campfire_rested":5,"item_purchase_floors":[5,14,14,22,31],"current_hp_per_floor":[80,80,80,80,80,57,80,80,80,63,80,80,80,80,80,72,80,76,76,76,71,71,85,85,45,45,45,45,38,63,63,85,0,0],"gold":45,"neow_bonus":"RANDOM_COMMON_RELIC","is_daily":false,"chose_seed":false,"campfire_upgraded":2,"win_rate":0.0,"timestamp":1611263732,"path_taken":["M","?","M","M","$","E","R","?","T","?","R","?","R","$","R","BOSS","M","?","?","M","$","R","?","E","T","?","?","M","R","$","R","BOSS"],"items_purchased_type":["Card","Relic","Card","Relic","Card"],"build_version":"2020-12-22","purchased_purges":0,"victory":false,"max_hp_per_floor":[80,80,80,80,80,80,80,80,80,80,80,80,80,80,80,80,80,85,85,85,85,85,85,85,85,85,85,85,85,85,85,85,85,85],"card_choices":[{"not_picked":["Ghostly Armor","StSpp:TheBiggerTheyAre"],"picked":"Armaments","floor":1},{"not_picked":["Heavy Blade","StSpp:MuscleMemory"],"picked":"Reckless Charge","floor":3},{"not_picked":["Sword Boomerang","Intimidate"],"picked":"Pommel Strike","floor":4},{"not_picked":["Reckless Charge","Immolate"],"picked":"Perfected Strike","floor":6},{"not_picked":["Shockwave","Thunderclap"],"picked":"Twin Strike","floor":10},{"not_picked":["Limit Break","Juggernaut"],"picked":"Reaper","floor":16},{"not_picked":["StSpp:CounterStrike","Infernal Blade"],"picked":"Wild Strike+1","floor":18},{"not_picked":["Metallicize","Havoc"],"picked":"Wild Strike","floor":21},{"not_picked":["Sword Boomerang","Feel No Pain"],"picked":"Pommel Strike+1","floor":25},{"not_picked":["Entrench+1","Infernal Blade"],"picked":"Ghostly Armor","floor":29}],"player_experience":146672,"relics_obtained":[{"floor":6,"key":"Toy Ornithopter"},{"floor":9,"key":"Juzu Bracelet"},{"floor":10,"key":"Odd Mushroom"},{"floor":25,"key":"Smiling Mask"},{"floor":26,"key":"Vajra"}],"event_choices":[{"damage_healed":0,"gold_gain":0,"player_choice":"Take Wound","damage_taken":0,"relics_obtained":["Golden Idol"],"max_hp_gain":0,"max_hp_loss":0,"event_name":"Golden Idol","floor":2,"gold_loss":0,"cards_obtained":["Injury"]},{"damage_healed":0,"gold_gain":0,"player_choice":"Ignored","damage_taken":0,"max_hp_gain":0,"max_hp_loss":0,"event_name":"Shining Light","floor":8,"gold_loss":0},{"damage_healed":0,"gold_gain":0,"player_choice":"Fought Mushrooms","damage_taken":0,"max_hp_gain":0,"max_hp_loss":0,"event_name":"Mushrooms","floor":10,"gold_loss":0},{"damage_healed":0,"gold_gain":0,"player_choice":"Ignored","damage_taken":0,"max_hp_gain":0,"max_hp_loss":0,"event_name":"Golden Wing","floor":12,"gold_loss":0},{"damage_healed":0,"gold_gain":0,"player_choice":"Inject Mutagens","damage_taken":0,"relics_obtained":["MutagenicStrength"],"max_hp_gain":0,"max_hp_loss":0,"event_name":"Drug Dealer","floor":19,"gold_loss":0},{"damage_healed":0,"gold_gain":0,"player_choice":"Ignored","damage_taken":0,"max_hp_gain":0,"max_hp_loss":0,"event_name":"Ghosts","floor":20,"gold_loss":0},{"damage_healed":0,"gold_gain":0,"player_choice":"Ignored","damage_taken":0,"max_hp_gain":0,"max_hp_loss":0,"event_name":"Vampires","floor":28,"gold_loss":0}],"is_beta":false,"boss_relics":[{"not_picked":["Black Star","Black Blood"],"picked":"SlaversCollar"}],"items_purged_floors":[],"is_endless":false,"potions_floor_spawned":[4,10,18,21],"killed_by":"Automaton","ascension_level":1}}