{"host":"r5cycnjhcbwgkpkf","time":1611205692,"event":{"mods":["2.2 Compatiblity","AchievementEnabler","BaseMod","Bestiary","Better Match","Better Note","Better Skull","Better Third Choice","BetterRewards","Colored Map","Colored Powertips","Downfall","Infinite Spire","Minty Spire (QoL Compilation)","Spicy Shops","StSLib"],"gold_per_floor":[110,35,35,35,35,35,50,62,62,89,89,117,117,136,136,235,235,250,269,269,285,210,210,67,67,116,116,449,467,467,495,495,597,597,609,627,640,640,657,657,657,657,657,671,683,702,735,151,151,151],"floor_reached":51,"language":"ENG","playtime":2965,"items_purged":["Defend_B","Strike_B"],"score":1573,"play_id":"a03ad479-ce96-4036-81ba-ad2ed7498d17","local_time":"20210120210812","is_ascension_mode":true,"campfire_choices":[{"floor":6.0,"key":"REST"},{"data":"Conserve Battery","floor":13,"key":"SMITH"},{"floor":15,"key":"REST"},{"floor":23,"key":"REST"},{"data":"Biased Cognition","floor":25,"key":"SMITH"},{"floor":30,"key":"REST"},{"data":"Multi-Cast","floor":32,"key":"SMITH"},{"floor":40,"key":"REST"},{"data":"Amplify","floor":42,"key":"SMITH"},{"data":"Biased Cognition","floor":49,"key":"SMITH"}],"circlet_count":0,"master_deck":["AscendersBane","Strike_B","Strike_B","Defend_B","Defend_B","Defend_B","Zap+1","Dualcast","Storm","Good Instincts","Cold Snap","Darkness","Amplify+1","Conserve Battery+1","Rebound","Biased Cognition+1","CurseOfTheBell","Chaos","Hello World","Multi-Cast+1","Biased Cognition+1","Redo","Biased Cognition+1","Machine Learning","Lockon"],"relics":["Cracked Core","Lee\u0027s Waffle","Incense Burner","infinitespire:EmpoweringShard","OrangePellets","Tiny Chest","Vajra","Bottled Lightning","Peace Pipe","Shovel","Eternal Feather","Calling Bell","DataDisk","Cables","Calipers","Art of War","Pen Nib","Omamori","Old Coin","infinitespire:Freezer","Philosopher\u0027s Stone","Thread and Needle","infinitespire:Bottled Soul","Letter Opener","infinitespire:CheckeredPen"],"acts_visited":["Exordium","TheCity","TheBeyond"],"potions_floor_usage":[47,50],"damage_taken":[{"damage":12.0,"enemies":"Small Slimes","floor":1.0,"turns":2.0},{"damage":0.0,"enemies":"2 Louse","floor":7.0,"turns":1.0},{"damage":7.0,"enemies":"Jaw Worm","floor":8.0,"turns":3.0},{"damage":29.0,"enemies":"Gremlin Nob","floor":10.0,"turns":5.0},{"damage":0.0,"enemies":"3 Sentries","floor":12.0,"turns":2.0},{"damage":5,"enemies":"Blue Slaver","floor":14,"turns":3},{"damage":31,"enemies":"Hexaghost","floor":16,"turns":11},{"damage":2,"enemies":"Chosen","floor":18,"turns":4},{"damage":30,"enemies":"2 Thieves","floor":19,"turns":5},{"damage":10,"enemies":"Snake Plant","floor":21,"turns":3},{"damage":24,"enemies":"Book of Stabbing","floor":28,"turns":6},{"damage":9,"enemies":"Shelled Parasite and Fungi","floor":29,"turns":5},{"damage":17,"enemies":"Gremlin Leader","floor":31,"turns":7},{"damage":40,"enemies":"Automaton","floor":33,"turns":10},{"damage":1,"enemies":"Orb Walker","floor":35,"turns":2},{"damage":0,"enemies":"3 Shapes","floor":36,"turns":4},{"damage":30,"enemies":"Transient","floor":37,"turns":5},{"damage":0,"enemies":"Maw","floor":39,"turns":6},{"damage":0,"enemies":"Spire Growth","floor":44,"turns":3},{"damage":16,"enemies":"Jaw Worm Horde","floor":45,"turns":3},{"damage":0,"enemies":"Transient","floor":46,"turns":5},{"damage":0,"enemies":"Giant Head","floor":47,"turns":7},{"damage":36,"enemies":"Awakened One","floor":50,"turns":12}],"seed_played":"-8792699370700940978","potions_obtained":[],"is_trial":false,"path_per_floor":["M","$","?","?","?","R","M","M","T","E","T","E","R","M","R","B",null,"M","M","?","M","?","R","$","R","T","T","E","M","R","E","R","B",null,"M","M","M","AVR","M","R","?","R","T","M","M","M","E","$","R","B",null],"character_chosen":"DEFECT","items_purchased":["Lee\u0027s Waffle","Incense Burner","infinitespire:EmpoweringShard","Storm","OrangePellets","Tiny Chest","PowerPotion","Sunder","Good Instincts","Art of War","infinitespire:CheckeredPen","GamblersBrew","Lockon"],"campfire_rested":5,"item_purchase_floors":[0,0,0,0,0,0,0,0,0,24,48,48,48],"current_hp_per_floor":[70,70,63,63,60,82,82,75,75,46,46,46,55,50,82,51,74,72,42,42,32,32,65,65,74,74,74,50,41,77,60,72,32,70,69,69,39,39,39,75,75,82,82,82,66,66,66,66,81,45],"gold":151,"neow_bonus":"","is_daily":false,"chose_seed":false,"campfire_upgraded":5,"win_rate":0.0,"timestamp":1611205692,"path_taken":["M","$","?","?","?","R","M","M","T","E","?","E","R","M","R","BOSS","M","M","?","M","?","R","?","R","T","?","E","M","R","E","R","BOSS","M","M","M","AVR","M","R","?","R","T","M","M","?","E","$","R","BOSS"],"items_purchased_type":["Relic","Relic","Relic","Card","Relic","Relic","Potion","Card","Card","Relic","Relic","Potion","Card"],"build_version":"2020-12-22","purchased_purges":2,"victory":true,"max_hp_per_floor":[82,82,82,82,82,82,82,82,82,82,82,82,82,82,82,82,82,82,82,82,82,82,82,82,82,82,82,82,82,82,82,82,82,82,82,82,82,82,82,82,82,82,82,82,82,82,82,82,82,82],"card_choices":[{"not_picked":["Capacitor","Gash"],"picked":"Cold Snap","floor":1.0},{"not_picked":["Steam","Heatsinks"],"picked":"Darkness","floor":7.0},{"not_picked":["Tempest","Streamline","Coolheaded"],"picked":"SKIP","floor":8.0},{"not_picked":["Rebound","BootSequence"],"picked":"Amplify","floor":10.0},{"not_picked":["Reinforced Body","Cold Snap"],"picked":"Conserve Battery","floor":12.0},{"not_picked":["Steam","Gash"],"picked":"Rebound","floor":14},{"not_picked":["Hyperbeam","Machine Learning"],"picked":"Biased Cognition","floor":16},{"not_picked":["Beam Cell+1","Stack","Streamline"],"picked":"SKIP","floor":18},{"not_picked":["Hologram+1","Turbo"],"picked":"Chaos","floor":19},{"not_picked":["Sweeping Beam","Cold Snap","Turbo"],"picked":"SKIP","floor":21},{"not_picked":["Glacier","Turbo"],"picked":"Hello World","floor":28},{"not_picked":["Hello World","Creative AI","Beam Cell"],"picked":"SKIP","floor":29},{"not_picked":["Blizzard","Capacitor"],"picked":"Multi-Cast","floor":31},{"not_picked":["Buffer","Core Surge"],"picked":"Biased Cognition","floor":33},{"not_picked":["Conserve Battery+1","Cold Snap+1"],"picked":"Redo","floor":35},{"not_picked":["Ball Lightning","BootSequence","Sweeping Beam"],"picked":"SKIP","floor":36},{"not_picked":["Blizzard+1","Coolheaded","Go for the Eyes"],"picked":"SKIP","floor":37},{"not_picked":["BootSequence","Steam","Ball Lightning"],"picked":"SKIP","floor":39},{"not_picked":["Chaos","Steam Power+1","Coolheaded+1"],"picked":"SKIP","floor":44},{"not_picked":["Go for the Eyes+1","Conserve Battery","Cold Snap+1"],"picked":"SKIP","floor":45},{"not_picked":["Redo","Coolheaded+1","Beam Cell"],"picked":"SKIP","floor":46},{"not_picked":["Gash+1","Go for the Eyes"],"picked":"Machine Learning","floor":47}],"player_experience":441297,"relics_obtained":[{"floor":9.0,"key":"Bottled Lightning"},{"floor":10.0,"key":"Peace Pipe"},{"floor":11.0,"key":"Shovel"},{"floor":12.0,"key":"Eternal Feather"},{"floor":17,"key":"DataDisk"},{"floor":17,"key":"Cables"},{"floor":17,"key":"Calipers"},{"floor":26,"key":"Pen Nib"},{"floor":27,"key":"Omamori"},{"floor":28,"key":"Old Coin"},{"floor":31,"key":"infinitespire:Freezer"},{"floor":43,"key":"infinitespire:Bottled Soul"},{"floor":47,"key":"Letter Opener"}],"event_choices":[{"cards_removed":["Strike_B"],"damage_healed":0.0,"max_hp_gain":0.0,"max_hp_loss":0.0,"gold_gain":0.0,"event_name":"Golden Wing","player_choice":"Card Removal","floor":3.0,"gold_loss":0.0,"damage_taken":7.0},{"damage_healed":0.0,"max_hp_gain":0.0,"max_hp_loss":0.0,"gold_gain":0.0,"event_name":"Living Wall","player_choice":"Grow","floor":4.0,"gold_loss":0.0,"damage_taken":0.0,"cards_upgraded":["Zap"]},{"damage_healed":0.0,"max_hp_gain":0.0,"max_hp_loss":0.0,"gold_gain":0.0,"event_name":"betterThird:BetterScrap","player_choice":"Relic ","floor":5.0,"gold_loss":0.0,"damage_taken":3.0,"cards_obtained":["FearNoEvil"]},{"damage_healed":0,"gold_gain":0,"player_choice":"Ignored","damage_taken":0,"max_hp_gain":0,"max_hp_loss":0,"event_name":"Vampires","floor":20,"gold_loss":0},{"cards_removed":["Sunder"],"damage_healed":0,"gold_gain":0,"player_choice":"Gave Gold","damage_taken":0,"max_hp_gain":0,"max_hp_loss":0,"event_name":"Beggar","floor":22,"gold_loss":75},{"damage_healed":0,"gold_gain":0,"player_choice":"Copied","damage_taken":0,"max_hp_gain":0,"max_hp_loss":0,"event_name":"Duplicator","floor":41,"gold_loss":0,"cards_obtained":["Biased Cognition"]}],"is_beta":false,"boss_relics":[{"not_picked":["bronze:MakeshiftBattery","Astrolabe"],"picked":"Calling Bell"},{"not_picked":["Black Star","Runic Pyramid"],"picked":"Philosopher\u0027s Stone"}],"items_purged_floors":[2,48],"is_endless":false,"potions_floor_spawned":[1,14,16,19,21,28,29,36,45,46],"ascension_level":11}}