{"host":"19qo8qle2l71a8qw","time":1611252111,"event":{"mods":["BaseMod","Beaked The Cultist","BetterRewards","Colored Map","Colored Powertips","Conspire","Custom Start","Energized Spire","Friendly Minions","Halation","Hubris","Infinite Spire","Mimic Mod","Minty Spire (QoL Compilation)","Random Character Button","Random Character Mod","Replay The Spire","Reworked Bosses","Shop Mod","StSLib","Synergy Search","The Construct","The Druid","The Jungle","The Necromancer","The Runesmith","The Sage"],"gold_per_floor":[117,133,29,41,60,86,97,28,106,141,141,141,152,178,178,287,332,353,362,385,405,405,405,442,442,473,508,508,549,549,405,405,511,511,525,543,570,459,480,521,546,546,625,660,370,392,411,499,499,499],"floor_reached":51,"language":"ENG","playtime":3870,"items_purged":[],"score":1193,"play_id":"b41ab148-d6dc-4d30-b1d7-5010b9aee74b","local_time":"20210121190151","is_ascension_mode":true,"campfire_choices":[{"data":"Summon_Vampire_Lady","floor":12,"key":"SMITH"},{"data":"Vampiric_Strike","floor":15,"key":"SMITH"},{"floor":23,"key":"REST"},{"floor":25,"key":"REST"},{"data":"Summon_Vampire_Lady","floor":32,"key":"SMITH"},{"floor":42,"key":"REST"},{"floor":49,"key":"RECALL"}],"circlet_count":0,"master_deck":["Strike_W","Strike_W","Strike_W","Strike_W","Defend_W","Defend_W","Defend_W","Defend_W","Negative_Energy_Arrows","Bone_Wall","Summon_Lich","Whirlwind_of_Bones","Consume_Illness","Summon_Lich+1","Negative_Energy_Javelin","Bone_Bullets","Summon_Vampire_Lady+1","Stop_Heart","Bone_Armor","Bone_Armory","Vampiric_Strike+1","Skeleton_Dragon","Injury","sagemod:Fly","Summon_Vampire_Lady+1","Dark Shackles","infinitespire:Collect","Summon_Undead+1","RitualDagger","Stop_Heart","Grasp_Heart","Negative_Energy_Shield","Chill_Blood","Consume_Illness","Summon_Lich+1","Negative_Energy_Shield","Requiem","Madness","Madness","Bandage Up","Secret Technique","Replay:Dark Deal","Vampiric_Strike+1","Epidemic","Corrupt+1","Consume_Illness+1","Consume_Illness","Vampiric_Strike+1","Panache","Secret Weapon","Secret Technique","Negative_Energy_Burst","Transmutation","beaked:MimicWarrior","ReplayTheSpireMod:Splinters","beaked:Cower","Consume_Illness+1"],"relics":["Vampire_Amulet","infinitespire:Lucky Rock","PreservedInsect","hubris:SphereOfDissonance","CeramicFish","halation:EternalFortune","hubris:ToyBattleship","Membership Card","Lantern","halation:VictoryRuler","infinitespire:Beetle Shell","Potion Belt","Bird Faced Urn","Blood Vial","MerchantsRug","Replay:Grab Bag","Fusion Hammer","conspire:SpecialSausage","ReplayTheSpireMod:TigerMarble","hubris:FunFungus","Garlic","infinitespire:Magic Flask","Letter Opener","hubris:DisguiseKit","ReplayTheSpireMod:ShopPack","Boot"],"acts_visited":["Exordium","TheCity","TheBeyond"],"potions_floor_usage":[18,20,50,50,50],"damage_taken":[{"damage":2,"enemies":"Cultist","floor":1,"turns":4},{"damage":3,"enemies":"Small Slimes","floor":2,"turns":4},{"damage":7,"enemies":"Jaw Worm","floor":4,"turns":3},{"damage":11,"enemies":"3 Louse","floor":5,"turns":2},{"damage":19,"enemies":"Gremlin Nob","floor":6,"turns":4},{"damage":8,"enemies":"Large Slime","floor":7,"turns":5},{"damage":16,"enemies":"3 Sentries","floor":10,"turns":5},{"damage":9,"enemies":"Blue Slaver","floor":13,"turns":5},{"damage":25,"enemies":"Fading Forest","floor":16,"turns":11},{"damage":10,"enemies":"3 Byrds","floor":18,"turns":4},{"damage":56,"enemies":"conspire:FuzzyDice","floor":20,"turns":6},{"damage":47,"enemies":"Centurion and Healer","floor":21,"turns":6},{"damage":44,"enemies":"Slavers","floor":24,"turns":5},{"damage":5,"enemies":"Snecko","floor":26,"turns":9},{"damage":27,"enemies":"conspire:SneckoGhost","floor":27,"turns":8},{"damage":19,"enemies":"Book of Stabbing","floor":29,"turns":5},{"damage":100,"enemies":"Automaton","floor":33,"turns":10},{"damage":8,"enemies":"Orb Walker","floor":35,"turns":2},{"damage":5,"enemies":"3 Shapes","floor":39,"turns":5},{"damage":1,"enemies":"Giant Head","floor":40,"turns":5},{"damage":74,"enemies":"Writhing Mass","floor":41,"turns":7},{"damage":43,"enemies":"Reptomancer","floor":44,"turns":5},{"damage":26,"enemies":"Spire Growth","floor":46,"turns":6},{"damage":0,"enemies":"4 Shapes","floor":47,"turns":4},{"damage":109,"enemies":"Time Eater","floor":50,"turns":11}],"seed_played":"-4978567187930086423","potions_obtained":[{"floor":4,"key":"Strength Potion"},{"floor":6,"key":"Block Potion"},{"floor":13,"key":"Block Potion"},{"floor":20,"key":"Block Potion"},{"floor":21,"key":"DuplicationPotion"},{"floor":29,"key":"Dexterity Potion"},{"floor":33,"key":"CultistPotion"}],"is_trial":false,"path_per_floor":["M","M","$","M","M","E","M","$","T","E","?","R","M","T","R","B",null,"M","?","M","M","AVR","R","E","R","MIM","E","?","E","?","$","R_BF","B",null,"M","?","?","$","M","E","M","R","T","E","$","M","M","?","R","B",null],"character_chosen":"NECROMANCER","items_purchased":["Summon_Lich","Summon_Lich+1","Negative_Energy_Javelin","Bone_Armory","Bird Faced Urn","Blood Vial","Summon_Lich+1","MerchantsRug","Negative_Energy_Shield","Vampiric_Strike+1","ReplayTheSpireMod:TigerMarble","Epidemic","Letter Opener","hubris:DisguiseKit","ReplayTheSpireMod:ShopPack","Regen Potion","Negative_Energy_Burst","Transmutation"],"campfire_rested":3,"item_purchase_floors":[0,3,3,8,31,31,31,31,31,38,38,38,45,45,45,45,45,45],"current_hp_per_floor":[62,63,63,58,53,42,50,50,50,40,43,43,45,45,45,78,78,74,68,36,33,33,56,25,48,78,71,71,77,77,77,77,30,78,77,67,57,57,78,78,34,57,57,40,40,60,78,78,78,55],"gold":499,"neow_bonus":"","is_daily":false,"chose_seed":false,"campfire_upgraded":3,"win_rate":0.0,"timestamp":1611252111,"path_taken":["M","M","$","?","M","E","M","$","T","E","?","R","M","?","R","BOSS","M","?","M","M","AVR","R","E","R","MIM","E","?","E","?","$","R_BF","BOSS","M","?","?","$","M","E","M","R","T","E","$","M","M","?","R","BOSS"],"items_purchased_type":["Card","Card","Card","Card","Relic","Relic","Card","Relic","Card","Card","Relic","Card","Relic","Relic","Relic","Potion","Card","Card"],"build_version":"2020-12-22","purchased_purges":0,"victory":true,"max_hp_per_floor":[75,75,75,75,75,75,75,75,75,75,78,78,78,78,78,78,78,78,78,78,78,78,78,78,78,78,78,78,78,78,78,78,78,78,78,78,78,78,78,78,78,78,78,78,78,78,78,78,78,78],"card_choices":[{"not_picked":["Spectral_Walk","Flesh_Made_Foul"],"picked":"Whirlwind_of_Bones","floor":1},{"not_picked":["Bone_Spikes","Blood_Curse"],"picked":"Consume_Illness","floor":2},{"not_picked":["Negative_Energy_Sphere","Negative_Energy_Javelin"],"picked":"Bone_Bullets","floor":4},{"not_picked":["Blood_Whip","Negative_Energy_Shield"],"picked":"Summon_Vampire_Lady","floor":5},{"not_picked":["Death_Coil","Blood_for_Blood"],"picked":"Stop_Heart","floor":6},{"not_picked":["Bone_Spikes","Summon_Undead"],"picked":"Bone_Armor","floor":7},{"not_picked":["Death_Knell","Pandemic"],"picked":"Vampiric_Strike","floor":10},{"not_picked":["Blood_Whip","Blood_Wake","Negative_Energy_Sphere"],"picked":"SKIP","floor":13},{"not_picked":["Detonate_Bones","Blood_Magic"],"picked":"Skeleton_Dragon","floor":16},{"not_picked":["Runesmith:CraftFirestone","Zap"],"picked":"sagemod:Fly","floor":17},{"not_picked":["Blood_Magic","Negative_Energy_Bomb"],"picked":"Summon_Vampire_Lady","floor":17},{"not_picked":["Replay:Sssssssssshield","ReplayTheSpireMod:Uncanny Aura"],"picked":"Dark Shackles","floor":17},{"not_picked":["infinitespire:Punishment","infinitespire:FinalStrike"],"picked":"infinitespire:Collect","floor":17},{"not_picked":["Finger_Of_Death+1","Bone_Spikes"],"picked":"Summon_Undead+1","floor":18},{"not_picked":["Toxic_Smoke_Screen","Bone_Shift"],"picked":"Stop_Heart","floor":20},{"not_picked":["Acid_Javelin","Toxic_Smoke_Screen"],"picked":"Grasp_Heart","floor":21},{"not_picked":["Blood_Whip","Bones_to_Steel"],"picked":"Negative_Energy_Shield","floor":24},{"not_picked":["Blood_Whip","Bone_Shift"],"picked":"Chill_Blood","floor":27},{"not_picked":["Blood_Wake","Blood_Curse"],"picked":"Consume_Illness","floor":29},{"not_picked":["Cloudkill","Negative_Energy_Bomb"],"picked":"Requiem","floor":33},{"not_picked":["Bone_Shift","Chill_Blood+1","Finger_Of_Death+1"],"picked":"SKIP","floor":35},{"not_picked":["Crow Ritual","Panache"],"picked":"Bandage Up","floor":37},{"not_picked":["Panache","Purity"],"picked":"Secret Technique","floor":37},{"not_picked":["Blind","hubris:EnhanceAbility"],"picked":"Replay:Dark Deal","floor":37},{"not_picked":["Chill_Blood","Bone_Armor"],"picked":"Corrupt+1","floor":39},{"not_picked":["Negative_Energy_Javelin+1","Detonate_Bones"],"picked":"Consume_Illness+1","floor":40},{"not_picked":["Summon_Undead_Army","Death_Coil+1"],"picked":"Consume_Illness","floor":41},{"not_picked":["Finger_Of_Death","Bone_Spikes+1"],"picked":"Vampiric_Strike+1","floor":44},{"not_picked":["Midas Touch","Poisoned Strike","ReplayTheSpireMod:Necrogeddon"],"picked":"Panache","floor":45},{"not_picked":["Mayhem","Deep Breath","Replay:Sssssssssshield"],"picked":"Secret Weapon","floor":45},{"not_picked":["Mayhem","hubris:Ssssneak","ReplayTheSpireMod:Uncanny Aura"],"picked":"Secret Technique","floor":45},{"not_picked":["Death_March_Dance+1","Shackles_Of_Pain","Blood_Whip"],"picked":"beaked:MimicWarrior","floor":46},{"not_picked":["Exploit+1","Death_March_Dance+1","Chill_Blood","beaked:Daydream"],"picked":"SKIP","floor":47},{"not_picked":["Deaths_Shadow","Stop_Heart","Bone_Shift"],"picked":"beaked:Cower","floor":48},{"not_picked":["Corrupt","Negative_Energy_Shield+1","beaked:StunningBlow"],"picked":"Consume_Illness+1","floor":48}],"player_experience":565426,"relics_obtained":[{"floor":6,"key":"PreservedInsect"},{"floor":9,"key":"hubris:SphereOfDissonance"},{"floor":10,"key":"CeramicFish"},{"floor":14,"key":"hubris:ToyBattleship"},{"floor":24,"key":"Lantern"},{"floor":26,"key":"halation:VictoryRuler"},{"floor":27,"key":"infinitespire:Beetle Shell"},{"floor":29,"key":"Potion Belt"},{"floor":40,"key":"hubris:FunFungus"},{"floor":43,"key":"Garlic"},{"floor":44,"key":"infinitespire:Magic Flask"},{"floor":48,"key":"Boot"}],"event_choices":[{"damage_healed":0,"gold_gain":0,"player_choice":"Joined the Cult","damage_taken":6,"max_hp_gain":0,"max_hp_loss":0,"event_name":"Nest","floor":19,"gold_loss":0,"cards_obtained":["RitualDagger"]},{"damage_healed":0,"gold_gain":0,"player_choice":"Embrace Madness","damage_taken":10,"max_hp_gain":0,"max_hp_loss":0,"event_name":"Winding Halls","floor":36,"gold_loss":0,"cards_obtained":["Madness","Madness"]},{"damage_healed":0,"gold_gain":0,"player_choice":"Memory 3","damage_taken":10,"max_hp_gain":0,"max_hp_loss":0,"event_name":"SensoryStone","floor":37,"gold_loss":0}],"is_beta":false,"boss_relics":[{"not_picked":["energizedSpire:OgreHead","hubris:HollowSoul"],"picked":"ReplayTheSpireMod:SealedPack"},{"not_picked":["energizedSpire:EnergizedDie","conspire:RoyalGoblet"],"picked":"Replay:Grab Bag"},{"not_picked":["conspire:SlowCooker","energizedSpire:NeverEndingSparkler"],"picked":"halation:IncompleteEncyclopedia"},{"not_picked":["hubris:VirtuousBlindfold","Runesmith:UraniumAnvil"],"picked":"Fusion Hammer"},{"not_picked":["SacredBark","Kintsugi"],"picked":"conspire:SpecialSausage"}],"items_purged_floors":[],"is_endless":false,"potions_floor_spawned":[4,6,13,20,21,29,33,39,44],"ascension_level":2}}