{"host":"9slw7l0ws16384qq","time":1611242780,"event":{"mods":["A Penny For Your Troubles","BaseMod","Colored Map","Evolution","Hubris","Minty Spire (QoL Compilation)","Replay The Spire","Shedinja","StS++","StSLib","The Dragon Tamer","The Marked"],"gold_per_floor":[114,124,48,142,118,118,153,153,153,153,153,188,43,56,56,184,184,205,205,15,15,15,50,50,65,65,65,103,103,124,139,139,260,260,293,316,316,380,380,380,406,481,481,493,505,517,56,70,70,83],"floor_reached":51,"language":"FRA","playtime":1662,"items_purged":[],"score":837,"play_id":"cc4ddc0f-6709-45ae-a446-bf54114a80ba","local_time":"20210121162620","is_ascension_mode":false,"campfire_choices":[{"data":"Tactician","floor":6.0,"key":"SMITH"},{"data":"ReplayTheSpireMod:Scrap Shanks","floor":11.0,"key":"SMITH"},{"data":"Defend_G","floor":15.0,"key":"PURGE"},{"data":"1","floor":24.0,"key":"LIFT"},{"data":"2","floor":27.0,"key":"LIFT"},{"data":"3","floor":29.0,"key":"LIFT"},{"data":"Apotheosis","floor":32.0,"key":"SMITH"},{"data":"ReplayTheSpireMod:Scrap Shanks","floor":40.0,"key":"SMITH"},{"data":"Adrenaline","floor":44.0,"key":"SMITH"},{"data":"ReplayUltimateDefense","floor":49.0,"key":"SMITH"}],"circlet_count":0,"master_deck":["Dagger Throw","Dagger Throw","Dagger Throw","Dagger Throw","Dagger Throw","Cloak And Dagger","Defend_G","Survivor","Neutralize","ReplayTheSpireMod:Scrap Shanks+1","Tactician+1","ReplayTheSpireMod:Scrap Shanks+1","Grand Finale","Apotheosis+1","Adrenaline+1","Outmaneuver+1","ReplayTheSpireMod:Scrap Shanks+1","Infinite Blades","ReplayUltimateDefense+1","Dagger Throw+1"],"relics":["Ring of the Snake","EVO:Axolotl","Replay:Ringing Soul","Golden Idol","Gremlin Horn","Girya","TheAbacus","WristBlade","Strawberry","StSpp:PetrifiedCaterpillar","Blue Candle","hubris:Stopwatch","Thread and Needle","Bag of Preparation","Ice Cream","MawBank","StSpp:Dice"],"acts_visited":["Exordium","TheCity","TheBeyond"],"potions_floor_usage":[50,50],"damage_taken":[{"damage":0.0,"enemies":"Jaw Worm","floor":1.0,"turns":3.0},{"damage":0.0,"enemies":"Small Slimes","floor":2.0,"turns":2.0},{"damage":8.0,"enemies":"Lagavulin","floor":7.0,"turns":4.0},{"damage":1.0,"enemies":"Replay:BlueRogue","floor":12.0,"turns":2.0},{"damage":0.0,"enemies":"2 Louse","floor":14.0,"turns":1.0},{"damage":0.0,"enemies":"Slime Boss","floor":16.0,"turns":4.0},{"damage":0.0,"enemies":"3 Byrds","floor":18.0,"turns":3.0},{"damage":2.0,"enemies":"Replay:Snechameleon","floor":23.0,"turns":3.0},{"damage":2.0,"enemies":"Spheric Guardian","floor":25.0,"turns":3.0},{"damage":12.0,"enemies":"Slavers","floor":28.0,"turns":2.0},{"damage":9.0,"enemies":"Snake Plant","floor":30.0,"turns":4.0},{"damage":12.0,"enemies":"Shelled Parasite and Fungi","floor":31.0,"turns":3.0},{"damage":2.0,"enemies":"Champ","floor":33.0,"turns":5.0},{"damage":0.0,"enemies":"3 Darklings","floor":35.0,"turns":1.0},{"damage":5.0,"enemies":"Orb Walker","floor":36.0,"turns":3.0},{"damage":4.0,"enemies":"2 Orb Walkers","floor":38.0,"turns":2.0},{"damage":0.0,"enemies":"4 Shapes","floor":41.0,"turns":1.0},{"damage":0.0,"enemies":"Mind Bloom Boss Battle","floor":42.0,"turns":4.0},{"damage":1.0,"enemies":"Sphere and 2 Shapes","floor":48.0,"turns":2.0},{"damage":0,"enemies":"hubris:GrandSnecko","floor":50,"turns":6}],"seed_played":"1316368611708222830","potions_obtained":[{"floor":1.0,"key":"Toxic Potion"},{"floor":16.0,"key":"AttackPotion"},{"floor":18.0,"key":"FearPotion"},{"floor":31.0,"key":"Elixir"},{"floor":33.0,"key":"SpeedPotion"},{"floor":36.0,"key":"Block Potion"},{"floor":41.0,"key":"Dexterity Potion"}],"is_trial":false,"path_per_floor":["M","M","$","?","?","R","E","?","T","?","R","E","$","M","R_BF","B",null,"M","?","$","?","?","E","R","M","T","R","E","R","M","M","R","B",null,"M","M","$","?","?","R","M","?","T","R","?","?","$","M","R","B",null],"character_chosen":"THE_SILENT","items_purchased":["ReplayTheSpireMod:Scrap Shanks","TheAbacus","Apotheosis","DistilledChaos","StSpp:Dice","Infinite Blades","ReplayUltimateDefense"],"campfire_rested":0,"item_purchase_floors":[3,13,20,47,47,47,47],"current_hp_per_floor":[70,70,70,53,53,53,45,45,45,45,45,47,47,47,47,50,71,71,71,74,74,74,79,79,77,77,77,65,65,56,44,44,45,84,84,79,79,75,75,75,75,78,78,78,78,81,84,86,86,86],"gold":83,"neow_bonus":"REMOVE_CARD","is_daily":false,"chose_seed":false,"campfire_upgraded":6,"win_rate":0.0,"timestamp":1611242780,"path_taken":["M","M","$","?","?","R","E","?","T","?","R","E","$","M","R_BF","BOSS","M","?","$","?","?","E","R","M","T","R","E","R","M","M","R","BOSS","M","M","$","?","?","R","?","?","T","R","?","?","$","?","R","BOSS"],"items_purchased_type":["Card","Relic","Card","Potion","Relic","Card","Card"],"build_version":"2020-12-22","purchased_purges":0,"victory":true,"max_hp_per_floor":[70,70,70,70,70,70,70,65,65,65,65,68,68,68,68,71,71,71,71,74,74,74,81,81,81,81,81,81,81,81,81,81,84,84,84,84,84,84,84,84,84,87,87,87,87,90,93,96,96,96],"card_choices":[{"not_picked":["Setup","Acrobatics","Sucker Punch"],"picked":"SKIP","floor":1.0},{"not_picked":["StSpp:TimeParadox","Dagger Throw","Choke"],"picked":"SKIP","floor":2.0},{"not_picked":["Prepared","ReplayTheSpireMod:Exploit Weakness"],"picked":"Tactician","floor":4.0},{"not_picked":["StSpp:PoisonousPunch","Bane","Sucker Punch"],"picked":"SKIP","floor":7.0},{"not_picked":["ReplayTheSpireMod:Shiv Toss","Acrobatics"],"picked":"ReplayTheSpireMod:Scrap Shanks","floor":12.0},{"not_picked":["Backflip","StSpp:Anticipation","Concentrate"],"picked":"SKIP","floor":14.0},{"not_picked":["Atom Bomb","Poison Darts"],"picked":"Grand Finale","floor":16.0},{"not_picked":["Masterful Stab","Dodge and Roll","Poisoned Stab"],"picked":"SKIP","floor":18.0},{"not_picked":["Quick Slash","Dagger Throw","Concentrate+1"],"picked":"SKIP","floor":23.0},{"not_picked":["Backflip","Dagger Throw","Cloak And Dagger"],"picked":"SKIP","floor":25.0},{"not_picked":["Terror+1","Flying Knee","Cloak And Dagger"],"picked":"SKIP","floor":28.0},{"not_picked":["Deflect","Terror","Replay:Poison Smokescreen"],"picked":"SKIP","floor":30.0},{"not_picked":["Flying Knee","StSpp:Dive","Acrobatics+1"],"picked":"SKIP","floor":31.0},{"not_picked":["Wraith Form v2","Night Terror"],"picked":"Adrenaline","floor":33.0},{"not_picked":["StSpp:ChainedTrap","Backflip","Outmaneuver+1"],"picked":"SKIP","floor":35.0},{"not_picked":["Predator+1","Toxin Wave","Draining Mist"],"picked":"SKIP","floor":36.0},{"not_picked":["Outmaneuver+1","StSpp:Dive","Underhanded Strike+1"],"picked":"SKIP","floor":41.0},{"not_picked":["Blade Dance+1","Flying Knee"],"picked":"Outmaneuver+1","floor":42.0},{"not_picked":["Dodge and Roll+1","Skewer+1"],"picked":"Dagger Throw+1","floor":48.0}],"player_experience":1643056,"relics_obtained":[{"floor":7.0,"key":"Replay:Ringing Soul"},{"floor":9.0,"key":"Gremlin Horn"},{"floor":12.0,"key":"Girya"},{"floor":23.0,"key":"Strawberry"},{"floor":26.0,"key":"StSpp:PetrifiedCaterpillar"},{"floor":28.0,"key":"Blue Candle"},{"floor":38.0,"key":"Thread and Needle"},{"floor":42.0,"key":"Ice Cream"},{"floor":43.0,"key":"MawBank"}],"event_choices":[{"damage_healed":0.0,"max_hp_gain":0.0,"max_hp_loss":5.0,"gold_gain":0.0,"event_name":"Golden Idol","player_choice":"Lose Max HP","floor":8.0,"gold_loss":0.0,"damage_taken":0.0,"relics_obtained":["Golden Idol"]},{"damage_healed":0.0,"max_hp_gain":0.0,"max_hp_loss":0.0,"gold_gain":0.0,"event_name":"The Woman in Blue","player_choice":"Bought 0 Potions","floor":10.0,"gold_loss":0.0,"damage_taken":0.0},{"damage_healed":0.0,"max_hp_gain":0.0,"max_hp_loss":0.0,"gold_gain":0.0,"event_name":"Vampires","player_choice":"Ignored","floor":21.0,"gold_loss":0.0,"damage_taken":0.0},{"damage_healed":0.0,"max_hp_gain":0.0,"max_hp_loss":0.0,"gold_gain":0.0,"event_name":"The Mausoleum","player_choice":"Ignored","floor":22.0,"gold_loss":0.0,"damage_taken":0.0},{"damage_healed":0.0,"max_hp_gain":0.0,"max_hp_loss":0.0,"gold_gain":0.0,"event_name":"Mysterious Sphere","player_choice":"Fight","floor":38.0,"gold_loss":0.0,"damage_taken":0.0},{"damage_healed":0.0,"max_hp_gain":0.0,"max_hp_loss":0.0,"gold_gain":0.0,"event_name":"WeMeetAgain","player_choice":"Gave Potion","floor":39.0,"gold_loss":0.0,"damage_taken":0.0,"relics_obtained":["Bag of Preparation"]},{"damage_healed":0.0,"max_hp_gain":0.0,"max_hp_loss":0.0,"gold_gain":0.0,"event_name":"MindBloom","player_choice":"Fight","floor":42.0,"gold_loss":0.0,"damage_taken":0.0},{"cards_removed":["Defend_G"],"damage_healed":0.0,"max_hp_gain":0.0,"max_hp_loss":0.0,"gold_gain":0.0,"event_name":"Falling","player_choice":"Removed Skill","floor":45.0,"gold_loss":0.0,"damage_taken":0.0},{"damage_healed":0.0,"max_hp_gain":0.0,"max_hp_loss":0.0,"gold_gain":0.0,"event_name":"Duplicator","player_choice":"Copied","floor":46.0,"gold_loss":0.0,"damage_taken":0.0,"cards_obtained":["ReplayTheSpireMod:Scrap Shanks"]}],"is_beta":false,"boss_relics":[{"not_picked":["Ectoplasm","hubris:RunicObelisk"],"picked":"WristBlade"},{"not_picked":["Snecko Eye","StSpp:FireArrow"],"picked":"hubris:Stopwatch"}],"items_purged_floors":[],"is_endless":false,"potions_floor_spawned":[1,12,16,18,31,33,36,41],"ascension_level":0}}