{"host":"fm9e0lfunjlbhzxv","time":1611209256,"event":{"mods":["Act Like it!","Alarm Clock","BaseMod","Bestiary","Better Match","Better Note","Better Skull","Better Third Choice","Colored Map","Colored Powertips","Hallownest","Key Reminder","Minty Spire (QoL Compilation)","Permanent Neow","Rare Cards Sparkle","Relic Stats","Spicy Shops","StSLib","The Bug Knight","slay the spire mod where everything is the same but ironclad has a cowboy hat"],"gold_per_floor":[118,43,43,58,68,68,98,115,139,64,64,90,106,126,126,231,231,248,248,57,69,181,209,209,226,298,327,340,375,391,451,451,550,550,569,112,112,112],"floor_reached":37,"language":"ENG","playtime":3332,"items_purged":["Decay","HollowMod:NailStrikeStart","HollowMod:NailStrikeStart"],"score":459,"play_id":"0d5ffbbf-872e-44cb-acc6-92da77bdbe76","local_time":"20210120220736","is_ascension_mode":true,"campfire_choices":[{"data":"HollowMod:FocusHealStart","floor":6,"key":"SMITH"},{"data":"HollowMod:ShadowDash","floor":11,"key":"SMITH"},{"data":"HollowMod:GreatSlash","floor":15,"key":"SMITH"},{"data":"HollowMod:VoidDash","floor":24,"key":"SMITH"},{"floor":32,"key":"REST"}],"circlet_count":0,"master_deck":["HollowMod:NailStrikeStart","HollowMod:NailStrikeStart","HollowMod:QuickDashStart","HollowMod:QuickDashStart","HollowMod:QuickDashStart","HollowMod:QuickDashStart","HollowMod:FocusHealStart+1","HollowMod:PogoStrike+1","HollowMod:RecoilStrike+1","HollowMod:NewGlowingWomb","HollowMod:DescendingDark+1","HollowMod:ShadowDash+1","HollowMod:BlackTendrils","HollowMod:InfectedAttack","HollowMod:VengefulVoid","HollowMod:GreatSlash+1","HollowMod:DoubleDash","HollowMod:SlysStrikes","HollowMod:HeavyBlow+1","HollowMod:CloakDash","HollowMod:VoidDash+1","HollowMod:GreatSlash","HollowMod:CloakDash","Clumsy","HollowMod:AbyssShriek","HollowMod:SoulMaster","HollowMod:WraithStrike","HollowMod:ShadowDash+1","HollowMod:MonarchWings+1","HollowMod:SlysStrikes","HollowMod:Weaversong"],"relics":["Cursed Key","Toy Ornithopter","PreservedInsect","Art of War","Black Star","Ginger","Lantern","InkBottle","Whetstone","keyreminder:keyreminder","Question Card","Dream Catcher","Peace Pipe","Matryoshka","Runic Pyramid","Shuriken"],"acts_visited":["Hallownest:Greenpath","Hallownest:CityofTears","Hallownest:KingdomsEdge"],"potions_floor_usage":[7,23,29,37],"damage_taken":[{"damage":2,"enemies":"Hallownest:2_Baldur","floor":1,"turns":4},{"damage":0,"enemies":"Hallownest:monsterHuskWarrior","floor":4,"turns":3},{"damage":0,"enemies":"Hallownest:monsterHuskGuard","floor":5,"turns":3},{"damage":18,"enemies":"Hallownest:eliteCrystalGuardian","floor":7,"turns":6},{"damage":12,"enemies":"Hallownest:monsterFoolEater","floor":8,"turns":3},{"damage":6,"enemies":"Hallownest:eliteMossKnight","floor":12,"turns":3},{"damage":1,"enemies":"Hallownest:MossCreep_and_Mosskin","floor":13,"turns":4},{"damage":1,"enemies":"Hallownest:Wandering_and_Horned","floor":14,"turns":3},{"damage":81,"enemies":"Hallownest:BossHornet","floor":16,"turns":13},{"damage":1,"enemies":"Hallownest:Flukemon_and_Top","floor":18,"turns":4},{"damage":10,"enemies":"Hallownest:2_Mistakes","floor":21,"turns":5},{"damage":13,"enemies":"Hallownest:eliteWatcherKnight","floor":23,"turns":11},{"damage":0,"enemies":"Hallownest:Warrior_and_Youth","floor":25,"turns":5},{"damage":8,"enemies":"Hallownest:eliteSoulWarrior","floor":27,"turns":6},{"damage":30,"enemies":"Hallownest:3_Mistakes","floor":28,"turns":6},{"damage":22,"enemies":"Hallownest:eliteWatcherKnight","floor":29,"turns":9},{"damage":8,"enemies":"Hallownest:monsterShrumalOgre","floor":30,"turns":5},{"damage":0,"enemies":"Hallownest:Glutton_and_Coward","floor":31,"turns":2},{"damage":30,"enemies":"Hallownest:BossGrimm","floor":33,"turns":11},{"damage":44,"enemies":"Hallownest:Shield_Heavy","floor":35,"turns":5},{"damage":85,"enemies":"Hallownest:2_Primals","floor":37,"turns":3}],"seed_played":"8810900847491999788","potions_obtained":[{"floor":1,"key":"SkillPotion"},{"floor":7,"key":"Strength Potion"},{"floor":16,"key":"FearPotion"},{"floor":21,"key":"SkillPotion"},{"floor":25,"key":"FairyPotion"},{"floor":29,"key":"ColorlessPotion"},{"floor":31,"key":"Regen Potion"}],"is_trial":false,"path_per_floor":["M","?","?","M","M","R","E","M","T","$","R","E","M","M","R","B",null,"M","?","$","M","?","E","R","M","T","E","M","E","M","M","R","B",null,"M","$","?"],"character_chosen":"THE_BUGKNIGHT","items_purchased":["HollowMod:CloakDash","Ginger","HollowMod:Weaversong","Shuriken"],"campfire_rested":1,"item_purchase_floors":[20,20,36,36],"current_hp_per_floor":[73,73,73,73,73,73,57,57,57,57,57,59,70,72,72,6,75,75,75,75,71,37,43,43,52,52,52,32,32,32,36,58,43,75,37,37,0,0],"gold":112,"neow_bonus":"BOSS_RELIC","is_daily":false,"chose_seed":false,"campfire_upgraded":4,"win_rate":0.0,"timestamp":1611209256,"path_taken":["M","?","?","M","M","R","E","M","T","?","R","E","M","M","R","BOSS","M","?","$","M","?","E","R","?","T","E","M","E","M","M","R","BOSS","M","$","?"],"items_purchased_type":["Card","Relic","Card","Relic"],"build_version":"2020-12-22","purchased_purges":3,"victory":false,"max_hp_per_floor":[75,75,75,75,75,75,75,75,75,75,75,75,75,75,75,75,75,75,75,75,75,75,75,75,75,75,75,75,75,75,75,75,75,75,75,75,75,75],"relic_stats":{"counters":[21,114],"PreservedInsect":117,"Ginger":[5],"Whetstone":["HollowMod:RecoilStrike","HollowMod:DescendingDark"],"Cursed Key":2,"Question Card":7,"Peace Pipe":0,"Dream Catcher":1,"Shuriken":[0],"Art of War":[17],"Black Star":3,"obtain_stats":[{"Lantern":22,"HollowMod:VesselMask":0,"PreservedInsect":9,"Ginger":20,"Whetstone":23,"Cursed Key":0,"Question Card":27,"keyreminder:keyreminder":26,"Peace Pipe":29,"Dream Catcher":27,"Matryoshka":29,"Shuriken":36,"Art of War":12,"Black Star":17,"Toy Ornithopter":7,"InkBottle":23,"Runic Pyramid":34},{"Lantern":11,"HollowMod:VesselMask":0,"PreservedInsect":5,"Ginger":10,"Whetstone":12,"Cursed Key":0,"Question Card":14,"keyreminder:keyreminder":13,"Peace Pipe":16,"Dream Catcher":14,"Matryoshka":16,"Shuriken":20,"Art of War":6,"Black Star":9,"Toy Ornithopter":4,"InkBottle":12,"Runic Pyramid":19},{"Lantern":51,"HollowMod:VesselMask":0,"PreservedInsect":19,"Ginger":46,"Whetstone":62,"Cursed Key":0,"Question Card":73,"keyreminder:keyreminder":67,"Peace Pipe":88,"Dream Catcher":73,"Matryoshka":88,"Shuriken":111,"Art of War":22,"Black Star":42,"Toy Ornithopter":16,"InkBottle":62,"Runic Pyramid":106}],"Toy Ornithopter":15,"InkBottle":[19]},"card_choices":[{"not_picked":["HollowMod:VengefulSpirit","HollowMod:NewJinnsSoul"],"picked":"HollowMod:RecoilStrike","floor":1},{"not_picked":["HollowMod:VengefulSpirit","HollowMod:SoulEater"],"picked":"HollowMod:NewGlowingWomb","floor":2},{"not_picked":["HollowMod:GoodIntentions","HollowMod:ShadowDash"],"picked":"HollowMod:DescendingDark","floor":4},{"not_picked":["HollowMod:NewGlowingWomb","HollowMod:BrokenVessel"],"picked":"HollowMod:ShadowDash","floor":5},{"not_picked":["HollowMod:GreatSlash","HollowMod:TaintedHusks"],"picked":"HollowMod:BlackTendrils","floor":7},{"not_picked":["HollowMod:SharpenedNail","HollowMod:SoulVessel"],"picked":"HollowMod:InfectedAttack","floor":8},{"not_picked":["HollowMod:GreatSlash","HollowMod:SharpenedNail"],"picked":"HollowMod:VengefulVoid","floor":12},{"not_picked":["HollowMod:PureNailStrike","HollowMod:FastStrike"],"picked":"HollowMod:GreatSlash","floor":13},{"not_picked":["HollowMod:InfectedCysts","HollowMod:DesolateDive"],"picked":"HollowMod:DoubleDash","floor":14},{"not_picked":["HollowMod:AwokenDreamNail","HollowMod:ElderbugsWisdom"],"picked":"HollowMod:SlysStrikes","floor":16},{"not_picked":["HollowMod:DashSlash","HollowMod:SharpenedNail"],"picked":"HollowMod:HeavyBlow+1","floor":18},{"not_picked":["HollowMod:CornifersMapStart+1","HollowMod:MonomonsArchive"],"picked":"HollowMod:VoidDash","floor":21},{"not_picked":["HollowMod:MawleksShell","HollowMod:PureVessel"],"picked":"HollowMod:GreatSlash","floor":23},{"not_picked":["HollowMod:SharpenedNail+1","HollowMod:CycloneSlash+1"],"picked":"HollowMod:CloakDash","floor":25},{"not_picked":["HollowMod:DashSlash","HollowMod:QuirrelsAssistance"],"picked":"HollowMod:AbyssShriek","floor":27},{"not_picked":["HollowMod:DoubleDash","HollowMod:HowlingWraiths","HollowMod:CycloneSlash+1","HollowMod:GoodIntentions"],"picked":"SKIP","floor":28},{"not_picked":["HollowMod:MonarchWings","HollowMod:SharpenedShadows","HollowMod:TaintedHusks"],"picked":"HollowMod:SoulMaster","floor":29},{"not_picked":["HollowMod:NewLittleFool+1","HollowMod:CycloneSlash","HollowMod:DungDefenderAura"],"picked":"HollowMod:WraithStrike","floor":30},{"not_picked":["HollowMod:GreatSlash","HollowMod:SoulShaman","HollowMod:SiblingsSouls+1"],"picked":"HollowMod:ShadowDash+1","floor":31},{"not_picked":["HollowMod:RecoilStrike","HollowMod:SharpenedNail","HollowMod:WhiteLadysBlessing"],"picked":"HollowMod:MonarchWings+1","floor":32},{"not_picked":["HollowMod:AwokenDreamNail","HollowMod:RadiancesLament","HollowMod:HerrahsAnger"],"picked":"HollowMod:SlysStrikes","floor":33},{"not_picked":["HollowMod:NewJinnsSoul+1","HollowMod:DesolateDive+1","HollowMod:BrokenVessel+1","HollowMod:WraithStrike"],"picked":"SKIP","floor":35}],"player_experience":504550,"relics_obtained":[{"floor":7,"key":"Toy Ornithopter"},{"floor":9,"key":"PreservedInsect"},{"floor":12,"key":"Art of War"},{"floor":23,"key":"InkBottle"},{"floor":23,"key":"Whetstone"},{"floor":27,"key":"Question Card"},{"floor":27,"key":"Dream Catcher"},{"floor":29,"key":"Peace Pipe"},{"floor":29,"key":"Matryoshka"}],"event_choices":[{"damage_healed":0,"gold_gain":0,"player_choice":"1","damage_taken":0,"max_hp_gain":0,"max_hp_loss":0,"event_name":"betterMatch:BetterMatch","floor":2,"gold_loss":0,"cards_obtained":["betterMatch:UncommonCard"]},{"damage_healed":0,"gold_gain":112,"player_choice":"RE UP GO ","damage_taken":39,"relics_obtained":["Lantern"],"max_hp_gain":0,"max_hp_loss":0,"event_name":"betterSkull:BetterSkull","floor":22,"gold_loss":0,"cards_upgraded":["HollowMod:PogoStrike"]}],"is_beta":false,"boss_relics":[{"not_picked":["Philosopher\u0027s Stone","SlaversCollar"],"picked":"Black Star"},{"not_picked":["Calling Bell","SacredBark"],"picked":"Runic Pyramid"}],"items_purged_floors":[10,20,36],"is_endless":false,"potions_floor_spawned":[1,7,16,21,25,29,30,31,35],"killed_by":"Hallownest:2_Primals","ascension_level":1}}