{"host":"bydnmyvf669xu6ab","time":1611266290,"event":{"mods":["BaseMod","BetterRewards","Colored Map","Highlight Path","Minty Spire (QoL Compilation)","Poor People Problems","Rare Cards Sparkle","Relic Stats","Shop Mod","Spikes Relics","StSLib","SuperFastMode"],"gold_per_floor":[113,188,198,4,4,4,23,23,73,73,73,86,99,99,99,201,201,215,215,215,15,0,0,18,45,71,71,103,103,132,147,147,244,244,257,532,549,565,583,583,616,630,683,710,710,710,729,757,757,757],"floor_reached":51,"language":"ENG","playtime":7302,"items_purged":[],"score":1108,"play_id":"0a2b19d8-e794-44dc-9f13-bf9f01d3fdc0","local_time":"20210121135810","is_ascension_mode":true,"campfire_choices":[{"data":"Noxious Fumes","floor":6,"key":"SMITH"},{"data":"Dodge and Roll","floor":8,"key":"SMITH"},{"data":"Backflip","floor":11,"key":"SMITH"},{"data":"Crippling Poison","floor":15,"key":"SMITH"},{"floor":23,"key":"RECALL"},{"data":"A Thousand Cuts","floor":29,"key":"SMITH"},{"floor":32,"key":"REST"},{"data":"Backflip","floor":40,"key":"SMITH"},{"data":"Burst","floor":45,"key":"SMITH"},{"data":"Dodge and Roll","floor":49,"key":"SMITH"}],"circlet_count":0,"master_deck":["Strike_G+1","Strike_G+1","Strike_G+1","Strike_G+1","Strike_G+1","Defend_G+1","Defend_G+1","Defend_G+1","Defend_G+1","Defend_G+1","Survivor","Neutralize","Sharp Hide","Backflip+1","Slice","Backflip+1","Noxious Fumes+1","Dodge and Roll+1","All Out Attack+1","Bane","Crippling Poison+1","A Thousand Cuts+1","Sucker Punch+1","Deadly Poison","Escape Plan+1","Bouncing Flask","Well Laid Plans","Venomology","InfectiousVector","Corpse Explosion","Dodge and Roll+1","Regret","Leg Sweep","Dash+1","Cloak And Dagger+1","Burst+1","Dagger Spray+1","Catalyst+1","Poisoned Stab+1","Poisoned Stab+1"],"relics":["Ring of the Snake","Pen Nib","MealTicket","BrokenLever","Lantern","CosmicIsotope","TwistedFunnel","CrustySpines","Happy Flower","Bag of Preparation","Toy Ornithopter","Philosopher\u0027s Stone","InkBottle","Vajra","Blue Candle","SpikesRelics:DaevaFist","Potion Belt"],"acts_visited":["Exordium","TheCity","TheBeyond"],"potions_floor_usage":[16,16,30,33,33,37,38,39,41,42,42,42,44,47,48,48,48,48,50,50],"damage_taken":[{"damage":0,"enemies":"Small Slimes","floor":1,"turns":5},{"damage":1,"enemies":"2 Louse","floor":3,"turns":2},{"damage":0,"enemies":"Cultist","floor":7,"turns":3},{"damage":3,"enemies":"Looter","floor":12,"turns":3},{"damage":0,"enemies":"2 Fungi Beasts","floor":13,"turns":1},{"damage":1,"enemies":"The Guardian","floor":16,"turns":9},{"damage":22,"enemies":"2 Thieves","floor":18,"turns":4},{"damage":1,"enemies":"Shell Parasite","floor":24,"turns":5},{"damage":21,"enemies":"Gremlin Leader","floor":25,"turns":6},{"damage":10,"enemies":"Book of Stabbing","floor":28,"turns":6},{"damage":0,"enemies":"Gremlin Leader","floor":30,"turns":5},{"damage":5,"enemies":"Shelled Parasite and Fungi","floor":31,"turns":3},{"damage":21,"enemies":"Automaton","floor":33,"turns":8},{"damage":5,"enemies":"3 Darklings","floor":35,"turns":4},{"damage":0,"enemies":"Orb Walker","floor":37,"turns":3},{"damage":24,"enemies":"Spire Growth","floor":38,"turns":5},{"damage":31,"enemies":"Sphere and 2 Shapes","floor":39,"turns":7},{"damage":16,"enemies":"Nemesis","floor":41,"turns":7},{"damage":4,"enemies":"Writhing Mass","floor":42,"turns":5},{"damage":12,"enemies":"Giant Head","floor":44,"turns":7},{"damage":17,"enemies":"3 Darklings","floor":47,"turns":4},{"damage":1,"enemies":"Reptomancer","floor":48,"turns":4},{"damage":8,"enemies":"Awakened One","floor":50,"turns":11}],"seed_played":"-1934716146864716844","potions_obtained":[{"floor":3,"key":"DistilledChaos"},{"floor":7,"key":"Energy Potion"},{"floor":12,"key":"ColorlessPotion"},{"floor":16,"key":"Weak Potion"},{"floor":18,"key":"PowerPotion"},{"floor":31,"key":"DistilledChaos"},{"floor":41,"key":"SneckoOil"},{"floor":42,"key":"PowerPotion"},{"floor":47,"key":"Ancient Potion"},{"floor":48,"key":"Poison Potion"}],"is_trial":false,"path_per_floor":["M","?","M","$","?","R","M","R","T","?","R","M","M","?","R","B",null,"M","?","?","$","?","R","M","E","T","$","E","R","E","M","R","B",null,"M","?","M","M","M","R","E","M","T","E","R","?","M","E","R","B",null],"character_chosen":"THE_SILENT","items_purchased":["Pen Nib","Sharp Hide","Backflip","Slice","MealTicket","Dodge and Roll","TwistedFunnel","Deadly Poison"],"campfire_rested":1,"item_purchase_floors":[0,0,0,0,4,4,21,21],"current_hp_per_floor":[61,50,49,49,31,31,31,31,31,31,31,28,28,51,51,50,70,48,48,35,50,50,50,49,28,28,43,33,33,33,28,50,39,75,70,70,75,56,30,30,19,30,30,23,23,23,11,30,30,32],"gold":757,"neow_bonus":"","is_daily":false,"chose_seed":false,"campfire_upgraded":8,"win_rate":0.0,"timestamp":1611266290,"path_taken":["M","?","M","$","?","R","M","R","T","?","R","?","M","?","R","BOSS","M","?","?","$","?","R","M","E","T","$","E","R","E","M","R","BOSS","M","?","?","M","M","R","E","M","T","E","R","?","M","E","R","BOSS"],"items_purchased_type":["Relic","Card","Card","Card","Relic","Card","Relic","Card"],"build_version":"2020-12-22","purchased_purges":0,"victory":true,"max_hp_per_floor":[70,70,70,70,70,70,70,70,70,70,70,70,70,70,70,70,70,70,70,75,75,75,75,75,75,75,75,75,75,75,75,75,75,75,75,75,75,75,75,75,75,75,75,75,75,75,75,75,75,75],"relic_stats":{"Happy Flower":[26],"counters":[459,2315],"Blue Candle":[1],"MealTicket":30,"Pen Nib":[22],"Bag of Preparation":[26],"obtain_stats":[{"TwistedFunnel":21,"infinitespire:BottledMercury":29,"Ginger":10,"Whetstone":26,"Bottled Tornado":6,"Boot":54,"Sling":0,"Blood Vial":20,"ZombieTooth":53,"Sundial":24,"MealTicket":41,"infinitespire:Golems Mask":25,"Fusion Hammer":17,"HandDrill":0,"Necronomicon":22,"Kunai":0,"MerchantsRug":8,"Pear":4,"GiantMaggot":9,"Blue Candle":41,"Velvet Choker":17,"Eternal Feather":44,"Pen Nib":8,"SlaversCollar":17,"infinitespire:Lychee Nut":26,"Bird Faced Urn":23,"MutagenicStrength":20,"Pandora\u0027s Box":17,"Mark of Pain":17,"infinitespire:PuzzleCube":26,"Unceasing Top":14,"Regal Pillow":0,"Lantern":28,"Torii":27,"Magic Flower":48,"RoseTintedShades":7,"Bag of Preparation":0,"HeavenlyBonsai":24,"Cursed Key":34,"Ancient Tea Set":19,"Smiling Mask":30,"Burning Blood":0,"Matryoshka":0,"Toolbox":24,"Chemical X":0,"InkBottle":0,"Paper Frog":42,"Potion Belt":38,"Lee\u0027s Waffle":24,"Self Forming Clay":12,"Golden Idol":3,"Thread and Needle":39,"infinitespire:Joker Card":8,"PreservedInsect":0,"The Courier":23,"Omamori":12,"infinitespire:CheckeredPen":9,"infinitespire:Lucky Rock":9,"Frozen Egg 2":9,"MawBank":7,"Busted Crown":34,"ExplosiveVial":0,"SpikesRelics:DaevaFist":7,"Art of War":11,"Bottled Lightning":43,"Toy Ornithopter":23,"infinitespire:Midas Blood":13,"ShockBauble":19,"Calipers":0,"Tiny House":17,"Nilry\u0027s Codex":30,"Vajra":26,"Sozu":17,"Lizard Tail":28,"Centennial Puzzle":30,"HornCleat":26,"SpikesRelics:ToyHorsey":24,"DollysMirror":28,"Strawberry":31,"Prayer Wheel":0,"Philosopher\u0027s Stone":17,"Toxic Egg 2":0,"LugNut":2,"Girya":39,"Happy Flower":23,"Dead Branch":0,"Oddly Smooth Stone":0,"Letter Opener":0,"War Paint":0,"Question Card":11,"Bottled Flame":41,"Shuriken":19,"Bronze Scales":22,"Molten Egg 2":0,"Black Star":17,"CosmicIsotope":17,"CrustySpines":54,"Meat on the Bone":0,"Darkstone Periapt":11,"SnailShell":43,"Black Blood":34,"BrokenLever":12,"Mango":28,"Incense Burner":38,"Juzu Bracelet":0,"PrismaticShard":0,"ClockworkSouvenir":20,"HailfireSword":17,"Nunchaku":7,"Dream Catcher":13,"Mummified Hand":0,"Gambling Chip":40,"Pantograph":0,"MiniBlackHole":8,"RollingBoulder":13,"Tiny Chest":6,"Red Mask":42,"Red Skull":10,"Runic Pyramid":17,"infinitespire:FocusingShard":43,"Orichalcum":14,"Odd Mushroom":7,"White Beast Statue":14,"Mercury Hourglass":10,"Sandwich":34,"CaptainsWheel":29,"Anchor":20,"infinitespire:WardingShard":46,"infinitespire:Satchel":44,"GolemAmulet":46,"Bag of Marbles":26,"Membership Card":0},{"TwistedFunnel":443,"infinitespire:BottledMercury":100,"Ginger":31,"Whetstone":201,"Bottled Tornado":191,"Boot":82,"Sling":379,"Blood Vial":115,"ZombieTooth":268,"Sundial":159,"MealTicket":57,"infinitespire:Golems Mask":71,"Fusion Hammer":9,"HandDrill":312,"Necronomicon":363,"Kunai":83,"MerchantsRug":5,"Pear":297,"GiantMaggot":167,"Blue Candle":77,"Velvet Choker":91,"Eternal Feather":184,"Pen Nib":5,"SlaversCollar":330,"infinitespire:Lychee Nut":15,"Bird Faced Urn":13,"MutagenicStrength":139,"Pandora\u0027s Box":114,"Mark of Pain":46,"infinitespire:PuzzleCube":49,"Unceasing Top":126,"Regal Pillow":83,"Lantern":142,"Torii":201,"Magic Flower":267,"RoseTintedShades":338,"Bag of Preparation":83,"HeavenlyBonsai":37,"Cursed Key":53,"Ancient Tea Set":303,"Smiling Mask":306,"Burning Blood":0,"Matryoshka":61,"Toolbox":229,"Chemical X":61,"InkBottle":83,"Paper Frog":57,"Potion Belt":21,"Lee\u0027s Waffle":281,"Self Forming Clay":194,"Golden Idol":219,"Thread and Needle":56,"infinitespire:Joker Card":42,"PreservedInsect":83,"The Courier":255,"Omamori":6,"infinitespire:CheckeredPen":30,"infinitespire:Lucky Rock":87,"Frozen Egg 2":275,"MawBank":328,"Busted Crown":73,"ExplosiveVial":270,"SpikesRelics:DaevaFist":42,"Art of War":44,"Bottled Lightning":210,"Toy Ornithopter":70,"infinitespire:Midas Blood":90,"ShockBauble":251,"Calipers":270,"Tiny House":318,"Nilry\u0027s Codex":100,"Vajra":142,"Sozu":68,"Lizard Tail":160,"Centennial Puzzle":232,"HornCleat":71,"SpikesRelics:ToyHorsey":390,"DollysMirror":50,"Strawberry":52,"Prayer Wheel":130,"Philosopher\u0027s Stone":195,"Toxic Egg 2":0,"LugNut":28,"Girya":311,"Happy Flower":96,"Dead Branch":0,"Oddly Smooth Stone":312,"Letter Opener":27,"War Paint":0,"Question Card":111,"Bottled Flame":183,"Shuriken":10,"Bronze Scales":69,"Molten Egg 2":61,"Black Star":138,"CosmicIsotope":226,"CrustySpines":378,"Meat on the Bone":295,"Darkstone Periapt":31,"SnailShell":25,"Black Blood":19,"BrokenLever":65,"Mango":283,"Incense Burner":56,"Juzu Bracelet":147,"PrismaticShard":27,"ClockworkSouvenir":35,"HailfireSword":33,"Nunchaku":134,"Dream Catcher":224,"Mummified Hand":211,"Gambling Chip":23,"Pantograph":27,"MiniBlackHole":216,"RollingBoulder":66,"Tiny Chest":315,"Red Mask":77,"Red Skull":135,"Runic Pyramid":277,"infinitespire:FocusingShard":77,"Orichalcum":170,"Odd Mushroom":245,"White Beast Statue":217,"Mercury Hourglass":124,"Sandwich":102,"CaptainsWheel":161,"Anchor":362,"infinitespire:WardingShard":26,"infinitespire:Satchel":78,"GolemAmulet":79,"Bag of Marbles":175,"Membership Card":0},{"TwistedFunnel":2225,"infinitespire:BottledMercury":388,"Ginger":129,"Whetstone":908,"Bottled Tornado":850,"Boot":332,"Sling":1907,"Blood Vial":461,"ZombieTooth":1299,"Sundial":700,"MealTicket":249,"infinitespire:Golems Mask":296,"Fusion Hammer":34,"HandDrill":1590,"Necronomicon":1849,"Kunai":340,"MerchantsRug":17,"Pear":1505,"GiantMaggot":733,"Blue Candle":313,"Velvet Choker":365,"Eternal Feather":813,"Pen Nib":17,"SlaversCollar":1689,"infinitespire:Lychee Nut":54,"Bird Faced Urn":48,"MutagenicStrength":599,"Pandora\u0027s Box":456,"Mark of Pain":199,"infinitespire:PuzzleCube":210,"Unceasing Top":523,"Regal Pillow":340,"Lantern":611,"Torii":908,"Magic Flower":1290,"RoseTintedShades":1721,"Bag of Preparation":340,"HeavenlyBonsai":154,"Cursed Key":231,"Ancient Tea Set":1534,"Smiling Mask":1547,"Burning Blood":0,"Matryoshka":268,"Toolbox":1078,"Chemical X":268,"InkBottle":340,"Paper Frog":249,"Potion Belt":84,"Lee\u0027s Waffle":1394,"Self Forming Clay":862,"Golden Idol":1017,"Thread and Needle":242,"infinitespire:Joker Card":180,"PreservedInsect":340,"The Courier":1226,"Omamori":21,"infinitespire:CheckeredPen":123,"infinitespire:Lucky Rock":351,"Frozen Egg 2":1343,"MawBank":1670,"Busted Crown":304,"ExplosiveVial":1312,"SpikesRelics:DaevaFist":180,"Art of War":188,"Bottled Lightning":965,"Toy Ornithopter":294,"infinitespire:Midas Blood":361,"ShockBauble":1208,"Calipers":1312,"Tiny House":1623,"Nilry\u0027s Codex":388,"Vajra":611,"Sozu":289,"Lizard Tail":701,"Centennial Puzzle":1109,"HornCleat":296,"SpikesRelics:ToyHorsey":1964,"DollysMirror":215,"Strawberry":223,"Prayer Wheel":549,"Philosopher\u0027s Stone":869,"Toxic Egg 2":0,"LugNut":114,"Girya":1582,"Happy Flower":376,"Dead Branch":0,"Oddly Smooth Stone":1590,"Letter Opener":111,"War Paint":0,"Question Card":439,"Bottled Flame":810,"Shuriken":36,"Bronze Scales":290,"Molten Egg 2":268,"Black Star":592,"CosmicIsotope":1056,"CrustySpines":1902,"Meat on the Bone":1498,"Darkstone Periapt":129,"SnailShell":102,"Black Blood":75,"BrokenLever":278,"Mango":1408,"Incense Burner":242,"Juzu Bracelet":650,"PrismaticShard":111,"ClockworkSouvenir":146,"HailfireSword":139,"Nunchaku":570,"Dream Catcher":1041,"Mummified Hand":970,"Gambling Chip":93,"Pantograph":111,"MiniBlackHole":997,"RollingBoulder":281,"Tiny Chest":1605,"Red Mask":313,"Red Skull":575,"Runic Pyramid":1363,"infinitespire:FocusingShard":313,"Orichalcum":748,"Odd Mushroom":1180,"White Beast Statue":1004,"Mercury Hourglass":514,"Sandwich":401,"CaptainsWheel":709,"Anchor":1845,"infinitespire:WardingShard":107,"infinitespire:Satchel":318,"GolemAmulet":321,"Bag of Marbles":775,"Membership Card":0}],"Toy Ornithopter":85,"InkBottle":[18],"Ring of the Snake":[90]},"card_choices":[{"not_picked":["Expertise","PiercingWail"],"picked":"Backflip","floor":1},{"not_picked":["PiercingWail","Finisher"],"picked":"Noxious Fumes","floor":3},{"not_picked":["Dagger Throw","Predator"],"picked":"All Out Attack","floor":7},{"not_picked":["Heel Hook","Flying Knee"],"picked":"Bane","floor":12},{"not_picked":["Deflect","Deadly Poison"],"picked":"Crippling Poison","floor":13},{"not_picked":["Die Die Die","Wraith Form v2"],"picked":"A Thousand Cuts","floor":16},{"not_picked":["PiercingWail+1","Leg Sweep"],"picked":"Sucker Punch+1","floor":18},{"not_picked":["Bane+1","Finisher"],"picked":"Escape Plan+1","floor":24},{"not_picked":["Underhanded Strike","Prepared"],"picked":"Bouncing Flask","floor":25},{"not_picked":["Deflect","PiercingWail"],"picked":"Well Laid Plans","floor":28},{"not_picked":["Flechettes","PiercingWail"],"picked":"Venomology","floor":30},{"not_picked":["Flying Knee","Poisoned Stab"],"picked":"InfectiousVector","floor":31},{"not_picked":["A Thousand Cuts","Adrenaline"],"picked":"Corpse Explosion","floor":33},{"not_picked":["Blade Dance","Sucker Punch"],"picked":"Dodge and Roll","floor":35},{"not_picked":["Slice","Predator+1"],"picked":"Leg Sweep","floor":37},{"not_picked":["Phantasmal Killer","ShadowRift+1"],"picked":"Dash+1","floor":38},{"not_picked":["Flying Knee+1","Prepared+1"],"picked":"Cloak And Dagger+1","floor":39},{"not_picked":["Underhanded Strike+1","Dagger Throw"],"picked":"Burst","floor":41},{"not_picked":["Quick Slash","Outmaneuver"],"picked":"Dagger Spray+1","floor":42},{"not_picked":["Well Laid Plans","Expertise"],"picked":"Catalyst+1","floor":44},{"not_picked":["Flying Knee+1","Bane+1"],"picked":"Poisoned Stab+1","floor":47},{"not_picked":["Deadly Poison","Doppelganger"],"picked":"Poisoned Stab+1","floor":48}],"player_experience":2290132,"relics_obtained":[{"floor":9,"key":"Lantern"},{"floor":25,"key":"CrustySpines"},{"floor":26,"key":"Happy Flower"},{"floor":28,"key":"Bag of Preparation"},{"floor":30,"key":"Toy Ornithopter"},{"floor":41,"key":"InkBottle"},{"floor":43,"key":"Vajra"},{"floor":44,"key":"Blue Candle"},{"floor":46,"key":"SpikesRelics:DaevaFist"},{"floor":48,"key":"Potion Belt"}],"event_choices":[{"damage_healed":0,"gold_gain":75,"player_choice":"Gather Gold","damage_taken":11,"max_hp_gain":0,"max_hp_loss":0,"event_name":"World of Goop","floor":2,"gold_loss":0},{"damage_healed":0,"gold_gain":0,"player_choice":"Success","damage_taken":18,"relics_obtained":["BrokenLever"],"max_hp_gain":0,"max_hp_loss":0,"event_name":"Scrap Ooze","floor":5,"gold_loss":0},{"damage_healed":0,"gold_gain":0,"player_choice":"Forge","damage_taken":0,"max_hp_gain":0,"max_hp_loss":0,"event_name":"Accursed Blacksmith","floor":10,"gold_loss":0,"cards_upgraded":["All Out Attack"]},{"damage_healed":23,"gold_gain":0,"player_choice":"Banana","damage_taken":0,"max_hp_gain":0,"max_hp_loss":0,"event_name":"Big Fish","floor":14,"gold_loss":0},{"damage_healed":0,"gold_gain":0,"player_choice":"Simplicity","damage_taken":0,"max_hp_gain":0,"max_hp_loss":0,"event_name":"Back to Basics","floor":19,"gold_loss":0,"cards_upgraded":["Strike_G","Strike_G","Strike_G","Strike_G","Strike_G","Defend_G","Defend_G","Defend_G","Defend_G","Defend_G"]},{"damage_healed":0,"gold_gain":0,"player_choice":"Shed Blood","damage_taken":18,"max_hp_gain":5,"max_hp_loss":0,"event_name":"Forgotten Altar","floor":20,"gold_loss":0},{"damage_healed":0,"gold_gain":0,"player_choice":"Paid Fearfully","damage_taken":0,"max_hp_gain":0,"max_hp_loss":0,"event_name":"Masked Bandits","floor":22,"gold_loss":15},{"damage_healed":0,"gold_gain":275,"player_choice":"Desecrate","damage_taken":0,"max_hp_gain":0,"max_hp_loss":0,"event_name":"Golden Shrine","floor":36,"gold_loss":0,"cards_obtained":["Regret"]},{"damage_healed":0,"gold_gain":0,"player_choice":"Relic","damage_taken":0,"max_hp_gain":0,"max_hp_loss":0,"event_name":"Wheel of Change","floor":46,"gold_loss":0}],"is_beta":false,"boss_relics":[{"not_picked":["Busted Crown","Fusion Hammer"],"picked":"CosmicIsotope"},{"not_picked":["Runic Dome","WristBlade"],"picked":"Philosopher\u0027s Stone"}],"items_purged_floors":[],"is_endless":false,"potions_floor_spawned":[3,7,12,13,16,18,25,31,41,42,47,48],"ascension_level":1}}