{"host":"1zjc08c6hob33401","time":1611257869,"event":{"mods":["AchievementEnabler","Act Like it!","Aspiration","BaseMod","Downfall","Energized Spire","Evolution","Friendly Minions","Gensokyo","GifTheSpireLib","Hubris","Infinite Spire","Jedi Mod","Minty Spire (QoL Compilation)","Pale of the Ancients","Quick Restart","Replay The Spire","Retaliation","Shop Mod","Spire Arcade","StS++","StSLib","Stuff the Spire","The Blue Laboratory","Wandering Minibosses","vexMod","??????REMEMod"],"gold_per_floor":[11,11,11,30,30,30,14,14,14,14,14,14,32,57,57,71,71,176,176,176,176,176,136,136,136,60,60,60,60,60,60,60,60],"floor_reached":32,"language":"RUS","playtime":1380,"items_purged":["Injury"],"score":397,"play_id":"866705d6-b012-4d28-9f81-d0ba92df8ff6","local_time":"20210121213749","is_ascension_mode":true,"campfire_choices":[{"data":"Zap","floor":6.0,"key":"SMITH"},{"data":"StuffTheSpire:ForEach","floor":15.0,"key":"SMITH"},{"data":"Terror","floor":25.0,"key":"SMITH"},{"data":"Self Repair","floor":27.0,"key":"SMITH"}],"circlet_count":0,"master_deck":["AscendersBane","Rebound+1","Rebound","Rebound","Defend_B","Defend_B","Zap+1","Dualcast","Echo Form","Beam Cell","ReplayTheSpireMod:Reroute Power","Terror+1","jedi:unstablefumes","StSpp:StrikeFirst+1","StuffTheSpire:ForEach+1","Ball Lightning","Hello World","Lockon+1","StSpp:Saturation+1","jedi:locknload+1","Self Repair+1","StSpp:Converter","Genetic Algorithm","Tempest+1"],"relics":["Cracked Core","EVO:Axolotl","REME_ComplimentaryCards","hubris:BundleOfHerbs","ReplayTheSpireMod:Shallot","aspiration:EnhancedActuators","Pear","Letter Opener","Ectoplasm","Replay:Bottled Steam","InkBottle","aspiration:MysteriousAuxiliaryCore","Whetstone"],"acts_visited":["Gensokyo:Gensokyo","Gensokyo:Gensokyoer"],"potions_floor_usage":[],"damage_taken":[{"damage":14.0,"enemies":"Gensokyo:3_Fairies","floor":1.0,"turns":4.0},{"damage":0.0,"enemies":"Gensokyo:2_Kodama","floor":4.0,"turns":4.0},{"damage":15.0,"enemies":"Gensokyo:Python","floor":7.0,"turns":5.0},{"damage":10.0,"enemies":"Gensokyo:2_Rabbits","floor":13.0,"turns":4.0},{"damage":11.0,"enemies":"Gensokyo:Cirno","floor":14.0,"turns":5.0},{"damage":6.0,"enemies":"Gensokyo:Kitsune","floor":16.0,"turns":3.0},{"damage":44.0,"enemies":"Gensokyo:Reimu","floor":18.0,"turns":9.0},{"damage":5.0,"enemies":"Gensokyo:Chomper","floor":20.0,"turns":3.0},{"damage":31.0,"enemies":"Gensokyo:Reisen","floor":29.0,"turns":4.0},{"damage":8.0,"enemies":"Gensokyo:CosmicMonolith","floor":30.0,"turns":2.0},{"damage":15,"enemies":"Nightmare","floor":31,"turns":5},{"damage":37,"enemies":"Gensokyo:Wraith","floor":32,"turns":2}],"seed_played":"-1009013631804279901","potions_obtained":[{"floor":7.0,"key":"Ancient Potion"},{"floor":14.0,"key":"blueLaboratory:BottleOfVodka"},{"floor":16.0,"key":"hexamod:SoulburnPotion"},{"floor":20.0,"key":"CultistPotion"}],"is_trial":false,"path_per_floor":["M","?","T","M","?","R","M","$","T","PTL","PTL","?","M","E","R","M","R","B",null,"M","AVR","?","?","T","R","$","R","T","E","M","NM","M"],"character_chosen":"DEFECT","items_purchased":["Self Repair"],"campfire_rested":0,"item_purchase_floors":[26],"current_hp_per_floor":[54,54,54,54,54,54,45,45,45,45,45,40,36,31,31,25,50,6,65,60,60,60,60,60,60,60,60,60,49,51,36,0,0],"gold":60,"neow_bonus":"ONE_RARE_RELIC","is_daily":false,"chose_seed":false,"campfire_upgraded":4,"win_rate":0.0,"timestamp":1611257869,"path_taken":["M","?","?","M","?","R","?","$","T","PTL","PTL","?","?","E","R","M","R","BOSS","M","AVR","?","?","?","R","?","R","T","E","M","NM","?"],"items_purchased_type":["Card"],"build_version":"2020-12-22","purchased_purges":1,"victory":false,"max_hp_per_floor":[75,75,75,75,75,75,75,75,75,75,75,85,85,85,85,85,85,85,85,85,85,85,85,85,85,85,85,85,85,85,85,85,85],"card_choices":[{"not_picked":["Turbo","Coolheaded"],"picked":"Beam Cell","floor":1.0},{"not_picked":["Undo","Coolheaded"],"picked":"ReplayTheSpireMod:Reroute Power","floor":4.0},{"not_picked":["Rebound","Cold Snap"],"picked":"StuffTheSpire:ForEach","floor":7.0},{"not_picked":["Coolheaded","Redo"],"picked":"Ball Lightning","floor":13.0},{"not_picked":["Hologram","Panic Button"],"picked":"Hello World","floor":14.0},{"not_picked":["Cold Snap","Sweeping Beam"],"picked":"Lockon","floor":16.0},{"not_picked":["Echo Form","Rainbow"],"picked":"StSpp:Saturation","floor":18.0},{"not_picked":["Gash","Doom and Gloom"],"picked":"jedi:locknload+1","floor":20.0},{"not_picked":["jedi:BurstFrost+1","ReplayGash+1"],"picked":"StSpp:Converter","floor":29.0},{"not_picked":["Sweeping Beam+1","Blizzard"],"picked":"Genetic Algorithm","floor":30.0},{"not_picked":["Turbo","Storm"],"picked":"Tempest+1","floor":31}],"player_experience":648919,"relics_obtained":[{"floor":3.0,"key":"ReplayTheSpireMod:Shallot"},{"floor":9.0,"key":"aspiration:EnhancedActuators"},{"floor":14.0,"key":"Letter Opener"},{"floor":24.0,"key":"Replay:Bottled Steam"},{"floor":28.0,"key":"InkBottle"},{"floor":29.0,"key":"aspiration:MysteriousAuxiliaryCore"},{"floor":31,"key":"Whetstone"}],"event_choices":[],"is_beta":false,"boss_relics":[{"not_picked":["energizedSpire:RedRose","aspiration:Stellarator"],"picked":"Ectoplasm"}],"items_purged_floors":[21],"is_endless":false,"potions_floor_spawned":[7,14,16,20],"killed_by":"Gensokyo:Wraith","ascension_level":11}}