{"host":"obplhmlw33xb91v8","time":1611192171,"event":{"mods":["AchievementEnabler","BaseMod","Block Reminder","Curses Come First","Dio Mod","Evolution","Friendly Minions","HololiveMod","Koishi","Minty Spire (QoL Compilation)","Quick Restart","Reimu??????","Relic Stats","Remilia??????","Shop Mod","Spicy Shops","StSLib","The Alterego","The Gatherer","The IronCluck","The Servant 0.9.4","The Wild Card","TheSwordswoman","Uncapped","Waifu the Spire","Yakumo Yukari mod","Yohane!","Youmu??????","Yuyuko","egg"],"gold_per_floor":[115,3,18,18,18,18,31,60,108,125,75,90,118,130,130,226,226,244,7,24,123,134,163,174,13,38,38,53,68,96,96,96,199,199,209,209,209,4,16,36,70,70,123,148,148,201,201,215,215,215,215,215,12,43,43],"floor_reached":56,"language":"ENG","playtime":12230,"items_purged":["Koishi:BasicStrike","Koishi:BasicStrike"],"score":1382,"play_id":"e0a76348-440b-45bc-bbd6-0e595840e670","local_time":"20210120202251","is_ascension_mode":false,"campfire_choices":[{"data":"Koishi:Possession","floor":6.0,"key":"SMITH"},{"floor":15.0,"key":"REST"},{"floor":27,"key":"RECALL"},{"data":"Koishi:SilentAndRestless","floor":32,"key":"SMITH"},{"floor":45,"key":"REST"},{"floor":49,"key":"REST"},{"floor":52,"key":"REST"}],"circlet_count":0,"master_deck":["Koishi:BasicDefend+1","Koishi:BasicDefend","Koishi:BasicDefend","Koishi:Provoke","Koishi:HauntingSlash","Koishi:SubconsciousSweep","Koishi:YoukaiPolygraph","Koishi:Possession+1","Koishi:FleetingPhantom","Koishi:IdleWhim","Koishi:EmbersOfLove","Koishi:CatchAndRose","Koishi:StrangeCloudFist","Koishi:UnconsciousUprising","Koishi:SilentAndRestless+1","Koishi:JumpScare","Koishi:Jaunt","Koishi:FidgetySnatcher","Koishi:DreadfulBlow","Koishi:SubterraneanRose","Koishi:SuperEgo","Koishi:SubterraneanRose","Koishi:EmbryosDream+1","Koishi:YoukaiPolygraph+1","Koishi:Untouchable","Koishi:TremblingHands","Koishi:PhantomBarrier","Koishi:StrangeCloudFist+1","Koishi:DanmakuParanoia","Koishi:DanmakuParanoia","Koishi:ConditionedTeleport+1","Koishi:Heartbroken","Koishi:SubterraneanRose","Koishi:SprinkleStarAndHeart","Koishi:RacingHeart+1","Koishi:FidgetySnatcher+1","Koishi:DanmakuParanoia","Koishi:ParalyzingFear","Koishi:UnconsciousUprising","Koishi:MassHysteria","Koishi:SubterraneanRose+1","Koishi:TraumaticStroke+1","Koishi:Catatonia+1","Koishi:Vanish"],"relics":["Koishi:ImaginaryFriend","EVO:Axolotl","NeowsBlessing","HandDrill","PreservedInsect","Du-Vu Doll","Koishi:AHoleWhereASisterShouldBe","CrazyTorch:ReiMu","Sozu","Ice Cream","MealTicket","Smiling Mask","Membership Card","Potion Belt","Fusion Hammer","Juzu Bracelet","Koishi:TeethAndClaws","TentaclePot:ReiMu","Vajra","Bronze Scales","Omamori","Bird Faced Urn","War Paint","Orrery","Bottled Tornado"],"acts_visited":["Exordium","TheCity","TheBeyond","TheEnding"],"potions_floor_usage":[33],"damage_taken":[{"damage":0.0,"enemies":"Cultist","floor":1.0,"turns":1.0},{"damage":0.0,"enemies":"Jaw Worm","floor":3.0,"turns":1.0},{"damage":0.0,"enemies":"Small Slimes","floor":7.0,"turns":2.0},{"damage":17.0,"enemies":"3 Sentries","floor":8.0,"turns":6.0},{"damage":5.0,"enemies":"Looter","floor":10.0,"turns":4.0},{"damage":5.0,"enemies":"2 Fungi Beasts","floor":12.0,"turns":4.0},{"damage":16.0,"enemies":"Gremlin Nob","floor":13.0,"turns":4.0},{"damage":0.0,"enemies":"Exordium Wildlife","floor":14.0,"turns":3.0},{"damage":18.0,"enemies":"Slime Boss","floor":16.0,"turns":13.0},{"damage":5.0,"enemies":"Shell Parasite","floor":18.0,"turns":2.0},{"damage":0.0,"enemies":"3 Byrds","floor":20.0,"turns":4.0},{"damage":0.0,"enemies":"Centurion and Healer","floor":22.0,"turns":6.0},{"damage":0,"enemies":"Slavers","floor":23,"turns":3},{"damage":0,"enemies":"3 Cultists","floor":24,"turns":5},{"damage":2,"enemies":"Chosen and Byrds","floor":28,"turns":4},{"damage":0,"enemies":"Sentry and Sphere","floor":29,"turns":4},{"damage":4,"enemies":"Gremlin Leader","floor":30,"turns":4},{"damage":13,"enemies":"Automaton","floor":33,"turns":12},{"damage":0,"enemies":"3 Shapes","floor":35,"turns":3},{"damage":0,"enemies":"Orb Walker","floor":39,"turns":2},{"damage":0,"enemies":"Spire Growth","floor":40,"turns":3},{"damage":13,"enemies":"Reptomancer","floor":41,"turns":6},{"damage":0,"enemies":"Giant Head","floor":44,"turns":5},{"damage":32,"enemies":"2 Orb Walkers","floor":46,"turns":5},{"damage":0,"enemies":"Transient","floor":48,"turns":4},{"damage":17,"enemies":"Time Eater","floor":50,"turns":12},{"damage":0,"enemies":"Shield and Spear","floor":54,"turns":6},{"damage":58,"enemies":"The Heart","floor":55,"turns":8}],"seed_played":"5530558851879054922","potions_obtained":[{"floor":7.0,"key":"AttackPotion"},{"floor":10.0,"key":"Block Potion"},{"floor":12.0,"key":"Energy Potion"},{"floor":16.0,"key":"PowerPotion"}],"is_trial":false,"path_per_floor":["M","$","M","?","?","R","M","E","T","M","$","M","E","M","R","B",null,"M","$","M","?","M","E","M","$","T","R","M","M","E","?","R","B",null,"M","?","T","$","M","M","E","?","T","E","R","?","?","M","R","B",null,"R","$","E","B",null],"character_chosen":"KOISHI","items_purchased":["HandDrill","Koishi:YoukaiPolygraph","Koishi:Jaunt","Ice Cream","MealTicket","Koishi:FreudianInstinct","Membership Card","Koishi:TeethAndClaws","TentaclePot:ReiMu","War Paint","Orrery"],"campfire_rested":4,"item_purchase_floors":[2,2,11,19,19,25,25,38,38,53,53],"current_hp_per_floor":[60,60,60,48,48,48,48,32,32,29,29,27,14,18,36,20,60,58,58,60,60,60,60,60,60,60,60,60,60,60,60,60,52,60,60,60,60,60,60,60,51,51,51,56,60,30,30,46,60,48,60,60,60,60,15],"gold":43,"neow_bonus":"THREE_ENEMY_KILL","is_daily":false,"chose_seed":false,"campfire_upgraded":2,"win_rate":0.0,"timestamp":1611192171,"path_taken":["M","$","?","?","?","R","M","E","T","M","$","M","E","M","R","BOSS","M","$","M","?","M","E","M","$","T","R","M","M","E","?","R","BOSS","M","?","?","$","M","M","E","?","T","E","R","?","?","M","R","BOSS","R","$","E","BOSS"],"items_purchased_type":["Relic","Card","Card","Relic","Relic","Card","Relic","Relic","Relic","Relic","Relic"],"build_version":"2020-12-22","purchased_purges":2,"victory":true,"max_hp_per_floor":[60,60,60,60,60,60,60,60,60,60,60,60,60,60,60,60,60,60,60,60,60,60,60,60,60,60,60,60,60,60,60,60,60,60,60,60,60,60,60,60,60,60,60,60,60,60,60,60,60,60,60,60,60,60,60],"relic_stats":{"Sozu":10,"counters":[28,132],"Bronze Scales":[177],"Bird Faced Urn":[18],"MealTicket":0,"PreservedInsect":398,"HandDrill":[22],"Juzu Bracelet":1,"War Paint":["Koishi:ConditionedTeleport","Koishi:BasicDefend"],"Smiling Mask":25,"obtain_stats":[{"Ice Cream":19,"Vajra":41,"Juzu Bracelet":37,"EVO:Axolotl":0,"Bottled Tornado":54,"Smiling Mask":23,"Sozu":17,"MealTicket":19,"Koishi:AHoleWhereASisterShouldBe":9,"Fusion Hammer":34,"HandDrill":2,"Potion Belt":30,"NeowsBlessing":0,"TentaclePot:ReiMu":38,"PreservedInsect":4,"Koishi:TeethAndClaws":38,"Omamori":44,"War Paint":53,"Du-Vu Doll":8,"Bronze Scales":43,"Bird Faced Urn":46,"CrazyTorch:ReiMu":13,"Orrery":53,"Membership Card":25,"Koishi:ImaginaryFriend":0},{"Ice Cream":10,"Vajra":22,"Juzu Bracelet":19,"EVO:Axolotl":0,"Bottled Tornado":27,"Smiling Mask":13,"Sozu":9,"MealTicket":10,"Koishi:AHoleWhereASisterShouldBe":4,"Fusion Hammer":18,"HandDrill":1,"Potion Belt":17,"NeowsBlessing":0,"TentaclePot:ReiMu":19,"PreservedInsect":2,"Koishi:TeethAndClaws":19,"Omamori":23,"War Paint":26,"Du-Vu Doll":4,"Bronze Scales":22,"Bird Faced Urn":24,"CrazyTorch:ReiMu":7,"Orrery":26,"Membership Card":14,"Koishi:ImaginaryFriend":0},{"Ice Cream":38,"Vajra":94,"Juzu Bracelet":83,"EVO:Axolotl":0,"Bottled Tornado":125,"Smiling Mask":51,"Sozu":36,"MealTicket":38,"Koishi:AHoleWhereASisterShouldBe":9,"Fusion Hammer":80,"HandDrill":1,"Potion Belt":68,"NeowsBlessing":0,"TentaclePot:ReiMu":83,"PreservedInsect":2,"Koishi:TeethAndClaws":83,"Omamori":99,"War Paint":119,"Du-Vu Doll":9,"Bronze Scales":94,"Bird Faced Urn":103,"CrazyTorch:ReiMu":21,"Orrery":119,"Membership Card":56,"Koishi:ImaginaryFriend":0}]},"card_choices":[{"not_picked":["Koishi:HeartfeltFancy","Koishi:UnconsciousUrges"],"picked":"Koishi:SubconsciousSweep","floor":1.0},{"not_picked":["Koishi:HeartfeltFancy","Koishi:BloodcurdlingScream"],"picked":"Koishi:Possession","floor":3.0},{"not_picked":["Koishi:EmbryosDream","Koishi:PhantomStrike"],"picked":"Koishi:UnconsciousUprising","floor":7.0},{"not_picked":["Koishi:BloodcurdlingScream","Koishi:SpiritedAway"],"picked":"Koishi:SilentAndRestless","floor":8.0},{"not_picked":["Koishi:RacingHeart","Koishi:TremblingHands"],"picked":"Koishi:JumpScare","floor":10.0},{"not_picked":["Koishi:BloodcurdlingScream","Koishi:PhantomStrike"],"picked":"Koishi:FidgetySnatcher","floor":12.0},{"not_picked":["Koishi:GrowingPain","Koishi:RacingHeart"],"picked":"Koishi:DreadfulBlow","floor":13.0},{"not_picked":["Koishi:Jaunt","Koishi:RorschachInDanmaku"],"picked":"Koishi:SubterraneanRose","floor":14.0},{"not_picked":["Koishi:Ego","Koishi:ImGoingToCallYouNow"],"picked":"Koishi:SuperEgo","floor":16.0},{"not_picked":["Koishi:RacingHeart","Koishi:ReflexRadar"],"picked":"Koishi:SubterraneanRose","floor":18.0},{"not_picked":["Koishi:FleetingPhantom","Koishi:Vanish"],"picked":"Koishi:EmbryosDream+1","floor":20.0},{"not_picked":["Koishi:StrangeCloudFist","Koishi:EmbersOfLove"],"picked":"Koishi:YoukaiPolygraph+1","floor":22},{"not_picked":["Koishi:CatchAndRose","Koishi:EmbersOfLove"],"picked":"Koishi:Untouchable","floor":23},{"not_picked":["Koishi:BloodcurdlingScream","Koishi:StingingMind+1"],"picked":"Koishi:TremblingHands","floor":24},{"not_picked":["Koishi:UnansweredLove","Koishi:RollingInRichesHeart"],"picked":"Koishi:PhantomBarrier","floor":28},{"not_picked":["Koishi:PhantomStrike","Koishi:Jaunt"],"picked":"Koishi:StrangeCloudFist+1","floor":29},{"not_picked":["Koishi:UnansweredLove","Koishi:FreudianInstinct"],"picked":"Koishi:DanmakuParanoia","floor":30},{"not_picked":["Koishi:TerrifyingSpectre","Koishi:MindStellarRelief"],"picked":"Koishi:Heartbroken","floor":33},{"not_picked":["Koishi:ParalyzingFear","Koishi:EmbryosDream","Koishi:Jaunt"],"picked":"SKIP","floor":35},{"not_picked":["Koishi:UnconsciousUprising","Koishi:ApparitionsStalkTheNight"],"picked":"Koishi:SubterraneanRose","floor":39},{"not_picked":["Koishi:HeartfeltFancy","Koishi:RacingHeart","Koishi:UnansweredLove+1"],"picked":"SKIP","floor":40},{"not_picked":["Koishi:GeneticsOfTheUnconscious+1","Koishi:ReleaseOfTheId"],"picked":"Koishi:SprinkleStarAndHeart","floor":41},{"not_picked":["Koishi:CatchAndRose+1","Koishi:Jaunt"],"picked":"Koishi:RacingHeart+1","floor":44},{"not_picked":["Koishi:PhantomStrike+1","Koishi:MentalBreakdown"],"picked":"Koishi:FidgetySnatcher+1","floor":46},{"not_picked":["Koishi:FleetingPhantom+1","Koishi:PhantomBarrier"],"picked":"Koishi:ParalyzingFear","floor":48},{"not_picked":["Koishi:BloodcurdlingScream","Koishi:ReflexRadar"],"picked":"Koishi:UnconsciousUprising","floor":53},{"not_picked":["Koishi:SubterraneanRose","Koishi:GhostParty"],"picked":"Koishi:MassHysteria","floor":53},{"not_picked":["Koishi:CatchAndRose+1","Koishi:Jaunt"],"picked":"Koishi:SubterraneanRose+1","floor":53},{"not_picked":["Koishi:EmbersOfLove+1","Koishi:SuperEgo"],"picked":"Koishi:TraumaticStroke+1","floor":53},{"not_picked":["Koishi:EmbersOfLove","Koishi:HeartfeltFancy+1"],"picked":"Koishi:Catatonia+1","floor":53},{"not_picked":["Koishi:FourthEye+1","Koishi:GhostParty+1"],"picked":"Koishi:Vanish","floor":54}],"player_experience":238088,"relics_obtained":[{"floor":8.0,"key":"Du-Vu Doll"},{"floor":9.0,"key":"Koishi:AHoleWhereASisterShouldBe"},{"floor":13.0,"key":"CrazyTorch:ReiMu"},{"floor":23,"key":"Smiling Mask"},{"floor":30,"key":"Potion Belt"},{"floor":37,"key":"Juzu Bracelet"},{"floor":41,"key":"Vajra"},{"floor":43,"key":"Bronze Scales"},{"floor":44,"key":"Omamori"},{"floor":46,"key":"Bird Faced Urn"},{"floor":54,"key":"Bottled Tornado"}],"event_choices":[{"damage_healed":0.0,"max_hp_gain":0.0,"max_hp_loss":0.0,"gold_gain":0.0,"event_name":"Scrap Ooze","player_choice":"Success","floor":4.0,"gold_loss":0.0,"damage_taken":12.0,"relics_obtained":["PreservedInsect"]},{"damage_healed":0.0,"max_hp_gain":0.0,"max_hp_loss":0.0,"gold_gain":99.0,"event_name":"Nest","player_choice":"Stole From Cult","floor":21.0,"gold_loss":0.0,"damage_taken":0.0},{"damage_healed":0,"gold_gain":0,"cards_transformed":["Koishi:BasicStrike","Koishi:BasicDefend"],"player_choice":"Became Test Subject","damage_taken":0,"max_hp_gain":0,"max_hp_loss":0,"event_name":"Drug Dealer","floor":31,"gold_loss":0,"cards_obtained":["Koishi:DanmakuParanoia","Koishi:ConditionedTeleport"]},{"cards_removed":["Koishi:FreudianInstinct"],"damage_healed":0,"gold_gain":0,"player_choice":"Removed Power","damage_taken":0,"max_hp_gain":0,"max_hp_loss":0,"event_name":"Falling","floor":36,"gold_loss":0},{"damage_healed":0,"gold_gain":0,"player_choice":"Got Potions","damage_taken":0,"max_hp_gain":0,"max_hp_loss":0,"event_name":"Lab","floor":42,"gold_loss":0},{"damage_healed":0,"gold_gain":0,"player_choice":"Fight","damage_taken":0,"max_hp_gain":0,"max_hp_loss":0,"event_name":"Mysterious Sphere","floor":46,"gold_loss":0},{"damage_healed":0,"gold_gain":0,"cards_transformed":["Koishi:BasicStrike"],"player_choice":"Transformed","damage_taken":0,"max_hp_gain":0,"max_hp_loss":0,"event_name":"Transmorgrifier","floor":47,"gold_loss":0,"cards_obtained":["Koishi:DanmakuParanoia"]}],"is_beta":false,"boss_relics":[{"not_picked":["Astrolabe","Black Star"],"picked":"Sozu"},{"not_picked":["Cursed Key","Hololive_TopUpMoneyS"],"picked":"Fusion Hammer"}],"items_purged_floors":[25,53],"is_endless":false,"potions_floor_spawned":[7,10,12,16,22,23,28,39,40,48,54],"ascension_level":0}}