{"host":"1z4hbl9vfqrhg136","time":1611267032,"event":{"mods":["BaseMod","Minty Spire (QoL Compilation)"],"gold_per_floor":[118,147,70,99,126,126,170,170,170,191,191,191,191,200,200,283,283,312,341,31,76,1,37,46,46,46,70,119,155,155,176,176,259,268,289,36,36,45,66,66,66],"floor_reached":40,"language":"ENG","playtime":2654,"items_purged":["Strike_P"],"score":1023,"play_id":"3f441114-84ab-46e7-8253-da885dc8252a","local_time":"20210121221032","is_ascension_mode":true,"campfire_choices":[{"data":"Vigilance","floor":6.0,"key":"SMITH"},{"data":"Tantrum","floor":8.0,"key":"SMITH"},{"data":"CutThroughFate","floor":11.0,"key":"SMITH"},{"data":"Worship","floor":13.0,"key":"SMITH"},{"data":"SashWhip","floor":15.0,"key":"SMITH"},{"floor":25.0,"key":"REST"},{"floor":30.0,"key":"REST"},{"floor":32.0,"key":"RECALL"}],"circlet_count":0,"master_deck":["AscendersBane","Defend_P","Defend_P","Defend_P","Eruption","Vigilance+1","CutThroughFate+1","SashWhip+1","Tantrum+1","TalkToTheHand","FollowUp","Worship+1","FlurryOfBlows","ForeignInfluence","DeusExMachina","Conclude","Wireheading","Protect","Bite","Bite","Bite","Bite","Bite","Halt","J.A.X.","Wallop+1","Protect","EmptyFist","WaveOfTheHand","DevaForm","CurseOfTheBell","WindmillStrike","HandOfGreed","MentalFortress+1"],"relics":["PureWater","CeramicFish","TungstenRod","The Courier","Fusion Hammer","Anchor","StrikeDummy","Question Card","Damaru","Calling Bell","Oddly Smooth Stone","TeardropLocket","Calipers","Unceasing Top"],"acts_visited":["Exordium","TheCity","TheBeyond"],"potions_floor_usage":[35,35],"damage_taken":[{"damage":1.0,"enemies":"2 Louse","floor":1.0,"turns":3.0},{"damage":2.0,"enemies":"Small Slimes","floor":2.0,"turns":3.0},{"damage":2.0,"enemies":"Jaw Worm","floor":4.0,"turns":3.0},{"damage":9.0,"enemies":"Blue Slaver","floor":5.0,"turns":4.0},{"damage":20.0,"enemies":"3 Sentries","floor":7.0,"turns":4.0},{"damage":2.0,"enemies":"Exordium Wildlife","floor":10.0,"turns":4.0},{"damage":0.0,"enemies":"Slime Boss","floor":16.0,"turns":4.0},{"damage":0.0,"enemies":"3 Byrds","floor":18.0,"turns":4.0},{"damage":10.0,"enemies":"Spheric Guardian","floor":19.0,"turns":3.0},{"damage":32.0,"enemies":"Slavers","floor":23.0,"turns":3.0},{"damage":4.0,"enemies":"Snecko","floor":27.0,"turns":3.0},{"damage":16.0,"enemies":"Shelled Parasite and Fungi","floor":28.0,"turns":3.0},{"damage":2.0,"enemies":"Gremlin Leader","floor":29.0,"turns":5.0},{"damage":9.0,"enemies":"Snake Plant","floor":31.0,"turns":4.0},{"damage":13.0,"enemies":"Automaton","floor":33.0,"turns":8.0},{"damage":19,"enemies":"3 Darklings","floor":35,"turns":5},{"damage":41,"enemies":"3 Shapes","floor":39,"turns":5},{"damage":41,"enemies":"Reptomancer","floor":40,"turns":3}],"seed_played":"828407760667522961","potions_obtained":[{"floor":7.0,"key":"Ambrosia"},{"floor":10.0,"key":"Regen Potion"},{"floor":16.0,"key":"Fruit Juice"},{"floor":18.0,"key":"StancePotion"},{"floor":27.0,"key":"Energy Potion"},{"floor":29.0,"key":"EntropicBrew"}],"is_trial":false,"path_per_floor":["M","M","$","M","M","R","E","R","T","M","R","?","R","?","R","B",null,"M","M","$","?","?","E","?","R","T","M","M","E","R","M","R","B",null,"M","$","?","?","M","E"],"character_chosen":"WATCHER","items_purchased":["Tantrum","Anchor","Protect","Fruit Juice","Unceasing Top"],"campfire_rested":2,"item_purchase_floors":[3,20,20,20,36],"current_hp_per_floor":[60,58,58,56,47,47,27,27,27,25,25,25,25,25,25,37,60,65,55,55,51,51,23,23,44,44,42,32,36,52,51,51,50,55,41,41,41,41,8,0,0],"gold":66,"neow_bonus":"RANDOM_COMMON_RELIC","is_daily":false,"chose_seed":false,"campfire_upgraded":5,"win_rate":0.0,"timestamp":1611267032,"path_taken":["M","M","$","M","M","R","E","R","T","M","R","?","R","?","R","BOSS","M","M","$","?","?","E","?","R","T","M","M","E","R","M","R","BOSS","M","$","?","?","M","E"],"items_purchased_type":["Card","Relic","Card","Potion","Relic"],"build_version":"2020-12-22","purchased_purges":1,"victory":false,"max_hp_per_floor":[68,68,68,68,68,68,68,68,68,68,68,68,68,68,68,68,68,73,73,73,51,51,51,51,56,56,56,56,56,56,56,56,56,56,56,56,53,53,53,53,53],"card_choices":[{"not_picked":["JustLucky","Crescendo"],"picked":"CutThroughFate","floor":1.0},{"not_picked":["Halt","WreathOfFlame"],"picked":"SashWhip","floor":2.0},{"not_picked":["SashWhip","ForeignInfluence"],"picked":"TalkToTheHand","floor":4.0},{"not_picked":["Evaluate","JustLucky"],"picked":"FollowUp","floor":5.0},{"not_picked":["JustLucky","CarveReality"],"picked":"Worship","floor":7.0},{"not_picked":["Halt","ConjureBlade"],"picked":"FlurryOfBlows","floor":10.0},{"not_picked":["ConjureBlade","MasterReality"],"picked":"DeusExMachina","floor":16.0},{"not_picked":["ClearTheMind+1","Weave+1"],"picked":"Conclude","floor":18.0},{"not_picked":["MentalFortress","EmptyBody"],"picked":"Wireheading","floor":19.0},{"not_picked":["BattleHymn","Conclude"],"picked":"Halt","floor":23.0},{"not_picked":["LikeWater","Evaluate","FollowUp+1"],"picked":"Wallop+1","floor":27.0},{"not_picked":["Nirvana","DeceiveReality","JustLucky"],"picked":"Protect","floor":28.0},{"not_picked":["CrushJoints","ForeignInfluence","Study"],"picked":"EmptyFist","floor":29.0},{"not_picked":["BowlingBash","Alpha","ForeignInfluence"],"picked":"WaveOfTheHand","floor":31.0},{"not_picked":["MasterReality","Omniscience","DeusExMachina"],"picked":"DevaForm","floor":33.0},{"not_picked":["FollowUp","EmptyBody","WaveOfTheHand"],"picked":"WindmillStrike","floor":35},{"not_picked":["Panacea","Madness","Chrysalis"],"picked":"HandOfGreed","floor":38},{"not_picked":["Study","FearNoEvil","WreathOfFlame"],"picked":"MentalFortress+1","floor":39}],"player_experience":1906072,"relics_obtained":[{"floor":7.0,"key":"TungstenRod"},{"floor":9.0,"key":"The Courier"},{"floor":23.0,"key":"StrikeDummy"},{"floor":26.0,"key":"Question Card"},{"floor":29.0,"key":"Damaru"},{"floor":34,"key":"Oddly Smooth Stone"},{"floor":34,"key":"TeardropLocket"},{"floor":34,"key":"Calipers"}],"event_choices":[{"damage_healed":0.0,"max_hp_gain":0.0,"max_hp_loss":0.0,"gold_gain":0.0,"event_name":"Shining Light","player_choice":"Ignored","floor":12.0,"gold_loss":0.0,"damage_taken":0.0},{"damage_healed":0.0,"max_hp_gain":0.0,"max_hp_loss":0.0,"gold_gain":0.0,"cards_transformed":["Strike_P"],"event_name":"Living Wall","player_choice":"Change","floor":14.0,"gold_loss":0.0,"damage_taken":0.0,"cards_obtained":["ForeignInfluence"]},{"damage_healed":0.0,"max_hp_gain":0.0,"max_hp_loss":22.0,"gold_gain":0.0,"event_name":"Vampires","player_choice":"Became a vampire","floor":21.0,"gold_loss":0.0,"damage_taken":0.0,"cards_obtained":["Bite","Bite","Bite","Bite","Bite"]},{"cards_removed":["Defend_P"],"damage_healed":0.0,"max_hp_gain":0.0,"max_hp_loss":0.0,"gold_gain":0.0,"event_name":"Beggar","player_choice":"Gave Gold","floor":22.0,"gold_loss":75.0,"damage_taken":0.0},{"damage_healed":0.0,"max_hp_gain":0.0,"max_hp_loss":0.0,"gold_gain":0.0,"event_name":"Drug Dealer","player_choice":"Obtain J.A.X.","floor":24.0,"gold_loss":0.0,"damage_taken":0.0,"cards_obtained":["J.A.X."]},{"damage_healed":0,"gold_gain":0,"player_choice":"Max HP","damage_taken":0,"max_hp_gain":0,"max_hp_loss":3,"event_name":"Winding Halls","floor":37,"gold_loss":0},{"damage_healed":0,"gold_gain":0,"player_choice":"Memory 1","damage_taken":0,"max_hp_gain":0,"max_hp_loss":0,"event_name":"SensoryStone","floor":38,"gold_loss":0}],"is_beta":false,"boss_relics":[{"not_picked":["VioletLotus","Tiny House"],"picked":"Fusion Hammer"},{"not_picked":["Busted Crown","Coffee Dripper"],"picked":"Calling Bell"}],"items_purged_floors":[20],"is_endless":false,"potions_floor_spawned":[7,10,16,18,27,28,29],"killed_by":"Reptomancer","ascension_level":20}}