{"host":"dubvjd3hvlwuhjqk","time":1611231286,"event":{"mods":["AchievementEnabler","BaseMod","Better Match","Better Third Choice","BetterRewards","ChefMod","Colored Map","Colored Powertips","Conspire","Curses Come First","Downfall","Energized Spire","Googly Eyes","GungeonMod","Hermit","Hubris","Infinite Spire","JesterMod","Minty Spire (QoL Compilation)","Permanent Neow","Quick Restart","Robot Space Explorer","Shade Mod","Shop Mod","StSLib","The Bladedancer","The Cursed","The Hayseed","The Jungle","TheBandit","UnlockEverythingMod","egg"],"gold_per_floor":[20,40,40,54,69,96,108,54,54,4,33,33,50,50,50,145,145,157,157,157,157,167,192,207,234,234,234,234],"floor_reached":27,"language":"ENG","playtime":1678,"items_purged":["Decay"],"score":263,"play_id":"a21a39c9-c9ea-478d-9a08-514b58fca0a6","local_time":"20210121141446","is_ascension_mode":false,"campfire_choices":[{"data":"chefmod:RaidPantry","floor":12,"key":"SMITH"},{"floor":15,"key":"REST"}],"circlet_count":0,"master_deck":["chefmod:Strike","chefmod:Strike","chefmod:Strike","chefmod:Strike","chefmod:QuickThaw","chefmod:Defend","chefmod:Defend","chefmod:Defend","chefmod:TodaysSpecial","chefmod:OldCookbook","chefmod:IcePick","chefmod:FreshProduce","chefmod:KnifeFlurry","chefmod:RaidPantry+1","chefmod:HotSoup","chefmod:Gelato","chefmod:ColdSteel","chefmod:TastyDistraction","chefmod:Fillet","chefmod:DinoKale+1","chefmod:Granita+1","chefmod:Fillet","chefmod:ColdSteel"],"relics":["chefmod:TrustyPot","MealTicket","Happy Flower","conspire:DecoderRing","Black Star","Shuriken","hubris:CrackedHourglass","HornCleat","DemoMod:SerJunkan","Kunai","DemoMod:Junk","Pocketwatch"],"acts_visited":["Exordium","TheCity"],"potions_floor_usage":[5,16,18,25],"damage_taken":[{"damage":0,"enemies":"Small Slimes","floor":1,"turns":4},{"damage":0,"enemies":"Cultist","floor":2,"turns":5},{"damage":0,"enemies":"Jaw Worm","floor":4,"turns":3},{"damage":0,"enemies":"Looter","floor":5,"turns":4},{"damage":27,"enemies":"Lagavulin","floor":6,"turns":7},{"damage":6,"enemies":"Blue Slaver","floor":7,"turns":4},{"damage":29,"enemies":"3 Sentries","floor":11,"turns":8},{"damage":9,"enemies":"Large Slime","floor":13,"turns":5},{"damage":48,"enemies":"Hexaghost","floor":16,"turns":7},{"damage":13,"enemies":"Chosen","floor":18,"turns":6},{"damage":10,"enemies":"2 Thieves","floor":22,"turns":3},{"damage":45,"enemies":"Gremlin Leader","floor":23,"turns":7},{"damage":0,"enemies":"Snecko","floor":24,"turns":4},{"damage":16,"enemies":"Slavers","floor":25,"turns":6},{"damage":12,"enemies":"3 Cultists","floor":27,"turns":4}],"seed_played":"776380207524368716","potions_obtained":[{"floor":1,"key":"Strength Potion"},{"floor":2,"key":"Block Potion"},{"floor":3,"key":"Weak Potion"},{"floor":11,"key":"PowerPotion"}],"is_trial":false,"path_per_floor":["M","M","?","M","M","E","M","$","T","?","E","R","M","?","R","B",null,"M","AVR","T","?","M","E","M","E","T","M"],"character_chosen":"THE_CHEF","items_purchased":["chefmod:HotSoup"],"campfire_rested":1,"item_purchase_floors":[8],"current_hp_per_floor":[90,90,90,90,90,63,57,72,72,72,43,43,34,34,61,13,90,77,77,77,77,67,22,22,6,6,0,0],"gold":234,"neow_bonus":"TWENTY_PERCENT_HP_BONUS","is_daily":false,"chose_seed":false,"campfire_upgraded":1,"win_rate":0.0,"timestamp":1611231286,"path_taken":["M","M","?","?","M","E","M","$","T","?","E","R","M","?","R","BOSS","M","AVR","?","?","M","E","M","E","T","M"],"items_purchased_type":["Card"],"build_version":"2020-12-22","purchased_purges":1,"victory":false,"max_hp_per_floor":[90,90,90,90,90,90,90,90,90,90,90,90,90,90,90,90,90,90,90,90,90,90,90,90,90,90,90,90],"card_choices":[{"not_picked":["chefmod:FryPan","chefmod:SpaghettiCarbonara"],"picked":"chefmod:OldCookbook","floor":1},{"not_picked":["chefmod:Defrost","chefmod:Granita"],"picked":"chefmod:IcePick","floor":2},{"not_picked":["chefmod:OldCookbook","chefmod:FryPan"],"picked":"chefmod:FreshProduce","floor":4},{"not_picked":["chefmod:Gelato","chefmod:IcePick"],"picked":"chefmod:KnifeFlurry","floor":5},{"not_picked":["chefmod:CleanHouse","chefmod:FireUp","chefmod:VegetableTart"],"picked":"SKIP","floor":6},{"not_picked":["chefmod:FreshProduce","chefmod:FryPan"],"picked":"chefmod:RaidPantry","floor":7},{"not_picked":["chefmod:VegetableTart","chefmod:SliceAndDice"],"picked":"chefmod:Gelato","floor":11},{"not_picked":["chefmod:FireUp","chefmod:IcePick"],"picked":"chefmod:ColdSteel","floor":13},{"not_picked":["chefmod:CapreseSalad","chefmod:PrepCook"],"picked":"chefmod:TastyDistraction","floor":16},{"not_picked":["chefmod:BaoBuns","chefmod:ZaruSoba","chefmod:DinoKale+1"],"picked":"SKIP","floor":18},{"not_picked":["chefmod:SliceAndDice","chefmod:BaoBuns+1"],"picked":"chefmod:DinoKale+1","floor":22},{"not_picked":["chefmod:Sorbet","chefmod:Defrost+1"],"picked":"chefmod:Granita+1","floor":23},{"not_picked":["chefmod:OrderUp","chefmod:FryPan"],"picked":"chefmod:Fillet","floor":24},{"not_picked":["chefmod:BaoBuns+1","chefmod:SliceAndDice"],"picked":"chefmod:ColdSteel","floor":25}],"player_experience":87627,"relics_obtained":[{"floor":6,"key":"MealTicket"},{"floor":9,"key":"Happy Flower"},{"floor":11,"key":"conspire:DecoderRing"},{"floor":20,"key":"HornCleat"},{"floor":23,"key":"DemoMod:SerJunkan"},{"floor":23,"key":"Kunai"},{"floor":25,"key":"DemoMod:Junk"},{"floor":25,"key":"DemoMod:Junk"},{"floor":26,"key":"Pocketwatch"}],"event_choices":[{"damage_healed":0,"gold_gain":0,"player_choice":"Got Potions","damage_taken":0,"max_hp_gain":0,"max_hp_loss":0,"event_name":"Lab","floor":3,"gold_loss":0},{"cards_removed":["chefmod:Defend"],"damage_healed":0,"gold_gain":0,"player_choice":"Card Removal","damage_taken":0,"max_hp_gain":0,"max_hp_loss":0,"event_name":"The Cleric","floor":10,"gold_loss":50},{"damage_healed":0,"gold_gain":0,"player_choice":"Cursed","damage_taken":0,"max_hp_gain":0,"max_hp_loss":0,"event_name":"Wheel of Change","floor":14,"gold_loss":0,"cards_obtained":["Decay"]},{"damage_healed":0,"gold_gain":0,"player_choice":"Read","damage_taken":0,"max_hp_gain":0,"max_hp_loss":0,"event_name":"The Library","floor":21,"gold_loss":0,"cards_obtained":["chefmod:Fillet"]}],"is_beta":false,"boss_relics":[{"not_picked":["energizedSpire:OgreHead","Snecko Eye"],"picked":"Black Star"}],"items_purged_floors":[19],"is_endless":false,"potions_floor_spawned":[1,2,11],"killed_by":"3 Cultists","ascension_level":0}}