{"host":"0ueeacaatm8t6jyh","time":1611242678,"event":{"mods":["AchievementEnabler","BaseMod","Colored Powertips","Minty Spire (QoL Compilation)","Quick Restart","Rare Cards Sparkle","Shop Mod","StSLib"],"gold_per_floor":[115,115,115,134,134,177,8,24,47,90,90,129,156,156,156,246,246,271,283,373,408,420,468,501,526,538,591,161,205,205,205,205,303,303,317,341,174,190,190,225,225,265,265,157,157,157,495,559,559,559,559],"floor_reached":50,"language":"ZHS","playtime":900,"items_purged":[],"score":1400,"play_id":"6f92f7a2-1dc7-4468-8844-edca81bf2a39","local_time":"20210121232438","daily_mods":["Hoarder","Specialized","Heirloom","Elite Swarm"],"is_ascension_mode":true,"campfire_choices":[{"floor":11.0,"key":"REST"},{"floor":15.0,"key":"REST"},{"floor":32.0,"key":"REST"},{"floor":41.0,"key":"REST"},{"floor":46.0,"key":"REST"},{"floor":49,"key":"REST"}],"circlet_count":0,"master_deck":["AscendersBane","Strike_R","Strike_R","Strike_R","Strike_R","Defend_R","Defend_R","Defend_R","Bash","Perfected Strike","Perfected Strike","Perfected Strike","Perfected Strike","Perfected Strike","Perfected Strike","Perfected Strike","Perfected Strike","Perfected Strike","Perfected Strike","Perfected Strike","Perfected Strike","Perfected Strike","Perfected Strike","Perfected Strike","Perfected Strike","Perfected Strike","Perfected Strike"],"relics":["Burning Blood","Charon\u0027s Ashes","Golden Idol","Bag of Preparation","Omamori","Happy Flower","Potion Belt","Anchor","Blood Vial","Calling Bell","MawBank","Pantograph","Gambling Chip","Blue Candle","Art of War","Meat on the Bone","Toxic Egg 2","CeramicFish","Mercury Hourglass","Juzu Bracelet","SacredBark","ClockworkSouvenir","Mummified Hand","Ancient Tea Set","Thread and Needle","Old Coin","Dead Branch"],"acts_visited":["Exordium","TheCity","TheBeyond"],"potions_floor_usage":[47,50,50],"damage_taken":[{"damage":0.0,"enemies":"Jaw Worm","floor":1.0,"turns":1.0},{"damage":0.0,"enemies":"Small Slimes","floor":4.0,"turns":2.0},{"damage":30.0,"enemies":"Lagavulin","floor":6.0,"turns":5.0},{"damage":0.0,"enemies":"2 Louse","floor":8.0,"turns":2.0},{"damage":0.0,"enemies":"Gremlin Nob","floor":10.0,"turns":2.0},{"damage":0.0,"enemies":"Lagavulin","floor":12.0,"turns":2.0},{"damage":33.0,"enemies":"The Guardian","floor":16.0,"turns":5.0},{"damage":15.0,"enemies":"3 Byrds","floor":18.0,"turns":4.0},{"damage":0.0,"enemies":"Chosen","floor":21.0,"turns":3.0},{"damage":30.0,"enemies":"Book of Stabbing","floor":23.0,"turns":3.0},{"damage":0.0,"enemies":"Snake Plant","floor":24.0,"turns":2.0},{"damage":0.0,"enemies":"Centurion and Healer","floor":25.0,"turns":4.0},{"damage":14.0,"enemies":"Slavers","floor":27.0,"turns":3.0},{"damage":5.0,"enemies":"Gremlin Leader","floor":29.0,"turns":2.0},{"damage":67.0,"enemies":"Automaton","floor":33.0,"turns":6.0},{"damage":1.0,"enemies":"Orb Walker","floor":35.0,"turns":2.0},{"damage":8.0,"enemies":"3 Shapes","floor":36.0,"turns":3.0},{"damage":23.0,"enemies":"Transient","floor":38.0,"turns":6.0},{"damage":46.0,"enemies":"Nemesis","floor":40.0,"turns":3.0},{"damage":8.0,"enemies":"Reptomancer","floor":42.0,"turns":2.0},{"damage":84,"enemies":"Giant Head","floor":47,"turns":6},{"damage":23,"enemies":"2 Orb Walkers","floor":48,"turns":3},{"damage":83,"enemies":"Awakened One","floor":50,"turns":4}],"seed_played":"-3079356419154203236","potions_obtained":[{"floor":1.0,"key":"Ancient Potion"},{"floor":4.0,"key":"ColorlessPotion"},{"floor":12.0,"key":"AttackPotion"},{"floor":23.0,"key":"LiquidMemories"},{"floor":33.0,"key":"LiquidMemories"},{"floor":47,"key":"SneckoOil"},{"floor":48,"key":"AttackPotion"}],"is_trial":true,"path_per_floor":["M","?","$","M","?","E","$","M","T","E","R","E","T","$","R","B",null,"M","?","T","M","$","E","M","M","T","E","$","E","?","?","R","B",null,"M","M","$","M","?","E","R","E","T","$","?","R","E","?","R","B"],"character_chosen":"IRONCLAD","items_purchased":["Omamori","CeramicFish","Mercury Hourglass","ClockworkSouvenir","FairyPotion"],"campfire_rested":6,"item_purchase_floors":[7,28,28,37,44],"current_hp_per_floor":[74,48,48,54,47,23,23,29,29,35,57,63,63,63,75,48,68,61,61,61,69,69,47,55,63,63,57,57,60,56,56,75,26,63,70,70,70,55,55,29,50,50,50,50,50,71,48,45,66,0,0],"gold":559,"neow_bonus":"","is_daily":false,"chose_seed":false,"campfire_upgraded":0,"win_rate":0.0,"timestamp":1611242678,"path_taken":["M","?","$","M","?","E","?","M","T","E","R","E","?","$","R","BOSS","M","?","?","M","$","E","M","?","T","E","$","E","?","?","R","BOSS","M","M","$","M","?","E","R","E","T","$","?","R","E","?","R","BOSS"],"items_purchased_type":["Relic","Relic","Relic","Relic","Potion"],"build_version":"2020-12-22","purchased_purges":0,"victory":false,"max_hp_per_floor":[75,75,75,75,75,75,75,75,75,75,75,75,75,75,75,75,75,75,75,75,75,75,75,75,75,75,75,75,75,75,75,75,75,75,75,75,75,75,71,71,71,71,71,71,71,71,71,71,71,71,71],"card_choices":[{"not_picked":["Battle Trance","True Grit","Twin Strike"],"picked":"SKIP","floor":1.0},{"not_picked":["Entrench","Havoc","Headbutt"],"picked":"SKIP","floor":4.0},{"not_picked":["Limit Break","Double Tap","Bludgeon"],"picked":"SKIP","floor":6.0},{"not_picked":["Shrug It Off","Armaments"],"picked":"Perfected Strike","floor":8.0},{"not_picked":["Fiend Fire","Feed","Immolate"],"picked":"SKIP","floor":10.0},{"not_picked":["Corruption","Reaper","Bludgeon"],"picked":"SKIP","floor":12.0},{"not_picked":["Sword Boomerang","Shrug It Off","Clash+1"],"picked":"SKIP","floor":18.0},{"not_picked":["Heavy Blade+1","Reckless Charge","Spot Weakness"],"picked":"SKIP","floor":21.0},{"not_picked":["Juggernaut","Reaper","Demon Form"],"picked":"SKIP","floor":23.0},{"not_picked":["Anger+1","Pommel Strike","Hemokinesis"],"picked":"SKIP","floor":24.0},{"not_picked":["Body Slam","Ghostly Armor","Thunderclap"],"picked":"SKIP","floor":25.0},{"not_picked":["Impervious+1","Barricade","Juggernaut"],"picked":"SKIP","floor":27.0},{"not_picked":["Demon Form","Feed","Impervious+1"],"picked":"SKIP","floor":29.0},{"not_picked":["Dual Wield+1","Pummel","Clothesline"],"picked":"SKIP","floor":35.0},{"not_picked":["Iron Wave+1","Clash","True Grit+1"],"picked":"SKIP","floor":36.0},{"not_picked":["Pommel Strike","Sever Soul","Fiend Fire"],"picked":"SKIP","floor":38.0},{"not_picked":["Corruption","Bludgeon","Fiend Fire"],"picked":"SKIP","floor":40.0},{"not_picked":["Feed","Double Tap+1","Bludgeon"],"picked":"SKIP","floor":42.0},{"not_picked":["Reaper","Corruption","Exhume+1"],"picked":"SKIP","floor":47}],"player_experience":444396,"relics_obtained":[{"floor":6.0,"key":"Bag of Preparation"},{"floor":9.0,"key":"Happy Flower"},{"floor":10.0,"key":"Potion Belt"},{"floor":12.0,"key":"Anchor"},{"floor":13.0,"key":"Blood Vial"},{"floor":17.0,"key":"MawBank"},{"floor":17.0,"key":"Pantograph"},{"floor":17.0,"key":"Gambling Chip"},{"floor":20.0,"key":"Blue Candle"},{"floor":23.0,"key":"Art of War"},{"floor":26.0,"key":"Meat on the Bone"},{"floor":27.0,"key":"Toxic Egg 2"},{"floor":29.0,"key":"Juzu Bracelet"},{"floor":40.0,"key":"Mummified Hand"},{"floor":42.0,"key":"Ancient Tea Set"},{"floor":43.0,"key":"Thread and Needle"},{"floor":47,"key":"Old Coin"},{"floor":48,"key":"Dead Branch"}],"event_choices":[{"damage_healed":0.0,"max_hp_gain":0.0,"max_hp_loss":0.0,"gold_gain":0.0,"event_name":"Golden Idol","player_choice":"Take Damage","floor":2.0,"gold_loss":0.0,"damage_taken":26.0,"relics_obtained":["Golden Idol"]},{"cards_removed":["Strike_R"],"damage_healed":0.0,"max_hp_gain":0.0,"max_hp_loss":0.0,"gold_gain":0.0,"event_name":"Golden Wing","player_choice":"Card Removal","floor":5.0,"gold_loss":0.0,"damage_taken":7.0},{"damage_healed":0.0,"max_hp_gain":0.0,"max_hp_loss":0.0,"gold_gain":0.0,"event_name":"The Woman in Blue","player_choice":"Bought 0 Potions","floor":30.0,"gold_loss":0.0,"damage_taken":0.0},{"damage_healed":0.0,"max_hp_gain":0.0,"max_hp_loss":0.0,"gold_gain":0.0,"event_name":"Lab","player_choice":"Got Potions","floor":31.0,"gold_loss":0.0,"damage_taken":0.0},{"damage_healed":0.0,"max_hp_gain":0.0,"max_hp_loss":4.0,"gold_gain":0.0,"event_name":"Winding Halls","player_choice":"Max HP","floor":39.0,"gold_loss":0.0,"damage_taken":0.0},{"cards_removed":["Defend_R"],"damage_healed":0.0,"max_hp_gain":0.0,"max_hp_loss":0.0,"gold_gain":0.0,"event_name":"Falling","player_choice":"Removed Skill","floor":45.0,"gold_loss":0.0,"damage_taken":0.0},{"damage_healed":0,"gold_gain":0,"player_choice":"Fight","damage_taken":0,"max_hp_gain":0,"max_hp_loss":0,"event_name":"Mysterious Sphere","floor":48,"gold_loss":0}],"is_beta":false,"boss_relics":[{"not_picked":["Busted Crown","Runic Dome"],"picked":"Calling Bell"},{"not_picked":["Tiny House","Coffee Dripper"],"picked":"SacredBark"}],"items_purged_floors":[],"is_endless":true,"potions_floor_spawned":[1,4,12,23,27,33,36,47,48],"killed_by":"Awakened One","ascension_level":20}}