{"host":"BinaryLev","time":1611246435,"event":{"mods":["BaseMod","Colored Map","Colored Powertips","Conspire","DeckTracker","Downfall","Highlight Path","Infinite Spire","Minty Spire (QoL Compilation)","Quick Restart","Random Character Button","Relic Sorter","Relic Stats","StSLib","The Blue Laboratory"],"gold_per_floor":[112,112,130,130,186,186,196,196,222,234,234,246,246,264,264,369,369,380,396,44,44,63,63,63,82,109,121,121,121,133,133,133,230,230,247,297,308,353,378,378,35,35,113,113,126,154,154,154,154,259,259,274,274,274,288,297,316,329,329,355,355,371,371,387,387,387,465,465,480,495,513,523,532,532,547,73,96,96,125,125,125,145,145,231,231,243,267,272,263,43,43,69,69,93,102,115,115,132,149,149,130,130],"floor_reached":101,"language":"ENG","playtime":3645,"items_purged":[],"score":1585,"play_id":"72586253-1e49-4709-af2b-18596061a049","local_time":"20210121212715","is_ascension_mode":false,"campfire_choices":[{"data":"Underhanded Strike","floor":6.0,"key":"SMITH"},{"data":"Acrobatics","floor":13.0,"key":"SMITH"},{"data":"Finisher","floor":15.0,"key":"SMITH"},{"data":"After Image","floor":24.0,"key":"SMITH"},{"data":"Mind Blast","floor":28.0,"key":"SMITH"},{"data":"infinitespire:Starlight","floor":32.0,"key":"SMITH"},{"data":"Tools of the Trade","floor":40.0,"key":"SMITH"},{"data":"infinitespire:Gouge","floor":42.0,"key":"SMITH"},{"data":"Blur","floor":44.0,"key":"SMITH"},{"data":"Master of Strategy","floor":49.0,"key":"SMITH"},{"data":"Crippling Poison","floor":59.0,"key":"SMITH"},{"data":"Escape Plan","floor":61.0,"key":"SMITH"},{"data":"Backstab","floor":63.0,"key":"SMITH"},{"data":"Backstab","floor":66.0,"key":"SMITH"},{"data":"Adrenaline","floor":74.0,"key":"SMITH"},{"data":"Crippling Poison","floor":78.0,"key":"SMITH"},{"data":"Tactician","floor":83.0,"key":"SMITH"},{"data":"Adrenaline","floor":91.0,"key":"SMITH"},{"data":"Noxious Fumes","floor":93.0,"key":"SMITH"},{"data":"Footwork","floor":97,"key":"SMITH"},{"data":"Riddle With Holes","floor":100,"key":"SMITH"}],"circlet_count":0,"master_deck":["Strike_G","Strike_G","Strike_G","Strike_G","Strike_G","Defend_G","Defend_G","Defend_G","Defend_G","Survivor","Neutralize+1","Underhanded Strike+1","Dash+1","Well Laid Plans+1","Acrobatics+1","Finisher+1","After Image+1","Quick Slash","Prepared","Backflip","Backstab+1","Neutralize","Mind Blast+1","Caltrops+1","Prepared","Heel Hook+1","infinitespire:Starlight+1","infinitespire:Gouge+1","Tools of the Trade+1","Dodge and Roll+1","Underhanded Strike+1","Tactician+1","Expertise+1","Backstab+1","Blur+1","Dagger Spray+1","Sucker Punch+1","Master of Strategy+1","Die Die Die+1","Crippling Poison+1","Leg Sweep","Bane","Escape Plan+1","Backstab+1","Noxious Fumes+1","Adrenaline+1","Reflex+1","Footwork+1","Acrobatics+1","Tactician","Riddle With Holes+1","PiercingWail+1","Tactician+1","Crippling Poison+1","Quick Slash+1","Flying Knee","Adrenaline+1","Slice+1","Dodge and Roll+1","Sucker Punch+1","Outmaneuver+1","Defend_R","Dagger Throw+1","Heel Hook+1","Terror+1"],"relics":["Ring of the Snake","Calipers","Medical Kit","Pen Nib","Regal Pillow","Bag of Marbles","expansioncontent:StudyCardRelic","PreservedInsect","conspire:TopHat","MutagenicStrength","Incense Burner","Ring of the Serpent","conspire:RoyalGoblet","StoneCalendar","Orichalcum","Darkstone Periapt","infinitespire:Satchel","conspire:SlowCooker","Tiny Chest","infinitespire:Bottled Soul","CeramicFish","Potion Belt","conspire:TreasureMap","Happy Flower","Snake Skull","infinitespire:CheckeredPen","WristBlade","Bronze Scales","Art of War","Ancient Tea Set"],"acts_visited":["Exordium","TheCity","TheBeyond","Exordium","TheCity","TheBeyond"],"potions_floor_usage":[96,99,99,101,101],"damage_taken":[{"damage":0.0,"enemies":"2 Louse","floor":1.0,"turns":3.0},{"damage":2.0,"enemies":"Small Slimes","floor":3.0,"turns":3.0},{"damage":0.0,"enemies":"conspire:RoseBush","floor":7.0,"turns":2.0},{"damage":0.0,"enemies":"3 Louse","floor":10.0,"turns":3.0},{"damage":0.0,"enemies":"Looter","floor":12.0,"turns":2.0},{"damage":8.0,"enemies":"Lots of Slimes","floor":14.0,"turns":4.0},{"damage":4.0,"enemies":"The Guardian","floor":16.0,"turns":9.0},{"damage":1.0,"enemies":"Shell Parasite","floor":18.0,"turns":4.0},{"damage":0.0,"enemies":"Chosen","floor":19.0,"turns":4.0},{"damage":0.0,"enemies":"conspire:HollyBat","floor":22.0,"turns":8.0},{"damage":1.0,"enemies":"Snecko","floor":25.0,"turns":4.0},{"damage":4.0,"enemies":"Shelled Parasite and Fungi","floor":27.0,"turns":4.0},{"damage":6.0,"enemies":"conspire:HollyBat","floor":30.0,"turns":7.0},{"damage":9.0,"enemies":"conspire:MysteriousRune","floor":33.0,"turns":7.0},{"damage":4.0,"enemies":"3 Darklings","floor":35.0,"turns":4.0},{"damage":6.0,"enemies":"Mind Bloom Boss Battle","floor":36.0,"turns":5.0},{"damage":0.0,"enemies":"Orb Walker","floor":37.0,"turns":2.0},{"damage":20.0,"enemies":"2 Orb Walkers","floor":38.0,"turns":5.0},{"damage":9.0,"enemies":"conspire:MimicChest","floor":39.0,"turns":4.0},{"damage":0.0,"enemies":"Transient","floor":45.0,"turns":5.0},{"damage":39.0,"enemies":"Nightmare","floor":46.0,"turns":7.0},{"damage":29.0,"enemies":"Awakened One","floor":50.0,"turns":11.0},{"damage":0.0,"enemies":"Small Slimes","floor":52.0,"turns":1.0},{"damage":0.0,"enemies":"Cultist","floor":55.0,"turns":1.0},{"damage":0.0,"enemies":"Jaw Worm","floor":56.0,"turns":1.0},{"damage":0.0,"enemies":"3 Sentries","floor":57.0,"turns":3.0},{"damage":0.0,"enemies":"Large Slime","floor":58.0,"turns":1.0},{"damage":0.0,"enemies":"Blue Slaver","floor":62.0,"turns":1.0},{"damage":0.0,"enemies":"3 Louse","floor":64.0,"turns":1.0},{"damage":29.0,"enemies":"Hexaghost","floor":67.0,"turns":4.0},{"damage":15.0,"enemies":"2 Thieves","floor":69.0,"turns":2.0},{"damage":0.0,"enemies":"Shell Parasite","floor":70.0,"turns":1.0},{"damage":0.0,"enemies":"Snake Plant","floor":71.0,"turns":1.0},{"damage":6.0,"enemies":"Centurion and Healer","floor":72.0,"turns":2.0},{"damage":0.0,"enemies":"Cultist and Chosen","floor":73.0,"turns":3.0},{"damage":7.0,"enemies":"Shelled Parasite and Fungi","floor":75.0,"turns":2.0},{"damage":0.0,"enemies":"Book of Stabbing","floor":79.0,"turns":1.0},{"damage":0.0,"enemies":"Snake Plant","floor":82.0,"turns":1.0},{"damage":2.0,"enemies":"Collector","floor":84.0,"turns":4.0},{"damage":0.0,"enemies":"3 Shapes","floor":86.0,"turns":2.0},{"damage":0.0,"enemies":"Orb Walker","floor":87.0,"turns":1.0},{"damage":2.0,"enemies":"Writhing Mass","floor":88.0,"turns":3.0},{"damage":0.0,"enemies":"Maw","floor":89.0,"turns":6.0},{"damage":0,"enemies":"Sphere and 2 Shapes","floor":96,"turns":2},{"damage":0,"enemies":"Jaw Worm Horde","floor":98,"turns":1},{"damage":0,"enemies":"Spire Growth","floor":99,"turns":2},{"damage":72,"enemies":"Awakened One","floor":101,"turns":3}],"seed_played":"4053438992367521811","potions_obtained":[{"floor":3.0,"key":"PowerPotion"},{"floor":10.0,"key":"champ:CounterPotion"},{"floor":14.0,"key":"SpeedPotion"},{"floor":16.0,"key":"blueLaboratory:HummingbirdPotion"},{"floor":18.0,"key":"blueLaboratory:FrostheartPotion"},{"floor":19.0,"key":"Ancient Potion"},{"floor":39.0,"key":"blueLaboratory:PhilterOfMotion"},{"floor":45.0,"key":"Energy Potion"},{"floor":46.0,"key":"Strength Potion"},{"floor":50.0,"key":"blueLaboratory:ExaltedPotion"},{"floor":55.0,"key":"Poison Potion"},{"floor":62.0,"key":"DuplicationPotion"},{"floor":67.0,"key":"DuplicationPotion"},{"floor":69.0,"key":"blueLaboratory:BottleOfVodka"},{"floor":72.0,"key":"blueLaboratory:NullPotion"},{"floor":75.0,"key":"blueLaboratory:NinjaPotion"},{"floor":82.0,"key":"blueLaboratory:EnvenomedCoating"},{"floor":89.0,"key":"blueLaboratory:BubblePotion"},{"floor":96,"key":"AttackPotion"},{"floor":99,"key":"blueLaboratory:BottledHope"}],"is_trial":false,"path_per_floor":["M","?","M","?","?","R","M","?","T","M","?","M","R","M","R","B",null,"M","M","$","?","M","?","R","M","T","M","R","?","M","AVR","R","B",null,"M","?","M","?","?","R","$","R","T","R","M","NM","?","?","R","B",null,"M","?","?","M","M","E","M","R","T","R","M","R","M","T","R","B",null,"M","M","M","M","M","R","M","$","T","R","E","?","?","M","R","B",null,"M","M","M","M","$","R","T","R","T","?","M","R","M","M","R","B"],"character_chosen":"THE_SILENT","items_purchased":["PreservedInsect","Backflip","Backstab","blueLaboratory:HummingbirdPotion","Medical Kit","Orichalcum","Blur","blueLaboratory:FrostheartPotion","conspire:TreasureMap","Happy Flower","Tactician","Crippling Poison","Bronze Scales","blueLaboratory:CorrosionFlask"],"campfire_rested":0,"item_purchase_floors":[20,20,20,20,41,41,41,76,76,76,76,76,90,90],"current_hp_per_floor":[70,70,68,68,68,68,68,68,68,68,68,68,68,60,60,56,70,69,69,69,69,69,69,69,68,68,64,64,64,58,58,58,64,70,66,60,60,40,46,46,46,46,46,46,61,37,37,37,37,23,70,70,63,63,70,70,70,70,70,70,70,70,70,70,70,70,56,70,55,55,55,49,49,49,42,42,42,42,42,42,42,42,42,40,70,70,70,68,68,68,68,68,68,68,68,68,68,68,68,68,0,0],"gold":130,"neow_bonus":"UPGRADE_CARD","is_daily":false,"chose_seed":false,"campfire_upgraded":21,"win_rate":0.0,"timestamp":1611246435,"path_taken":["M","?","M","?","?","R","M","?","T","?","?","M","R","M","R","BOSS","M","M","$","?","?","?","R","M","T","M","R","?","M","AVR","R","BOSS","M","?","M","?","?","R","$","R","T","R","M","NM","?","?","R","BOSS","M","?","?","M","?","E","?","R","T","R","M","R","M","?","R","BOSS","M","M","M","M","?","R","M","$","T","R","E","?","?","M","R","BOSS","M","M","M","M","$","R","?","R","T","?","M","R","M","?","R","BOSS"],"items_purchased_type":["Relic","Card","Card","Potion","Relic","Relic","Card","Potion","Relic","Relic","Card","Card","Relic","Potion"],"build_version":"2020-12-18","purchased_purges":0,"victory":false,"max_hp_per_floor":[70,70,70,70,70,70,70,70,70,70,70,70,70,70,70,70,70,70,70,70,70,70,70,70,70,70,70,70,70,70,70,70,70,70,70,70,70,70,70,70,70,70,70,70,70,70,70,70,70,70,70,70,70,70,70,70,70,70,70,70,70,70,70,70,70,70,70,70,70,70,70,70,70,70,70,70,70,70,70,70,70,70,70,70,70,70,70,70,70,70,70,70,70,70,70,70,70,70,70,70,70,70],"relic_stats":{"Darkstone Periapt":0,"Regal Pillow":0,"Happy Flower":[8],"counters":[47,157],"CeramicFish":207,"StoneCalendar":[52],"Pen Nib":[23],"PreservedInsect":201,"Snake Skull":[16],"Orichalcum":[6],"Medical Kit":[0],"Bronze Scales":[15],"Tiny Chest":2,"Art of War":[0],"obtain_stats":[{"Darkstone Periapt":43,"Regal Pillow":8,"Calipers":38,"conspire:RoyalGoblet":34,"CeramicFish":60,"StoneCalendar":36,"Snake Skull":77,"expansioncontent:StudyCardRelic":17,"Incense Burner":31,"Ancient Tea Set":94,"conspire:TopHat":26,"WristBlade":85,"infinitespire:Bottled Soul":57,"Tiny Chest":53,"Ring of the Snake":0,"Potion Belt":65,"conspire:TreasureMap":76,"Happy Flower":76,"PreservedInsect":20,"Pen Nib":39,"conspire:SlowCooker":51,"infinitespire:CheckeredPen":79,"Orichalcum":41,"Medical Kit":41,"MutagenicStrength":29,"Bronze Scales":90,"infinitespire:Satchel":46,"Bag of Marbles":9,"Art of War":92,"Ring of the Serpent":31},{"Darkstone Periapt":19,"Regal Pillow":3,"Calipers":18,"conspire:RoyalGoblet":14,"CeramicFish":27,"StoneCalendar":16,"Snake Skull":36,"expansioncontent:StudyCardRelic":7,"Incense Burner":13,"Ancient Tea Set":43,"conspire:TopHat":11,"WristBlade":39,"infinitespire:Bottled Soul":26,"Tiny Chest":23,"Ring of the Snake":0,"Potion Belt":29,"conspire:TreasureMap":36,"Happy Flower":36,"PreservedInsect":9,"Pen Nib":19,"conspire:SlowCooker":22,"infinitespire:CheckeredPen":37,"Orichalcum":19,"Medical Kit":19,"MutagenicStrength":12,"Bronze Scales":43,"infinitespire:Satchel":21,"Bag of Marbles":3,"Art of War":43,"Ring of the Serpent":13},{"Darkstone Periapt":84,"Regal Pillow":8,"Calipers":80,"conspire:RoyalGoblet":64,"CeramicFish":114,"StoneCalendar":73,"Snake Skull":131,"expansioncontent:StudyCardRelic":26,"Incense Burner":57,"Ancient Tea Set":149,"conspire:TopHat":46,"WristBlade":137,"infinitespire:Bottled Soul":113,"Tiny Chest":108,"Ring of the Snake":0,"Potion Belt":116,"conspire:TreasureMap":131,"Happy Flower":131,"PreservedInsect":34,"Pen Nib":84,"conspire:SlowCooker":107,"infinitespire:CheckeredPen":132,"Orichalcum":84,"Medical Kit":84,"MutagenicStrength":50,"Bronze Scales":149,"infinitespire:Satchel":96,"Bag of Marbles":8,"Art of War":149,"Ring of the Serpent":57}],"Ring of the Snake":[94]},"card_choices":[{"not_picked":["Eviscerate","Tactician"],"picked":"Underhanded Strike","floor":1.0},{"not_picked":["Bane","conspire:DoublingDagger"],"picked":"Dash","floor":3.0},{"not_picked":["Skewer","Deflect"],"picked":"Well Laid Plans","floor":7.0},{"not_picked":["Bane","Prepared","PiercingWail"],"picked":"SKIP","floor":10.0},{"not_picked":["Backflip","Dagger Spray"],"picked":"Acrobatics","floor":12.0},{"not_picked":["Poisoned Stab","Catalyst"],"picked":"Finisher","floor":14.0},{"not_picked":["Die Die Die","Malaise"],"picked":"After Image","floor":16.0},{"not_picked":["Cloak And Dagger","Deadly Poison"],"picked":"Quick Slash","floor":18.0},{"not_picked":["Infinite Blades","Flying Knee"],"picked":"Prepared","floor":19.0},{"not_picked":["Dodge and Roll","Cloak And Dagger","Skewer"],"picked":"SKIP","floor":22.0},{"not_picked":["Blur","Acrobatics"],"picked":"Caltrops+1","floor":25.0},{"not_picked":["Dodge and Roll","Terror"],"picked":"Prepared","floor":27.0},{"not_picked":["PiercingWail","Finisher"],"picked":"Heel Hook+1","floor":30.0},{"not_picked":["infinitespire:Neurotoxin","Unload"],"picked":"Tools of the Trade","floor":33.0},{"not_picked":["Prepared+1","Reflex+1"],"picked":"Dodge and Roll+1","floor":35.0},{"not_picked":["conspire:DoublingDagger","Dagger Spray"],"picked":"Underhanded Strike+1","floor":36.0},{"not_picked":["PiercingWail+1","Acrobatics+1"],"picked":"Tactician+1","floor":37.0},{"not_picked":["Bouncing Flask","Acrobatics"],"picked":"Expertise+1","floor":38.0},{"not_picked":["Bane","Cloak And Dagger"],"picked":"Backstab+1","floor":39.0},{"not_picked":["Blade Dance+1","PiercingWail+1"],"picked":"Dagger Spray+1","floor":45.0},{"not_picked":["Endless Agony+1","Concentrate"],"picked":"Sucker Punch+1","floor":46.0},{"not_picked":["The Bomb","Metamorphosis"],"picked":"Master of Strategy","floor":47.0},{"not_picked":["Unload","Wraith Form v2"],"picked":"Die Die Die","floor":50.0},{"not_picked":["Masterful Stab","Well Laid Plans"],"picked":"Crippling Poison","floor":52.0},{"not_picked":["Infinite Blades","Dodge and Roll","Eviscerate"],"picked":"SKIP","floor":55.0},{"not_picked":["Blur","conspire:PoisonWeapons"],"picked":"Leg Sweep","floor":56.0},{"not_picked":["Prepared","Noxious Fumes"],"picked":"Bane","floor":57.0},{"not_picked":["Acrobatics","Infinite Blades"],"picked":"Escape Plan","floor":58.0},{"not_picked":["Sucker Punch","Setup"],"picked":"Backstab","floor":62.0},{"not_picked":["Accuracy","Flechettes"],"picked":"Noxious Fumes","floor":64.0},{"not_picked":["Night Terror","Storm of Steel"],"picked":"Adrenaline","floor":67.0},{"not_picked":["Riddle With Holes","Leg Sweep"],"picked":"Reflex+1","floor":69.0},{"not_picked":["Bane","PiercingWail"],"picked":"Footwork","floor":70.0},{"not_picked":["Dagger Spray","PiercingWail+1"],"picked":"Acrobatics+1","floor":71.0},{"not_picked":["Leg Sweep","Blade Dance"],"picked":"Tactician","floor":72.0},{"not_picked":["Poisoned Stab","Dodge and Roll"],"picked":"Riddle With Holes","floor":73.0},{"not_picked":["Quick Slash","Accuracy"],"picked":"PiercingWail+1","floor":75.0},{"not_picked":["Adrenaline","Sucker Punch"],"picked":"Quick Slash+1","floor":79.0},{"not_picked":["Bane","All Out Attack"],"picked":"Flying Knee","floor":82.0},{"not_picked":["infinitespire:Menacing","infinitespire:NeuralNetwork"],"picked":"infinitespire:SealOfDarkness+","floor":84.0},{"not_picked":["Burst","Unload"],"picked":"Adrenaline","floor":84.0},{"not_picked":["Acrobatics+1","Quick Slash+1"],"picked":"Slice+1","floor":86.0},{"not_picked":["Blade Dance+1","Well Laid Plans+1"],"picked":"Dodge and Roll+1","floor":87.0},{"not_picked":["Calculated Gamble","Tactician"],"picked":"Sucker Punch+1","floor":88.0},{"not_picked":["Acrobatics","Backflip"],"picked":"Outmaneuver+1","floor":89.0},{"not_picked":["Sucker Punch+1","Phantasmal Killer"],"picked":"Dagger Throw+1","floor":96},{"not_picked":["Sucker Punch","PiercingWail"],"picked":"Heel Hook+1","floor":98},{"not_picked":["Cloak And Dagger","Outmaneuver"],"picked":"Terror+1","floor":99}],"player_experience":1454966,"relics_obtained":[{"floor":9.0,"key":"Bag of Marbles"},{"floor":26.0,"key":"conspire:TopHat"},{"floor":36.0,"key":"StoneCalendar"},{"floor":38.0,"key":"Calipers"},{"floor":39.0,"key":"Pen Nib"},{"floor":43.0,"key":"Darkstone Periapt"},{"floor":46.0,"key":"infinitespire:Satchel"},{"floor":57.0,"key":"infinitespire:Bottled Soul"},{"floor":60.0,"key":"CeramicFish"},{"floor":65.0,"key":"Potion Belt"},{"floor":77.0,"key":"Snake Skull"},{"floor":79.0,"key":"infinitespire:CheckeredPen"},{"floor":92.0,"key":"Art of War"},{"floor":94.0,"key":"Ancient Tea Set"}],"event_choices":[{"damage_healed":0.0,"max_hp_gain":0.0,"max_hp_loss":0.0,"gold_gain":0.0,"event_name":"conspire:Investor","player_choice":"Leave","floor":2.0,"gold_loss":0.0,"damage_taken":0.0},{"damage_healed":0.0,"max_hp_gain":0.0,"max_hp_loss":0.0,"gold_gain":56.0,"event_name":"Golden Wing","player_choice":"Gained Gold","floor":5.0,"gold_loss":0.0,"damage_taken":0.0},{"damage_healed":0.0,"max_hp_gain":0.0,"max_hp_loss":0.0,"gold_gain":0.0,"event_name":"WeMeetAgain","player_choice":"Gave Potion","floor":8.0,"gold_loss":0.0,"damage_taken":0.0,"relics_obtained":["Regal Pillow"]},{"damage_healed":0.0,"max_hp_gain":0.0,"max_hp_loss":0.0,"gold_gain":0.0,"event_name":"Living Wall","player_choice":"Grow","floor":11.0,"gold_loss":0.0,"damage_taken":0.0,"cards_upgraded":["Well Laid Plans"]},{"damage_healed":0.0,"max_hp_gain":0.0,"max_hp_loss":0.0,"gold_gain":0.0,"event_name":"Match and Keep!","player_choice":"2 cards matched","floor":21.0,"gold_loss":0.0,"damage_taken":0.0,"cards_obtained":["Neutralize","Mind Blast"]},{"damage_healed":0.0,"max_hp_gain":0.0,"max_hp_loss":0.0,"gold_gain":0.0,"event_name":"Drug Dealer","player_choice":"Inject Mutagens","floor":29.0,"gold_loss":0.0,"damage_taken":0.0,"relics_obtained":["MutagenicStrength"]},{"damage_healed":0.0,"max_hp_gain":0.0,"max_hp_loss":0.0,"gold_gain":0.0,"event_name":"MindBloom","player_choice":"Fight","floor":36.0,"gold_loss":0.0,"damage_taken":0.0},{"damage_healed":0.0,"max_hp_gain":0.0,"max_hp_loss":0.0,"gold_gain":0.0,"event_name":"Mysterious Sphere","player_choice":"Fight","floor":38.0,"gold_loss":0.0,"damage_taken":0.0},{"damage_healed":0.0,"max_hp_gain":0.0,"max_hp_loss":0.0,"gold_gain":0.0,"event_name":"SensoryStone","player_choice":"Memory 1","floor":47.0,"gold_loss":0.0,"damage_taken":0.0},{"cards_removed":["Defend_G"],"damage_healed":0.0,"max_hp_gain":0.0,"max_hp_loss":0.0,"gold_gain":0.0,"event_name":"Falling","player_choice":"Removed Skill","floor":48.0,"gold_loss":0.0,"damage_taken":0.0},{"damage_healed":0.0,"max_hp_gain":0.0,"max_hp_loss":0.0,"gold_gain":0.0,"event_name":"Scrap Ooze","player_choice":"Success","floor":53.0,"gold_loss":0.0,"damage_taken":7.0,"relics_obtained":["Tiny Chest"]},{"damage_healed":0.0,"max_hp_gain":0.0,"max_hp_loss":0.0,"gold_gain":0.0,"event_name":"Upgrade Shrine","player_choice":"Upgraded","floor":54.0,"gold_loss":0.0,"damage_taken":0.0,"cards_upgraded":["Die Die Die"]},{"damage_healed":0.0,"max_hp_gain":0.0,"max_hp_loss":0.0,"gold_gain":0.0,"event_name":"Vampires","player_choice":"Ignored","floor":80.0,"gold_loss":0.0,"damage_taken":0.0},{"damage_healed":0.0,"max_hp_gain":0.0,"max_hp_loss":0.0,"gold_gain":0.0,"event_name":"Lab","player_choice":"Got Potions","floor":81.0,"gold_loss":0.0,"damage_taken":0.0},{"cards_removed":["infinitespire:SealOfDarkness"],"damage_healed":0.0,"max_hp_gain":0.0,"max_hp_loss":0.0,"gold_gain":0.0,"event_name":"NoteForYourself","player_choice":"Took Card","floor":95.0,"gold_loss":0.0,"damage_taken":0.0,"cards_obtained":["Defend_R"]}],"is_beta":true,"boss_relics":[{"not_picked":["conspire:SeveredTorchhead","Astrolabe"],"picked":"expansioncontent:StudyCardRelic"},{"not_picked":["Cursed Key","SacredBark"],"picked":"conspire:RoyalGoblet"},{"not_picked":["HoveringKite","Velvet Choker"],"picked":"conspire:SlowCooker"},{"not_picked":["bronze:MakeshiftBattery","Coffee Dripper","Snecko Eye"]},{"not_picked":["Philosopher\u0027s Stone","Empty Cage"],"picked":"WristBlade"}],"items_purged_floors":[],"is_endless":true,"potions_floor_spawned":[3,10,14,16,18,19,39,45,46,50,55,57,62,67,69,72,75,82,89,96,99],"killed_by":"Awakened One","ascension_level":0}}