{"host":"qik6c64y69p9jmph","time":1611202701,"event":{"mods":["AchievementEnabler","BaseMod","Highlight Path","Minty Spire (QoL Compilation)","Quick Restart","StSLib","Synergy Search"],"gold_per_floor":[111,127,139,139,153,192,192,225,225,225,140,155,155,1,1,120,120,134,134,134,82,82,82,118,118,118,142,173,194,194,207,207,207,207],"floor_reached":33,"language":"ENG","playtime":1414,"items_purged":[],"score":398,"play_id":"ca48f85f-9d1a-49fc-bcfe-b9aa5a00b90f","local_time":"20210120231821","is_ascension_mode":true,"campfire_choices":[{"floor":7,"key":"REST"},{"floor":13,"key":"REST"},{"floor":15,"key":"REST"},{"data":"MasterReality","floor":23,"key":"SMITH"},{"floor":25,"key":"REST"},{"floor":30,"key":"REST"},{"data":"BattleHymn","floor":32,"key":"SMITH"}],"circlet_count":0,"master_deck":["Strike_P+1","Strike_P+1","Strike_P+1","Strike_P+1","Defend_P+1","Defend_P+1","Defend_P+1","Defend_P+1","Eruption","Vigilance","FollowUp","BowlingBash","ThirdEye","Evaluate","Judgement","BattleHymn+1","PathToVictory","MasterReality+1","ThirdEye","PathToVictory+1"],"relics":["HolyWater","Golden Idol","Torii","Potion Belt","Juzu Bracelet","Damaru","GremlinMask","Matryoshka","Oddly Smooth Stone","Bag of Marbles","Art of War"],"acts_visited":["Exordium","TheCity"],"potions_floor_usage":[16,16,16,16,24,24,24,27,27,28,31,33],"damage_taken":[{"damage":0,"enemies":"Cultist","floor":1,"turns":2},{"damage":0,"enemies":"2 Louse","floor":2,"turns":2},{"damage":0,"enemies":"Small Slimes","floor":3,"turns":3},{"damage":0,"enemies":"3 Louse","floor":5,"turns":4},{"damage":46,"enemies":"Lagavulin","floor":6,"turns":4},{"damage":22,"enemies":"3 Sentries","floor":8,"turns":5},{"damage":1,"enemies":"Gremlin Gang","floor":12,"turns":3},{"damage":35,"enemies":"Hexaghost","floor":16,"turns":6},{"damage":26,"enemies":"2 Thieves","floor":18,"turns":4},{"damage":28,"enemies":"Book of Stabbing","floor":24,"turns":6},{"damage":0,"enemies":"Shell Parasite","floor":27,"turns":3},{"damage":0,"enemies":"Gremlin Leader","floor":28,"turns":5},{"damage":22,"enemies":"Snake Plant","floor":29,"turns":4},{"damage":8,"enemies":"Centurion and Healer","floor":31,"turns":4},{"damage":79,"enemies":"Automaton","floor":33,"turns":6}],"seed_played":"9101801821538516849","potions_obtained":[{"floor":2,"key":"EssenceOfSteel"},{"floor":3,"key":"SmokeBomb"},{"floor":6,"key":"Dexterity Potion"},{"floor":8,"key":"FearPotion"},{"floor":12,"key":"SkillPotion"},{"floor":18,"key":"EntropicBrew"},{"floor":24,"key":"SkillPotion"},{"floor":28,"key":"BlessingOfTheForge"}],"is_trial":false,"path_per_floor":["M","M","M","?","M","E","R","E","T","?","$","M","R","$","R","B",null,"M","?","?","$","?","R","E","R","T","M","E","M","R","M","R","B"],"character_chosen":"WATCHER","items_purchased":["BattleHymn","PathToVictory","Damaru","PowerPotion"],"campfire_rested":5,"item_purchase_floors":[11,11,14,21],"current_hp_per_floor":[72,72,72,67,67,21,41,19,19,19,19,18,38,38,58,23,56,30,30,30,30,52,52,39,59,59,59,59,37,57,49,49,0,0],"gold":207,"neow_bonus":"THREE_CARDS","is_daily":false,"chose_seed":false,"campfire_upgraded":2,"win_rate":0.0,"timestamp":1611202701,"path_taken":["M","M","?","?","M","E","R","E","T","?","$","M","R","$","R","BOSS","M","?","?","$","?","R","E","R","T","M","E","M","R","M","R","BOSS"],"items_purchased_type":["Card","Card","Relic","Potion"],"build_version":"2020-12-22","purchased_purges":0,"victory":false,"max_hp_per_floor":[72,72,72,67,67,67,67,67,67,67,67,67,67,67,67,67,67,67,67,67,67,67,67,67,67,67,67,67,67,67,67,67,67,67],"card_choices":[{"not_picked":["BowlingBash","Consecrate"],"picked":"FollowUp","floor":0},{"not_picked":["Prostrate","FollowUp"],"picked":"BowlingBash","floor":1},{"not_picked":["BowlingBash","Prostrate","ForeignInfluence"],"picked":"SKIP","floor":2},{"not_picked":["BowlingBash","EmptyBody"],"picked":"ThirdEye","floor":3},{"not_picked":["WheelKick","ClearTheMind"],"picked":"Evaluate","floor":5},{"not_picked":["Evaluate","Study"],"picked":"Judgement","floor":6},{"not_picked":["CarveReality","EmptyFist","InnerPeace"],"picked":"SKIP","floor":8},{"not_picked":["SashWhip","SignatureMove","Nirvana"],"picked":"SKIP","floor":12},{"not_picked":["Wish","SpiritShield"],"picked":"MasterReality","floor":16},{"not_picked":["EmptyFist","Evaluate","JustLucky"],"picked":"SKIP","floor":18},{"not_picked":["Consecrate","MentalFortress","Tantrum"],"picked":"SKIP","floor":24},{"not_picked":["Conclude","Prostrate"],"picked":"ThirdEye","floor":27},{"not_picked":["Consecrate+1","ConjureBlade","Halt"],"picked":"SKIP","floor":28},{"not_picked":["Consecrate","ReachHeaven","FollowUp"],"picked":"SKIP","floor":29},{"not_picked":["FollowUp","InnerPeace"],"picked":"PathToVictory+1","floor":31}],"player_experience":530211,"relics_obtained":[{"floor":6,"key":"Torii"},{"floor":8,"key":"Potion Belt"},{"floor":9,"key":"Juzu Bracelet"},{"floor":24,"key":"Matryoshka"},{"floor":26,"key":"Oddly Smooth Stone"},{"floor":26,"key":"Bag of Marbles"},{"floor":28,"key":"Art of War"}],"event_choices":[{"damage_healed":0,"gold_gain":0,"player_choice":"Lose Max HP","damage_taken":0,"relics_obtained":["Golden Idol"],"max_hp_gain":0,"max_hp_loss":5,"event_name":"Golden Idol","floor":4,"gold_loss":0},{"damage_healed":0,"gold_gain":0,"player_choice":"Bought 0 Potions","damage_taken":0,"max_hp_gain":0,"max_hp_loss":0,"event_name":"The Woman in Blue","floor":10,"gold_loss":0},{"damage_healed":0,"gold_gain":0,"player_choice":"Trade","damage_taken":0,"relics_obtained":["GremlinMask"],"max_hp_gain":0,"max_hp_loss":0,"event_name":"FaceTrader","floor":19,"gold_loss":0},{"damage_healed":0,"gold_gain":0,"player_choice":"Simplicity","damage_taken":0,"max_hp_gain":0,"max_hp_loss":0,"event_name":"Back to Basics","floor":20,"gold_loss":0,"cards_upgraded":["Strike_P","Strike_P","Strike_P","Strike_P","Defend_P","Defend_P","Defend_P","Defend_P"]},{"damage_healed":22,"gold_gain":0,"player_choice":"Heal","damage_taken":0,"max_hp_gain":0,"max_hp_loss":0,"event_name":"The Library","floor":22,"gold_loss":0}],"is_beta":false,"boss_relics":[{"not_picked":["SlaversCollar","Black Star"],"picked":"HolyWater"}],"items_purged_floors":[],"is_endless":false,"potions_floor_spawned":[2,3,6,8,12,18,24,28],"killed_by":"Automaton","ascension_level":5}}