{"host":"gndxudri6ebovps6","time":1611212944,"event":{"mods":["AchievementEnabler","Act Like it!","Aspiration","BaseMod","Better Altar","Better Match","Better Note","Better Sensory Stone","Better Skull","Better Vampires","BetterRewards","Block Reminder","Conspire","GifTheSpireLib","Hubris","Infinite Spire","Marked Mod","Minty Spire (QoL Compilation)","Pale of the Ancients","Quick Restart","Replay The Spire","Shop Mod","Spicy Shops","Spikes Relics","StSLib","Stuff the Spire","The Bug Knight","The Cursed","The Disciple","The Judge","The Necromancer","everything is the same but u backflip on backflip","vexMod"],"gold_per_floor":[118,118,118,118,135,135,166,185,264,293,293,293,311,323,323,423,423,442,367,367,367],"floor_reached":20,"language":"ENG","playtime":639,"items_purged":[],"score":290,"play_id":"60a2f632-de8e-44bf-8eeb-0871e614ecc0","local_time":"20210121050904","is_ascension_mode":true,"campfire_choices":[{"data":"Bone_Bullets","floor":6.0,"key":"SMITH"},{"data":"Uncharnel","floor":12.0,"key":"SMITH"},{"data":"Toxic_Smoke_Screen","floor":15.0,"key":"SMITH"}],"circlet_count":0,"master_deck":["Strike_W","Strike_W","Strike_W","Strike_W","Defend_W","Defend_W","Defend_W","Defend_W","Negative_Energy_Arrows","Bone_Wall","Chill_Blood+1","Bone_Bullets+1","Bone_Prison","Toxic_Smoke_Screen+1","Uncharnel+1","Vampiric_Strike","Finger_Of_Death","Summon_Vampire_Lady","CurseOfTheBell","Bone_Armor"],"relics":["Vampire_Amulet","NeowsBlessing","hubris:Towel","hubris:SphereOfDissonance","RoseTintedShades","ReplayFunnel","Calling Bell","StuffTheSpire:Barrel","HollowMod:StagPassRelic","vexMod:RedPlottingStone"],"acts_visited":["Exordium","TheCity"],"potions_floor_usage":[],"damage_taken":[{"damage":0.0,"enemies":"Jaw Worm","floor":1.0,"turns":1.0},{"damage":0.0,"enemies":"Small Slimes","floor":5.0,"turns":1.0},{"damage":0.0,"enemies":"Gremlin Nob","floor":7.0,"turns":1.0},{"damage":0.0,"enemies":"Cultist","floor":8.0,"turns":2.0},{"damage":0.0,"enemies":"HollowMod:MossKnight","floor":10.0,"turns":2.0},{"damage":0.0,"enemies":"3 Louse","floor":13.0,"turns":4.0},{"damage":7.0,"enemies":"Exordium Thugs","floor":14.0,"turns":4.0},{"damage":34.0,"enemies":"Fading Forest","floor":16.0,"turns":11.0},{"damage":31.0,"enemies":"2 Thieves","floor":18.0,"turns":5.0},{"damage":8,"enemies":"conspire:FuzzyDice","floor":20,"turns":2}],"seed_played":"5016442866411826245","potions_obtained":[{"floor":7.0,"key":"Dexterity Potion"},{"floor":8.0,"key":"infinitespire:BlackPotion"},{"floor":13.0,"key":"FearPotion"},{"floor":16.0,"key":"PowerPotion"},{"floor":18.0,"key":"Weak Potion"}],"is_trial":false,"path_per_floor":["M","?","?","$","M","R","E","M","T","E","?","R","M","M","R","B",null,"M","?","M"],"character_chosen":"NECROMANCER","items_purchased":[],"campfire_rested":0,"item_purchase_floors":[],"current_hp_per_floor":[75,75,75,75,75,75,75,75,75,75,75,75,75,70,70,46,68,50,50,42,42],"gold":367,"neow_bonus":"THREE_ENEMY_KILL","is_daily":false,"chose_seed":false,"campfire_upgraded":3,"win_rate":0.0,"timestamp":1611212944,"path_taken":["M","?","?","?","M","R","E","M","T","E","?","R","M","?","R","BOSS","M","?","M"],"items_purchased_type":[],"build_version":"2020-12-22","purchased_purges":0,"victory":false,"max_hp_per_floor":[75,75,75,75,75,75,75,75,75,75,75,75,75,75,75,75,75,75,75,75,75],"card_choices":[{"not_picked":["Exploit","Scare"],"picked":"Chill_Blood","floor":1.0},{"not_picked":["Necromantic_Selection","Epidemic"],"picked":"Bone_Bullets","floor":5.0},{"not_picked":["Shade_Step","Negative_Energy_Javelin"],"picked":"Bone_Prison","floor":7.0},{"not_picked":["Death_Coil","Bones_to_Steel"],"picked":"Toxic_Smoke_Screen","floor":8.0},{"not_picked":["Scare","Bones_to_Steel"],"picked":"Uncharnel","floor":10.0},{"not_picked":["Negative_Energy_Bomb","Shackles_Of_Pain"],"picked":"Vampiric_Strike","floor":13.0},{"not_picked":["Necromantic_Selection","Death_March_Dance"],"picked":"Finger_Of_Death","floor":14.0},{"not_picked":["Skeleton_Dragon","Blood_Wake"],"picked":"Summon_Vampire_Lady","floor":16.0},{"not_picked":["Negative_Energy_Sphere","Negative_Energy_Burst"],"picked":"Bone_Armor","floor":18.0}],"player_experience":510404,"relics_obtained":[{"floor":7.0,"key":"hubris:SphereOfDissonance"},{"floor":9.0,"key":"RoseTintedShades"},{"floor":10.0,"key":"ReplayFunnel"},{"floor":17.0,"key":"StuffTheSpire:Barrel"},{"floor":17.0,"key":"HollowMod:StagPassRelic"},{"floor":17.0,"key":"vexMod:RedPlottingStone"}],"event_choices":[{"damage_healed":0.0,"max_hp_gain":0.0,"max_hp_loss":0.0,"gold_gain":0.0,"event_name":"Living Wall","player_choice":"Grow","floor":3.0,"gold_loss":0.0,"damage_taken":0.0,"cards_upgraded":["Chill_Blood"]},{"damage_healed":0.0,"max_hp_gain":0.0,"max_hp_loss":0.0,"gold_gain":0.0,"event_name":"conspire:Investor","player_choice":"Leave","floor":11.0,"gold_loss":0.0,"damage_taken":0.0},{"damage_healed":0.0,"max_hp_gain":0.0,"max_hp_loss":0.0,"gold_gain":0.0,"event_name":"betterMatch:BetterMatch","player_choice":"3","floor":19.0,"gold_loss":0.0,"damage_taken":0.0,"cards_obtained":[]}],"is_beta":false,"boss_relics":[{"not_picked":["hubris:ScarierMask","Snecko Eye"],"picked":"Calling Bell"}],"items_purged_floors":[],"is_endless":false,"potions_floor_spawned":[7,8,13,16,18],"killed_by":"conspire:FuzzyDice","ascension_level":5}}