{"host":"j9ki0s1dicmcfq9y","time":1611193802,"event":{"mods":["Abigail Mod","BaseMod","Minty Spire (QoL Compilation)","StSLib"],"gold_per_floor":[119,119,119,44,60,60,94,94,121,136,136,136,153,169,169,266,266,283,294,90,105,120,147,157,157,157,157,13,27,54,54,54,155,155,174,224,224,237,251,280,295,327,373,373,373,124,86,86,86,86,86,86,9,42,42,42],"floor_reached":55,"language":"ENG","playtime":5051,"items_purged":["Regret"],"score":915,"play_id":"2453f369-2989-41f8-80fa-98da56e1849e","local_time":"20210120205002","is_ascension_mode":false,"campfire_choices":[{"data":"AbbyMod:FleetingSanity","floor":6,"key":"SMITH"},{"data":"AbbyMod:FamiliarShield","floor":8,"key":"SMITH"},{"data":"AbbyMod:FarAwayFriend","floor":12,"key":"SMITH"},{"floor":15,"key":"RECALL"},{"floor":25,"key":"REST"},{"floor":32,"key":"REST"},{"floor":45,"key":"REST"},{"floor":49,"key":"REST"},{"floor":52,"key":"REST"}],"circlet_count":0,"master_deck":["AbbyMod:Ab_Strike","AbbyMod:Ab_Strike","AbbyMod:Ab_Strike","AbbyMod:Ab_Strike","AbbyMod:Ab_Defend","AbbyMod:Ab_Defend","AbbyMod:Ab_Defend","AbbyMod:FleetingSanity+1","AbbyMod:ForeheadBeam","AbbyMod:FamiliarShield+1","AbbyMod:LargeTentacle","AbbyMod:FarAwayFriend+1","AbbyMod:WitchTrial","AbbyMod:PantyShot+1","AbbyMod:AdultWords+1","AbbyMod:AttoSecond+1","AbbyMod:PowerGamer","AbbyMod:LossOfSanity","AbbyMod:Ab_FiveStars","CurseOfTheBell","AbbyMod:AdultWords+1","AbbyMod:FlyingMascot","AbbyMod:PantyShot","AbbyMod:SuperMuscular+1","AbbyMod:Ab_SwirlOfMadness+1","Writhe","AbbyMod:ExposeNavel"],"relics":["AbbyMod:Salem_Diary","NeowsBlessing","Eternal Feather","StrikeDummy","Darkstone Periapt","Fusion Hammer","Chemical X","Gambling Chip","Singing Bowl","ClockworkSouvenir","Happy Flower","Calling Bell","Blood Vial","Kunai","Torii","Bird Faced Urn","Juzu Bracelet","Whetstone","Oddly Smooth Stone","PreservedInsect","TungstenRod"],"acts_visited":["Exordium","TheCity","TheBeyond","TheEnding"],"potions_floor_usage":[14,16,33,33,33,41,42,42,55,55],"damage_taken":[{"damage":0,"enemies":"Jaw Worm","floor":1,"turns":1},{"damage":0,"enemies":"Small Slimes","floor":5,"turns":2},{"damage":0,"enemies":"Lagavulin","floor":7,"turns":1},{"damage":0,"enemies":"2 Louse","floor":10,"turns":3},{"damage":0,"enemies":"Lots of Slimes","floor":13,"turns":5},{"damage":0,"enemies":"Gremlin Gang","floor":14,"turns":5},{"damage":0,"enemies":"The Guardian","floor":16,"turns":11},{"damage":1,"enemies":"3 Byrds","floor":18,"turns":7},{"damage":0,"enemies":"Spheric Guardian","floor":19,"turns":3},{"damage":0,"enemies":"Centurion and Healer","floor":21,"turns":5},{"damage":0,"enemies":"Snecko","floor":22,"turns":4},{"damage":6,"enemies":"Book of Stabbing","floor":23,"turns":5},{"damage":0,"enemies":"Sentry and Sphere","floor":24,"turns":5},{"damage":0,"enemies":"Snake Plant","floor":29,"turns":4},{"damage":0,"enemies":"Gremlin Leader","floor":30,"turns":6},{"damage":0,"enemies":"Automaton","floor":33,"turns":8},{"damage":25,"enemies":"3 Darklings","floor":35,"turns":5},{"damage":1,"enemies":"Mind Bloom Boss Battle","floor":36,"turns":5},{"damage":16,"enemies":"3 Shapes","floor":38,"turns":5},{"damage":1,"enemies":"Spire Growth","floor":39,"turns":4},{"damage":1,"enemies":"Giant Head","floor":40,"turns":9},{"damage":9,"enemies":"Maw","floor":41,"turns":7},{"damage":25,"enemies":"Reptomancer","floor":42,"turns":5},{"damage":73,"enemies":"Donu and Deca","floor":50,"turns":11},{"damage":45,"enemies":"Shield and Spear","floor":54,"turns":6},{"damage":147,"enemies":"The Heart","floor":55,"turns":12}],"seed_played":"48890782483103028","potions_obtained":[{"floor":11,"key":"Fire Potion"},{"floor":11,"key":"PowerPotion"},{"floor":11,"key":"Block Potion"},{"floor":13,"key":"EssenceOfSteel"},{"floor":14,"key":"SpeedPotion"},{"floor":16,"key":"Weak Potion"},{"floor":19,"key":"DistilledChaos"},{"floor":24,"key":"DistilledChaos"},{"floor":33,"key":"Fire Potion"},{"floor":40,"key":"SkillPotion"},{"floor":41,"key":"AttackPotion"},{"floor":42,"key":"Strength Potion"}],"is_trial":false,"path_per_floor":["M","?","?","$","M","R","E","R","T","M","?","R","M","M","R","B",null,"M","M","$","M","M","E","M","R","T","?","$","M","E","$","R","B",null,"M","?","?","M","M","E","M","E","T","?","R","$","$","?","R","B",null,"R","$","E","B"],"character_chosen":"Ab_Foreigner","items_purchased":["Chemical X","AbbyMod:PowerGamer","ClockworkSouvenir","PreservedInsect","FairyPotion","AbbyMod:ExposeNavel","Regen Potion"],"campfire_rested":5,"item_purchase_floors":[20,20,28,46,46,47,53],"current_hp_per_floor":[60,53,53,53,53,59,59,60,60,60,60,60,60,60,60,60,60,59,59,59,59,59,53,61,68,68,68,68,68,72,72,72,82,88,65,66,66,54,55,73,83,64,64,93,98,98,98,100,100,44,100,100,100,59,0,0],"gold":42,"neow_bonus":"THREE_ENEMY_KILL","is_daily":false,"chose_seed":false,"campfire_upgraded":3,"win_rate":0.0,"timestamp":1611193802,"path_taken":["M","?","?","$","M","R","E","R","T","M","?","R","M","M","R","BOSS","M","?","$","M","M","E","?","R","T","?","?","M","E","?","R","BOSS","M","?","?","M","?","E","M","E","T","?","R","?","$","?","R","BOSS","R","$","E","BOSS"],"items_purchased_type":["Relic","Card","Relic","Relic","Potion","Card","Potion"],"build_version":"2020-12-22","purchased_purges":1,"victory":false,"max_hp_per_floor":[60,60,60,60,60,60,60,60,60,60,60,60,60,60,60,60,60,60,60,60,60,60,60,68,68,68,68,68,68,72,72,72,82,88,90,90,90,92,92,92,92,92,92,98,98,98,98,100,100,100,100,100,100,102,102,102],"card_choices":[{"not_picked":["AbbyMod:LargeTentacle","AbbyMod:Meteo"],"picked":"AbbyMod:FamiliarShield","floor":1},{"not_picked":["AbbyMod:SanityCheck","AbbyMod:RecklessSlam"],"picked":"AbbyMod:LargeTentacle","floor":5},{"not_picked":["AbbyMod:Meteo","AbbyMod:FatalEntropy","AbbyMod:ConsumeFlesh"],"picked":"SKIP","floor":7},{"not_picked":["AbbyMod:Meteo","AbbyMod:Memocide"],"picked":"AbbyMod:FarAwayFriend","floor":10},{"not_picked":["AbbyMod:TentacleSwarm","AbbyMod:ChocoKey","AbbyMod:LiftSkirt"],"picked":"SKIP","floor":13},{"not_picked":["AbbyMod:Kinoko","AbbyMod:Meteo"],"picked":"AbbyMod:WitchTrial","floor":14},{"not_picked":["AbbyMod:MindCleanse","AbbyMod:Ab_OldOneTrigger"],"picked":"AbbyMod:PantyShot","floor":16},{"not_picked":["AbbyMod:SavingThrow","AbbyMod:ConsumeFlesh+1"],"picked":"AbbyMod:AdultWords+1","floor":18},{"not_picked":["AbbyMod:LargeTentacle+1","AbbyMod:TeddyBear+1"],"picked":"AbbyMod:AttoSecond","floor":19},{"not_picked":["AbbyMod:VoidHeretic","AbbyMod:ChocoKey"],"picked":"AbbyMod:LossOfSanity","floor":21},{"not_picked":["AbbyMod:Takeuchi","AbbyMod:Meteo"],"picked":"AbbyMod:SweetPancakes+1","floor":22},{"not_picked":["AbbyMod:FatalEntropy","AbbyMod:PowerGamer","AbbyMod:Kuroboshi"],"picked":"SKIP","floor":23},{"not_picked":["AbbyMod:LiftSkirt","AbbyMod:Takeuchi+1"],"picked":"AbbyMod:Ab_FiveStars","floor":24},{"not_picked":["AbbyMod:LargeTentacle","AbbyMod:LiftSkirt"],"picked":"AbbyMod:SweetPancakes","floor":29},{"not_picked":["AbbyMod:CloneArmy+1","AbbyMod:Keyblade"],"picked":"AbbyMod:SweetPancakes+1","floor":30},{"not_picked":["AbbyMod:VoidHeretic","AbbyMod:EquivalentExchange","AbbyMod:MysteryKey"],"picked":"Singing Bowl","floor":33},{"not_picked":["AbbyMod:InsaneStrike","AbbyMod:OldOneLimb+1","AbbyMod:FamiliarShield+1"],"picked":"Singing Bowl","floor":35},{"not_picked":["AbbyMod:WorldStrongest+1","AbbyMod:VoidPriest"],"picked":"AbbyMod:AdultWords+1","floor":36},{"not_picked":["AbbyMod:ConsumeFlesh+1","AbbyMod:Hitomi","AbbyMod:SilverKey+1"],"picked":"Singing Bowl","floor":38},{"not_picked":["AbbyMod:Meteo+1","AbbyMod:Ab_FiveStars+1"],"picked":"AbbyMod:FlyingMascot","floor":39},{"not_picked":["AbbyMod:HeroCreationA","AbbyMod:Ab_DarkestPact"],"picked":"AbbyMod:PantyShot","floor":40},{"not_picked":["AbbyMod:Hitomi+1","AbbyMod:WormHole"],"picked":"AbbyMod:SuperMuscular+1","floor":41},{"not_picked":["AbbyMod:Kuroboshi","AbbyMod:EyesOfMadness+1"],"picked":"AbbyMod:Ab_SwirlOfMadness+1","floor":42},{"not_picked":["Chrysalis","Swift Strike","Transmutation"],"picked":"Singing Bowl","floor":48},{"not_picked":["AbbyMod:TentacleSwarm+1","AbbyMod:ExposedCore+1","AbbyMod:AlignStars"],"picked":"Singing Bowl","floor":54}],"player_experience":660392,"relics_obtained":[{"floor":7,"key":"Darkstone Periapt"},{"floor":23,"key":"Gambling Chip"},{"floor":26,"key":"Singing Bowl"},{"floor":30,"key":"Happy Flower"},{"floor":34,"key":"Blood Vial"},{"floor":34,"key":"Kunai"},{"floor":34,"key":"Torii"},{"floor":36,"key":"Bird Faced Urn"},{"floor":40,"key":"Juzu Bracelet"},{"floor":42,"key":"Whetstone"},{"floor":43,"key":"Oddly Smooth Stone"},{"floor":54,"key":"TungstenRod"}],"event_choices":[{"damage_healed":0,"gold_gain":0,"player_choice":"Success","damage_taken":7,"relics_obtained":["Eternal Feather"],"max_hp_gain":0,"max_hp_loss":0,"event_name":"Scrap Ooze","floor":2,"gold_loss":0},{"damage_healed":0,"gold_gain":0,"player_choice":"Box","damage_taken":0,"relics_obtained":["StrikeDummy"],"max_hp_gain":0,"max_hp_loss":0,"event_name":"Big Fish","floor":3,"gold_loss":0,"cards_obtained":["Regret"]},{"damage_healed":0,"gold_gain":0,"player_choice":"Got Potions","damage_taken":0,"max_hp_gain":0,"max_hp_loss":0,"event_name":"Lab","floor":11,"gold_loss":0},{"damage_healed":0,"gold_gain":0,"player_choice":"Ignored","damage_taken":0,"max_hp_gain":0,"max_hp_loss":0,"event_name":"Purifier","floor":27,"gold_loss":0},{"damage_healed":0,"gold_gain":0,"player_choice":"Fight","damage_taken":0,"max_hp_gain":0,"max_hp_loss":0,"event_name":"MindBloom","floor":36,"gold_loss":0},{"damage_healed":0,"gold_gain":0,"player_choice":"Ignored","damage_taken":0,"max_hp_gain":0,"max_hp_loss":0,"event_name":"Transmorgrifier","floor":37,"gold_loss":0},{"damage_healed":23,"gold_gain":0,"player_choice":"Writhe","damage_taken":0,"max_hp_gain":0,"max_hp_loss":0,"event_name":"Winding Halls","floor":44,"gold_loss":0,"cards_obtained":["Writhe"]},{"damage_healed":0,"gold_gain":0,"player_choice":"Memory 1","damage_taken":0,"max_hp_gain":0,"max_hp_loss":0,"event_name":"SensoryStone","floor":48,"gold_loss":0}],"is_beta":false,"boss_relics":[{"not_picked":["Velvet Choker","Coffee Dripper"],"picked":"Fusion Hammer"},{"not_picked":["Astrolabe","Busted Crown"],"picked":"Calling Bell"}],"items_purged_floors":[4],"is_endless":false,"potions_floor_spawned":[13,14,16,19,22,23,24,33,40,41,42],"killed_by":"The Heart","ascension_level":0}}