{"host":"qekv59dthhdg54sz","time":1611229217,"event":{"mods":["AchievementEnabler","BaseMod","Colored Map","DeckTracker","KOR Keyword Fix","Minty Spire (QoL Compilation)","Rare Cards Sparkle","StSLib","SuperFastMode"],"gold_per_floor":[116,116,116,116,116,116,149,21,66,101,119,155,155,27,27,116,116,132,148,61,111,124,124,148,148,148,168,118,138,163,177,177,267,267,287,287,307,128,128,172,172,191,191,7,25,61,85,128,128,128,128],"floor_reached":52,"language":"KOR","playtime":1719,"items_purged":["Strike_P","Strike_P","Defend_P","Defend_P","Defend_P","Defend_P"],"score":2220,"play_id":"4cc8b1c0-5bc1-4a58-9b6a-cda8ab179cba","local_time":"20210121204017","is_ascension_mode":true,"campfire_choices":[{"data":"Scrawl","floor":6.0,"key":"SMITH"},{"data":"Adaptation","floor":13.0,"key":"SMITH"},{"data":"Worship","floor":15.0,"key":"SMITH"},{"data":"MentalFortress","floor":23.0,"key":"SMITH"},{"floor":25.0,"key":"REST"},{"data":"Meditate","floor":32.0,"key":"SMITH"},{"floor":41.0,"key":"REST"},{"floor":49.0,"key":"REST"}],"circlet_count":0,"master_deck":["AscendersBane","Eruption+1","Vigilance","Scrawl+1","CrushJoints","Adaptation+1","SandsOfTime","Worship+1","BattleHymn","DeusExMachina","Wallop","MentalFortress+1","Meditate+1","InnerPeace","Brilliance","Worship","Establishment"],"relics":["PureWater","Golden Idol","Smiling Mask","Akabeko","Meat on the Bone","Matryoshka","Empty Cage","Vajra","The Courier","Fusion Hammer","Melange","StrikeDummy","Art of War","InkBottle","Bag of Preparation","CaptainsWheel","Toy Ornithopter"],"acts_visited":["Exordium","TheCity","TheBeyond"],"potions_floor_usage":[50],"damage_taken":[{"damage":4.0,"enemies":"Jaw Worm","floor":1.0,"turns":3.0},{"damage":0.0,"enemies":"Gremlin Nob","floor":7.0,"turns":2.0},{"damage":22.0,"enemies":"3 Sentries","floor":10.0,"turns":9.0},{"damage":0.0,"enemies":"2 Louse","floor":11.0,"turns":2.0},{"damage":0.0,"enemies":"Lagavulin","floor":12.0,"turns":4.0},{"damage":0.0,"enemies":"Slime Boss","floor":16.0,"turns":3.0},{"damage":0.0,"enemies":"Chosen","floor":18.0,"turns":3.0},{"damage":0.0,"enemies":"Spheric Guardian","floor":19.0,"turns":2.0},{"damage":32.0,"enemies":"Shelled Parasite and Fungi","floor":22.0,"turns":4.0},{"damage":25.0,"enemies":"Cultist and Chosen","floor":24.0,"turns":4.0},{"damage":0.0,"enemies":"Chosen and Byrds","floor":27.0,"turns":4.0},{"damage":10.0,"enemies":"Sentry and Sphere","floor":29.0,"turns":4.0},{"damage":0.0,"enemies":"Snecko","floor":30.0,"turns":3.0},{"damage":4.0,"enemies":"Centurion and Healer","floor":31.0,"turns":5.0},{"damage":72.0,"enemies":"Collector","floor":33.0,"turns":9.0},{"damage":0.0,"enemies":"3 Shapes","floor":35.0,"turns":2.0},{"damage":1.0,"enemies":"3 Darklings","floor":37.0,"turns":3.0},{"damage":2.0,"enemies":"Giant Head","floor":40.0,"turns":3.0},{"damage":0.0,"enemies":"Transient","floor":42.0,"turns":6.0},{"damage":2.0,"enemies":"4 Shapes","floor":45.0,"turns":4.0},{"damage":0.0,"enemies":"Nemesis","floor":46.0,"turns":3.0},{"damage":0.0,"enemies":"Jaw Worm Horde","floor":47.0,"turns":3.0},{"damage":0.0,"enemies":"Giant Head","floor":48.0,"turns":4.0},{"damage":58,"enemies":"Awakened One","floor":50,"turns":6},{"damage":33,"enemies":"Time Eater","floor":51,"turns":6}],"seed_played":"3446168272788196072","potions_obtained":[{"floor":11.0,"key":"LiquidMemories"},{"floor":16.0,"key":"BottledMiracle"},{"floor":19.0,"key":"Strength Potion"},{"floor":24.0,"key":"DuplicationPotion"},{"floor":27.0,"key":"SkillPotion"},{"floor":31.0,"key":"FairyPotion"},{"floor":35.0,"key":"Block Potion"},{"floor":37.0,"key":"LiquidMemories"},{"floor":46.0,"key":"FairyPotion"}],"is_trial":false,"path_per_floor":["M","?","$","?","?","R","E","$","T","E","M","E","R","$","R","B",null,"M","M","$","?","M","R","M","R","T","M","$","M","M","M","R","B",null,"M","?","M","$","?","E","R","M","T","$","M","E","M","E","R","B","B",null],"character_chosen":"WATCHER","items_purchased":["Adaptation","BattleHymn","MentalFortress","Melange","Bag of Preparation"],"campfire_rested":3,"item_purchase_floors":[8,14,20,38,44],"current_hp_per_floor":[57,57,57,62,62,62,62,62,62,40,40,40,40,40,40,40,60,60,60,60,60,40,40,27,46,46,46,46,36,36,44,44,31,57,57,57,56,56,56,54,66,66,66,66,64,64,64,64,66,25,31],"gold":128,"neow_bonus":"ONE_RANDOM_RARE_CARD","is_daily":false,"chose_seed":false,"campfire_upgraded":5,"win_rate":0.0,"timestamp":1611229217,"path_taken":["M","?","$","?","?","R","E","$","T","E","M","E","R","$","R","BOSS","M","M","$","?","M","R","M","R","T","M","$","?","M","M","R","BOSS","M","?","M","$","?","E","R","?","T","$","M","E","M","E","R","BOSS","BOSS"],"items_purchased_type":["Card","Card","Card","Relic","Relic"],"build_version":"2020-12-22","purchased_purges":6,"victory":true,"max_hp_per_floor":[68,68,68,73,66,66,66,66,66,66,66,66,66,66,66,66,66,66,66,66,66,66,66,66,66,66,66,66,66,66,66,66,66,66,66,66,66,66,66,66,66,66,66,66,66,66,66,66,66,66,66],"card_choices":[{"not_picked":["Crescendo","EmptyFist"],"picked":"CrushJoints","floor":1.0},{"not_picked":["Prostrate","JustLucky"],"picked":"EmptyFist","floor":7.0},{"not_picked":["ClearTheMind","FollowUp"],"picked":"SandsOfTime","floor":10.0},{"not_picked":["ThirdEye","FollowUp","Consecrate"],"picked":"SKIP","floor":11.0},{"not_picked":["DevaForm","EmptyFist"],"picked":"Worship","floor":12.0},{"not_picked":["Omniscience","Alpha"],"picked":"DeusExMachina","floor":16.0},{"not_picked":["ClearTheMind","Vengeance","FlyingSleeves"],"picked":"SKIP","floor":18.0},{"not_picked":["FlyingSleeves","Crescendo"],"picked":"Wallop","floor":19.0},{"not_picked":["ReachHeaven+1","Consecrate","Halt"],"picked":"SKIP","floor":22.0},{"not_picked":["Perseverance","Consecrate"],"picked":"Meditate","floor":24.0},{"not_picked":["Brilliance","Crescendo","SashWhip"],"picked":"SKIP","floor":27.0},{"not_picked":["PathToVictory","CrushJoints"],"picked":"InnerPeace","floor":29.0},{"not_picked":["JustLucky","EmptyBody","Wallop"],"picked":"SKIP","floor":30.0},{"not_picked":["SashWhip","ThirdEye","FollowUp"],"picked":"SKIP","floor":31.0},{"not_picked":["Scrawl","Omniscience"],"picked":"Brilliance","floor":33.0},{"not_picked":["EmptyFist","PathToVictory","LikeWater"],"picked":"SKIP","floor":35.0},{"not_picked":["MentalFortress+1","CrushJoints"],"picked":"Worship","floor":37.0},{"not_picked":["Sanctity+1","Wish","ThirdEye+1"],"picked":"SKIP","floor":40.0},{"not_picked":["BowlingBash","EmptyBody","JustLucky"],"picked":"SKIP","floor":42.0},{"not_picked":["CutThroughFate+1","ThirdEye","Collect+1"],"picked":"SKIP","floor":45.0},{"not_picked":["JustLucky+1","Evaluate","InnerPeace"],"picked":"SKIP","floor":46.0},{"not_picked":["FollowUp+1","FlurryOfBlows"],"picked":"Establishment","floor":47.0},{"not_picked":["BattleHymn+1","EmptyBody","Perseverance"],"picked":"SKIP","floor":48.0}],"player_experience":795350,"relics_obtained":[{"floor":7.0,"key":"Smiling Mask"},{"floor":9.0,"key":"Akabeko"},{"floor":10.0,"key":"Meat on the Bone"},{"floor":12.0,"key":"Matryoshka"},{"floor":26.0,"key":"Vajra"},{"floor":26.0,"key":"The Courier"},{"floor":40.0,"key":"StrikeDummy"},{"floor":43.0,"key":"Art of War"},{"floor":43.0,"key":"InkBottle"},{"floor":46.0,"key":"CaptainsWheel"},{"floor":48.0,"key":"Toy Ornithopter"}],"event_choices":[{"damage_healed":0.0,"max_hp_gain":0.0,"max_hp_loss":0.0,"gold_gain":0.0,"event_name":"Living Wall","player_choice":"Grow","floor":2.0,"gold_loss":0.0,"damage_taken":0.0,"cards_upgraded":["Eruption"]},{"damage_healed":0.0,"max_hp_gain":5.0,"max_hp_loss":0.0,"gold_gain":0.0,"event_name":"Big Fish","player_choice":"Donut","floor":4.0,"gold_loss":0.0,"damage_taken":0.0},{"damage_healed":0.0,"max_hp_gain":0.0,"max_hp_loss":7.0,"gold_gain":0.0,"event_name":"Golden Idol","player_choice":"Lose Max HP","floor":5.0,"gold_loss":0.0,"damage_taken":0.0,"relics_obtained":["Golden Idol"]},{"damage_healed":0.0,"max_hp_gain":0.0,"max_hp_loss":0.0,"gold_gain":100.0,"event_name":"The Joust","player_choice":"Bet on Murderer","floor":21.0,"gold_loss":50.0,"damage_taken":0.0},{"cards_removed":["EmptyFist"],"damage_healed":0.0,"max_hp_gain":0.0,"max_hp_loss":0.0,"gold_gain":0.0,"event_name":"Falling","player_choice":"Removed Attack","floor":36.0,"gold_loss":0.0,"damage_taken":0.0},{"damage_healed":0.0,"max_hp_gain":0.0,"max_hp_loss":0.0,"gold_gain":0.0,"event_name":"Lab","player_choice":"Got Potions","floor":39.0,"gold_loss":0.0,"damage_taken":0.0}],"is_beta":false,"boss_relics":[{"not_picked":["Tiny House","Snecko Eye"],"picked":"Empty Cage"},{"not_picked":["Sozu","Runic Pyramid"],"picked":"Fusion Hammer"}],"items_purged_floors":[8,14,20,28,38,44],"is_endless":false,"potions_floor_spawned":[11,16,19,24,27,29,31,35,37,46],"ascension_level":20}}