{"host":"ipnf7ktf1pyxq9u3","time":1611212777,"event":{"mods":["Act Like it!","Aspiration","BaseMod","BetterRewards","Conspire","Downfall","Gremlin Mod","Hallownest","Hermit","Hubris","Infinite Spire","Lobotomy","Minty Spire (QoL Compilation)","Reworked Bosses","Shade Mod","Shop Mod","StSLib","The Bug Knight","The Construct","The Cursed","The Factory","The Forsaken","The Hierophant","The Jungle","The Necromancer"],"gold_per_floor":[99,115,115,130,141,41,41,66,86,86,102,102,116,142,159,257,257,157,167,77,77,77,77,104,104,121,121,134,159,159,176,193,297,297,297,311,331,345,230,246,270,320,340,240,256,256,256,274,292,292,292,318,168,168,168,168,168],"floor_reached":55,"language":"ENG","playtime":4432,"items_purged":["bronze:Defend","Parasite","bronze:Strike","bronze:Strike"],"score":1230,"play_id":"4cf70e89-9c2c-488d-beb2-bb99297b5bcd","local_time":"20210121180617","is_ascension_mode":false,"campfire_choices":[{"floor":1.0,"key":"RECALL"},{"data":"bronze:Replicate","floor":6.0,"key":"SMITH"},{"data":"bronze:FollowUp","floor":10.0,"key":"SMITH"},{"data":"bronze:Safeguard","floor":12.0,"key":"SMITH"},{"data":"bronze:Verify","floor":18.0,"key":"SMITH"},{"data":"bronze:HardenedForm","floor":25.0,"key":"SMITH"},{"data":"bronze:ChosenStrike","floor":30.0,"key":"SMITH"},{"data":"bronze:OilSpill","floor":35.0,"key":"SMITH"},{"data":"bronze:RecursiveStrike","floor":44.0,"key":"SMITH"},{"data":"bronze:Goto","floor":46.0,"key":"SMITH"},{"data":"bronze:ChildClass","floor":54,"key":"SMITH"}],"circlet_count":0,"master_deck":["bronze:Strike","bronze:Defend","bronze:Defend","bronze:Defend","bronze:Replicate+1","bronze:Goto+1","bronze:BronzeOrb","bronze:Safeguard+1","bronze:FollowUp+1","bronze:Verify+1","bronze:OilSpill+1","bronze:HardenedForm+1","bronze:ChosenStrike+1","bronze:Iterate+1","bronze:Boost+1","bronze:ChildClass+1","bronze:Turbo+1","bronze:RecursiveStrike+1","bronze:FollowUp+1","bronze:Iterate+1"],"relics":["bronze:BronzeCore","downfall:HeartBlessingRed","Bottled Lightning","Mango","Prayer Wheel","infinitespire:Cupcake","downfall:HeartBlessingGreen","PreservedInsect","theForsaken:Lifeblossom","construct:WeddingRing","hubris:EmptyBottle","downfall:HeartBlessingBlue","Oddly Smooth Stone"],"acts_visited":["Exordium","TheCity","TheBeyond","TheEnding"],"potions_floor_usage":[],"damage_taken":[{"damage":3.0,"enemies":"2 Louse","floor":2.0,"turns":3.0},{"damage":6.0,"enemies":"Cultist","floor":4.0,"turns":5.0},{"damage":0.0,"enemies":"Small Slimes","floor":5.0,"turns":4.0},{"damage":3.0,"enemies":"3 Sentries","floor":8.0,"turns":8.0},{"damage":0.0,"enemies":"Red Slaver","floor":9.0,"turns":2.0},{"damage":0.0,"enemies":"2 Fungi Beasts","floor":11.0,"turns":2.0},{"damage":0.0,"enemies":"Exordium Wildlife","floor":13.0,"turns":3.0},{"damage":15.0,"enemies":"Lagavulin","floor":14.0,"turns":5.0},{"damage":1.0,"enemies":"Blue Slaver","floor":15.0,"turns":3.0},{"damage":54.0,"enemies":"WA_ARCHETYPE_RETAIN","floor":16.0,"turns":10.0},{"damage":7.0,"enemies":"Shell Parasite","floor":19.0,"turns":5.0},{"damage":4.0,"enemies":"downfall:FleeingMerchant","floor":20.0,"turns":4.0},{"damage":0.0,"enemies":"3 Cultists","floor":26.0,"turns":4.0},{"damage":0.0,"enemies":"Chosen and Byrds","floor":28.0,"turns":4.0},{"damage":0.0,"enemies":"Gremlin Leader","floor":29.0,"turns":3.0},{"damage":1.0,"enemies":"Shelled Parasite and Fungi","floor":31.0,"turns":5.0},{"damage":18.0,"enemies":"Snecko","floor":32.0,"turns":5.0},{"damage":31.0,"enemies":"SI_MIRROR_ARCHETYPE","floor":33.0,"turns":8.0},{"damage":0.0,"enemies":"Orb Walker","floor":36.0,"turns":2.0},{"damage":8.0,"enemies":"3 Shapes","floor":37.0,"turns":3.0},{"damage":11.0,"enemies":"Writhing Mass","floor":38.0,"turns":5.0},{"damage":0.0,"enemies":"downfall:FleeingMerchant","floor":39.0,"turns":4.0},{"damage":13.0,"enemies":"3 Darklings","floor":40.0,"turns":4.0},{"damage":10.0,"enemies":"downfall:FleeingMerchant","floor":42.0,"turns":3.0},{"damage":0.0,"enemies":"Spire Growth","floor":43.0,"turns":3.0},{"damage":0.0,"enemies":"Transient","floor":45.0,"turns":5.0},{"damage":3.0,"enemies":"4 Shapes","floor":48.0,"turns":3.0},{"damage":0.0,"enemies":"Sphere and 2 Shapes","floor":49.0,"turns":2.0},{"damage":89,"enemies":"IC_BLOCK_ARCHETYPE","floor":50,"turns":11},{"damage":0,"enemies":"downfall:CharBossMerchant","floor":52,"turns":5},{"damage":138,"enemies":"downfall:NeowBoss","floor":55,"turns":13}],"seed_played":"-2118125722870805957","potions_obtained":[{"floor":4.0,"key":"EssenceOfSteel"},{"floor":9.0,"key":"SneckoOil"},{"floor":11.0,"key":"bronze:BurnAndBuffPotion"},{"floor":13.0,"key":"Fire Potion"},{"floor":15.0,"key":"AttackPotion"},{"floor":27.0,"key":"CultistPotion"},{"floor":31.0,"key":"FearPotion"},{"floor":33.0,"key":"Fruit Juice"},{"floor":43.0,"key":"Guardian:BlockOnCardUsePotion"}],"is_trial":false,"path_per_floor":["R","M","?","M","M","R","T","E","M","R","M","R","M","E","M","B",null,"R","M","$","?","?","?","T","R","M","?","M","E","R","M","M","B",null,"R","M","M","M","$","M","T","$","M","R","M","R","?","M","M","B",null,"E","$","R","B"],"character_chosen":"THE_AUTOMATON","items_purchased":["hubris:EmptyBottle"],"campfire_rested":0,"item_purchase_floors":[42],"current_hp_per_floor":[77,74,74,68,68,68,68,79,79,79,79,79,79,64,63,9,91,91,84,80,80,80,89,89,89,89,89,89,89,89,90,73,48,91,91,91,85,80,86,75,75,70,86,96,102,102,102,104,107,20,108,108,108,108,0,0,0],"gold":168,"neow_bonus":"TEN_PERCENT_HP_BONUS","is_daily":false,"chose_seed":false,"campfire_upgraded":10,"win_rate":0.0,"timestamp":1611212777,"path_taken":["R","M","?","M","M","R","T","E","M","R","M","R","M","E","M","BOSS","R","M","$","?","?","?","T","R","?","?","M","E","R","M","M","BOSS","R","M","M","M","$","M","T","$","M","R","M","R","?","M","M","BOSS","E","$","R","BOSS"],"items_purchased_type":["Relic"],"build_version":"2020-12-22","purchased_purges":4,"victory":false,"max_hp_per_floor":[77,77,77,77,77,77,77,91,91,91,91,91,91,91,91,91,91,91,91,91,91,91,91,91,91,91,91,91,91,91,91,91,91,91,91,91,91,91,88,88,88,88,98,108,108,108,108,108,108,108,108,108,108,108,108,108,108],"card_choices":[{"not_picked":["bronze:Frontload","bronze:Optimize"],"picked":"bronze:BronzeOrb","floor":2.0},{"not_picked":["bronze:Overload","bronze:DelayedSlice"],"picked":"bronze:Safeguard","floor":4.0},{"not_picked":["bronze:OilSpill","bronze:DigitalCarnage"],"picked":"bronze:FollowUp","floor":5.0},{"not_picked":["bronze:Repulsor","bronze:WhirlingStrike","bronze:Deprecate"],"picked":"SKIP","floor":8.0},{"not_picked":["bronze:FineTuning","bronze:ForceShield","bronze:Deprecate"],"picked":"SKIP","floor":9.0},{"not_picked":["bronze:Repulsor","bronze:Turbo","bronze:BugBarrage"],"picked":"SKIP","floor":11.0},{"not_picked":["bronze:BugBarrage","bronze:MaxOutput","bronze:WildBeam"],"picked":"SKIP","floor":13.0},{"not_picked":["bronze:ChosenStrike","bronze:ItsAFeature"],"picked":"bronze:Verify","floor":14.0},{"not_picked":["bronze:DelayedGuard","bronze:Branch"],"picked":"bronze:OilSpill","floor":15.0},{"not_picked":["bronze:BronzeArmor","bronze:WhirlingStrike","bronze:BitShift"],"picked":"SKIP","floor":15.0},{"not_picked":["bronze:BronzeArmor","bronze:WhirlingStrike","bronze:BitShift"],"picked":"SKIP","floor":15.0},{"not_picked":["bronze:HyperBeam","bronze:Virus"],"picked":"bronze:HardenedForm","floor":16.0},{"not_picked":["bronze:Overheat","bronze:BugBarrage","bronze:ClassDefault"],"picked":"SKIP","floor":19.0},{"not_picked":["bronze:Overheat","bronze:Frontload+1","bronze:HardenedForm"],"picked":"SKIP","floor":19.0},{"not_picked":["bronze:Frontload+1","bronze:BuggyMess+1"],"picked":"bronze:ChosenStrike","floor":20.0},{"not_picked":["bronze:Branch","bronze:Safeguard+1"],"picked":"bronze:Iterate+1","floor":26.0},{"not_picked":["bronze:Safeguard","bronze:ForceShield","bronze:FineTuning"],"picked":"SKIP","floor":26.0},{"not_picked":["bronze:NullPointer","bronze:MaxOutput"],"picked":"bronze:Boost+1","floor":28.0},{"not_picked":["bronze:FineTuning+1","bronze:BitShift+1","bronze:CloningBeam+1"],"picked":"SKIP","floor":28.0},{"not_picked":["bronze:Deprecate","bronze:DigitalCarnage","bronze:BuggyMess+1"],"picked":"SKIP","floor":29.0},{"not_picked":["bronze:ForLoop","bronze:CutThrough"],"picked":"bronze:ChildClass","floor":31.0},{"not_picked":["bronze:Branch+1","bronze:BronzeOrb","bronze:NullPointer+1"],"picked":"SKIP","floor":31.0},{"not_picked":["bronze:MaxOutput","bronze:CloningBeam","bronze:DelayedGuard"],"picked":"SKIP","floor":32.0},{"not_picked":["bronze:ThunderWave","bronze:BugBarrage+1","bronze:WhirlingStrike"],"picked":"SKIP","floor":32.0},{"not_picked":["bronze:Backtrace","bronze:BugBarrage","bronze:DelayedSlice"],"picked":"SKIP","floor":36.0},{"not_picked":["bronze:DarkDash+1","bronze:WildBeam+1","bronze:Overheat"],"picked":"SKIP","floor":36.0},{"not_picked":["bronze:DelayedSlice+1","bronze:Deprecate+1","bronze:Frontload"],"picked":"SKIP","floor":37.0},{"not_picked":["bronze:NullPointer","bronze:DelayedGuard","bronze:ThunderWave"],"picked":"SKIP","floor":37.0},{"not_picked":["bronze:OilSpill+1","bronze:BitShift"],"picked":"bronze:Turbo+1","floor":38.0},{"not_picked":["bronze:BugBarrage+1","bronze:DelayedGuard","bronze:Repair+1"],"picked":"SKIP","floor":38.0},{"not_picked":["bronze:BurnOut","bronze:Overheat+1","bronze:BugBarrage+1"],"picked":"SKIP","floor":39.0},{"not_picked":["bronze:ItsAFeature+1","bronze:WhirlingStrike+1","bronze:Safeguard+1"],"picked":"SKIP","floor":40.0},{"not_picked":["bronze:DigitalCarnage+1","bronze:Philosophize","bronze:Repair"],"picked":"SKIP","floor":40.0},{"not_picked":["bronze:Optimize","bronze:Deprecate","bronze:Overload+1"],"picked":"SKIP","floor":42.0},{"not_picked":["bronze:ForLoop","bronze:Branch"],"picked":"bronze:RecursiveStrike","floor":43.0},{"not_picked":["bronze:DelayedGuard","bronze:CloningBeam","bronze:ItsAFeature"],"picked":"SKIP","floor":43.0},{"not_picked":["bronze:DelayedGuard","bronze:CloningBeam","bronze:ItsAFeature"],"picked":"SKIP","floor":43.0},{"not_picked":["bronze:CloningBeam","bronze:Shield","bronze:MaxOutput"],"picked":"SKIP","floor":45.0},{"not_picked":["bronze:FineTuning","bronze:WhirlingStrike","bronze:Repair"],"picked":"SKIP","floor":45.0},{"not_picked":["bronze:BronzeArmor","bronze:Turbo","bronze:FineTuning"],"picked":"SKIP","floor":48.0},{"not_picked":["bronze:BitShift+1","bronze:Shell+1","bronze:OilSpill+1"],"picked":"SKIP","floor":48.0},{"not_picked":["bronze:Turbo","bronze:Return"],"picked":"bronze:FollowUp+1","floor":49.0},{"not_picked":["bronze:Virus","bronze:NullPointer+1"],"picked":"bronze:Iterate+1","floor":49.0},{"not_picked":["bronze:FineTuning","bronze:OilSpill","bronze:Overheat"],"picked":"SKIP","floor":52}],"player_experience":594403,"relics_obtained":[{"floor":7.0,"key":"Bottled Lightning"},{"floor":8.0,"key":"Mango"},{"floor":14.0,"key":"Prayer Wheel"},{"floor":24.0,"key":"PreservedInsect"},{"floor":29.0,"key":"theForsaken:Lifeblossom"},{"floor":52,"key":"Oddly Smooth Stone"}],"event_choices":[{"cards_removed":["bronze:Strike"],"damage_healed":0.0,"max_hp_gain":0.0,"max_hp_loss":0.0,"gold_gain":0.0,"event_name":"The Cleric","player_choice":"Card Removal","floor":3.0,"gold_loss":0.0,"damage_taken":0.0},{"damage_healed":0.0,"max_hp_gain":0.0,"max_hp_loss":0.0,"gold_gain":0.0,"event_name":"NoteForYourself","player_choice":"Ignored","floor":47.0,"gold_loss":0.0,"damage_taken":0.0}],"is_beta":false,"boss_relics":[{"not_picked":["conspire:SeveredTorchhead","conspire:SpecialSausage"],"picked":"infinitespire:Cupcake"},{"not_picked":["aspiration:WatcherSkillbook","theForsaken:PaleLantern"],"picked":"construct:WeddingRing"}],"items_purged_floors":[20,39,42,53],"is_endless":false,"potions_floor_spawned":[4,9,11,13,15,16,29,31,33,40,43,45,48],"killed_by":"downfall:NeowBoss","ascension_level":0}}