{"host":"w8xisjf5mgmfjvmt","time":1611223561,"event":{"mods":["BaseMod","BetterRewards","Challenge The Spire","Conspire","Dota2Spire","Energized Spire","Filter the Spire","Minty Spire (QoL Compilation)","Quarter Circle Forward PUNCH!","Quick Restart","Relic Stats","Replay The Spire","Shop Mod","Spicy Shops","StSLib","Starting Relic: Pandora\u0027s Box","¡¾ÒÅÎï¿¨ÅÆ¡¿REMEMod","óô»ðÖ¸ÄÏ"],"gold_per_floor":[110,128,128,140,21,96,96,127,151,19,52,52,52,52,52],"floor_reached":14,"language":"ZHS","playtime":354,"items_purged":[],"score":192,"play_id":"76993851-edea-44df-84e7-4cc7900565cc","local_time":"20210121180601","is_ascension_mode":true,"campfire_choices":[{"data":"A Thousand Cuts","floor":12.0,"key":"SMITH"}],"circlet_count":0,"master_deck":["AscendersBane","Survivor","Neutralize","Replay:Poison Smokescreen","Dagger Spray","Cloak And Dagger","ReplayTheSpireMod:Tripwire","Predator","Bane","Outmaneuver","Toxin Wave","Blade Dance","Panache","Hidden Blade","Infinite Blades","Endless Agony","Blade Dance","Well Laid Plans+1","A Thousand Cuts+1"],"relics":["REME_ComplimentaryCards","HoveringKite","Replay:Towering Pillar of Hats","Blue Doll","Snack Pack","ReplayTheSpireMod:TigerMarble","Dota2Spire:LotusOrb"],"acts_visited":["Exordium"],"potions_floor_usage":[14],"damage_taken":[{"damage":0.0,"enemies":"Small Slimes","floor":1.0,"turns":2.0},{"damage":0.0,"enemies":"Cultist","floor":2.0,"turns":2.0},{"damage":0.0,"enemies":"2 Louse","floor":4.0,"turns":2.0},{"damage":11.0,"enemies":"Gremlin Nob","floor":8.0,"turns":3.0},{"damage":23.0,"enemies":"Lagavulin","floor":11.0,"turns":4.0},{"damage":10,"enemies":"Gremlin Nob","floor":14,"turns":3}],"seed_played":"3457540639645196309","potions_obtained":[{"floor":2.0,"key":"BlessingOfTheForge"},{"floor":4.0,"key":"AttackPotion"},{"floor":8.0,"key":"ColorlessPotion"}],"is_trial":false,"path_per_floor":["M","M","?","M","$","?","?","E","T","$","E","R","?","E"],"character_chosen":"THE_SILENT","items_purchased":["Replay:Towering Pillar of Hats","Well Laid Plans"],"campfire_rested":0,"item_purchase_floors":[5,10],"current_hp_per_floor":[59,59,64,64,64,53,48,37,37,37,24,24,24,18,18],"gold":52,"neow_bonus":"BOSS_RELIC","is_daily":false,"chose_seed":false,"campfire_upgraded":1,"win_rate":0.0,"timestamp":1611223561,"path_taken":["M","M","?","M","?","?","?","E","T","$","E","R","?","E"],"items_purchased_type":["Relic","Card"],"build_version":"2020-12-22","purchased_purges":0,"victory":false,"max_hp_per_floor":[66,66,66,66,66,66,66,66,66,66,66,66,66,66,66],"relic_stats":{"counters":[6,16],"HoveringKite":[3],"obtain_stats":[{"Replay:Towering Pillar of Hats":5,"HoveringKite":0,"Pandora\u0027s Box":0,"Blue Doll":7,"Snack Pack":8,"ReplayTheSpireMod:TigerMarble":9,"Dota2Spire:LotusOrb":11,"REME_ComplimentaryCards":0},{"Replay:Towering Pillar of Hats":3,"HoveringKite":0,"Pandora\u0027s Box":0,"Blue Doll":3,"Snack Pack":4,"ReplayTheSpireMod:TigerMarble":4,"Dota2Spire:LotusOrb":5,"REME_ComplimentaryCards":0},{"Replay:Towering Pillar of Hats":6,"HoveringKite":0,"Pandora\u0027s Box":0,"Blue Doll":6,"Snack Pack":9,"ReplayTheSpireMod:TigerMarble":9,"Dota2Spire:LotusOrb":13,"REME_ComplimentaryCards":0}]},"card_choices":[{"not_picked":["Dagger Throw","Poisoned Stab"],"picked":"Hidden Blade","floor":1.0},{"not_picked":["REME_GreenPollution","Bouncing Flask"],"picked":"Infinite Blades","floor":2.0},{"not_picked":["Deadly Poison","Underhanded Strike"],"picked":"Endless Agony","floor":4.0},{"not_picked":["Catalyst","Hidden Blade"],"picked":"Blade Dance","floor":8.0},{"not_picked":["Fluid Movement","Blur"],"picked":"A Thousand Cuts","floor":11.0}],"player_experience":1193846,"relics_obtained":[{"floor":8.0,"key":"Snack Pack"},{"floor":9.0,"key":"ReplayTheSpireMod:TigerMarble"},{"floor":11.0,"key":"Dota2Spire:LotusOrb"}],"event_choices":[{"cards_removed":["Sucker Punch"],"damage_healed":5.0,"max_hp_gain":0.0,"max_hp_loss":0.0,"gold_gain":0.0,"event_name":"Bonfire Elementals","player_choice":"Offered Common","floor":3.0,"gold_loss":0.0,"damage_taken":0.0},{"cards_removed":["Sucker Punch"],"damage_healed":5.0,"max_hp_gain":0.0,"max_hp_loss":0.0,"gold_gain":0.0,"event_name":"Bonfire Elementals","player_choice":"Offered Special","floor":3.0,"gold_loss":0.0,"damage_taken":0.0},{"damage_healed":0.0,"max_hp_gain":0.0,"max_hp_loss":0.0,"gold_gain":75.0,"event_name":"World of Goop","player_choice":"Gather Gold","floor":6.0,"gold_loss":0.0,"damage_taken":11.0},{"damage_healed":0.0,"max_hp_gain":0.0,"max_hp_loss":0.0,"gold_gain":0.0,"event_name":"Scrap Ooze","player_choice":"Success","floor":7.0,"gold_loss":0.0,"damage_taken":5.0,"relics_obtained":["Blue Doll"]},{"damage_healed":0.0,"max_hp_gain":0.0,"max_hp_loss":0.0,"gold_gain":0.0,"event_name":"Living Wall","player_choice":"Grow","floor":13.0,"gold_loss":0.0,"damage_taken":0.0,"cards_upgraded":["Well Laid Plans"]}],"is_beta":false,"boss_relics":[],"items_purged_floors":[],"is_endless":false,"potions_floor_spawned":[2,4,8],"killed_by":"Gremlin Nob","ascension_level":20}}