{"host":"1vfpjvae9xcvmh7u","time":1611207119,"event":{"mods":["BaseMod","Downfall","Hermit","Hubris","Minty Spire (QoL Compilation)","Robot Space Explorer","StSLib","The Cursed","The Forsaken","The Necromancer","The Servant 0.9.4"],"gold_per_floor":[99,117,117,137,137,148,148,167,167,167,185,212,212,197,209,209,209,209],"floor_reached":16,"language":"ENG","playtime":1323,"items_purged":[],"score":102,"play_id":"9423d112-c899-4853-8af1-48452b3449af","local_time":"20210120213159","is_ascension_mode":false,"campfire_choices":[{"data":"champ:Execute","floor":1.0,"key":"SMITH"},{"floor":9.0,"key":"REST"},{"data":"champ:IgnorePain","floor":13.0,"key":"SMITH"}],"circlet_count":1,"master_deck":["champ:Strike","champ:Strike","champ:Strike","champ:Strike","champ:Defend","champ:Defend","champ:Defend","champ:Defend","champ:Execute+1","champ:Taunt","champ:StanceDance","Madness","champ:RisingSlash","Madness","champ:FocusedBerserking","champ:HeartStrike","champ:IgnorePain+1","champ:GladiatorStyle","champ:Endure"],"relics":["champ:ChampionCrown","hubris:Metronome","Circlet"],"acts_visited":["Exordium"],"potions_floor_usage":[16,16],"damage_taken":[{"damage":10.0,"enemies":"Cultist","floor":2.0,"turns":4.0},{"damage":1.0,"enemies":"Jaw Worm","floor":4.0,"turns":3.0},{"damage":15.0,"enemies":"Small Slimes","floor":6.0,"turns":4.0},{"damage":12.0,"enemies":"Blue Slaver","floor":8.0,"turns":2.0},{"damage":15.0,"enemies":"3 Louse","floor":11.0,"turns":2.0},{"damage":38.0,"enemies":"3 Sentries","floor":12.0,"turns":5.0},{"damage":20.0,"enemies":"downfall:FleeingMerchant","floor":14.0,"turns":4.0},{"damage":50,"enemies":"Exordium Thugs","floor":15,"turns":6},{"damage":100,"enemies":"IC_STATUS_ARCHETYPE","floor":16,"turns":10}],"seed_played":"-8840710714828377628","potions_obtained":[{"floor":2.0,"key":"FearPotion"},{"floor":11.0,"key":"Weak Potion"},{"floor":12.0,"key":"Dexterity Potion"}],"is_trial":false,"path_per_floor":["R","M","?","M","?","M","T","M","R","?","M","E","R","$","M","B"],"character_chosen":"THE_CHAMP","items_purchased":[],"campfire_rested":1,"item_purchase_floors":[],"current_hp_per_floor":[99,99,75,74,74,74,74,67,96,96,96,78,78,78,63,0,0,0],"gold":209,"neow_bonus":"TEN_PERCENT_HP_BONUS","is_daily":false,"chose_seed":false,"campfire_upgraded":2,"win_rate":0.0,"timestamp":1611207119,"path_taken":["R","M","?","M","?","M","T","?","R","?","M","E","R","$","M","BOSS"],"items_purchased_type":[],"build_version":"2020-12-22","purchased_purges":0,"victory":false,"max_hp_per_floor":[99,99,99,99,99,99,99,99,99,99,99,99,99,99,99,99,99,99],"card_choices":[{"not_picked":["champ:CrownThrow","champ:EndlessRage"],"picked":"champ:StanceDance","floor":2.0},{"not_picked":["hubris:Rewind","infinitespire:Collect"],"picked":"infinitespire:Gouge","floor":3.0},{"not_picked":["champ:FancyFootwork","champ:FaceSlap"],"picked":"champ:RisingSlash","floor":4.0},{"not_picked":["champ:Haymaker","champ:EnGarde","champ:FalseCounter"],"picked":"SKIP","floor":6.0},{"not_picked":["champ:IronFortress","champ:BringItOn"],"picked":"champ:FocusedBerserking","floor":8.0},{"not_picked":["champ:FanOfKnives","champ:PreciseThrust"],"picked":"champ:HeartStrike","floor":11.0},{"not_picked":["champ:DeathBlow","champ:StanceDance"],"picked":"champ:IgnorePain","floor":12.0},{"not_picked":["champ:PreciseThrust","champ:FlashCut"],"picked":"champ:GladiatorStyle","floor":14},{"not_picked":["champ:CrownThrow","champ:FaceSlap"],"picked":"champ:Endure","floor":15}],"player_experience":1791311,"relics_obtained":[{"floor":7.0,"key":"hubris:Metronome"},{"floor":12.0,"key":"Runesmith:Nanobots"}],"event_choices":[],"is_beta":false,"boss_relics":[],"items_purged_floors":[],"is_endless":false,"potions_floor_spawned":[2,11,12],"killed_by":"IC_STATUS_ARCHETYPE","ascension_level":0}}