{"host":"7qqg3hyzrz6apiso","time":1611245267,"event":{"mods":["AchievementEnabler","BaseMod","Better Debug","Colored Map","Keyboard Shortcuts","Minty Spire (QoL Compilation)","Permanent Neow","Quick Restart","StSLib","SuperFastMode"],"gold_per_floor":[10,23,23,42,55,55,55,55,55,55,66,66,66,100,100,203,253,272,289,303,317,17,17,17],"floor_reached":23,"language":"KOR","playtime":759,"items_purged":["Pain"],"score":203,"play_id":"a599b937-caa2-4482-b341-8814542c9cb8","local_time":"20210122010747","is_ascension_mode":true,"campfire_choices":[{"data":"Biased Cognition","floor":6,"key":"SMITH"},{"data":"Defragment","floor":8,"key":"SMITH"},{"data":"1","floor":10,"key":"LIFT"},{"data":"2","floor":12,"key":"LIFT"},{"floor":15,"key":"REST"}],"circlet_count":0,"master_deck":["Strike_B","Strike_B","Strike_B","Strike_B+1","Defend_B","Defend_B","Defend_B","Defend_B","Zap","Dualcast","Biased Cognition+1","Blizzard","Defragment+1","Gash","Ball Lightning","Hyperbeam","Thunder Strike","Go for the Eyes","Melter+1","Leap","Defragment+1","Apotheosis","Coolheaded"],"relics":["Cracked Core","Nunchaku","Girya","WarpedTongs","Ice Cream","Tiny House"],"acts_visited":["Exordium","TheCity"],"potions_floor_usage":[16,18,20,20,20,21,23],"damage_taken":[{"damage":1,"enemies":"Cultist","floor":1,"turns":3},{"damage":7,"enemies":"Small Slimes","floor":2,"turns":3},{"damage":3,"enemies":"Jaw Worm","floor":4,"turns":3},{"damage":14,"enemies":"Exordium Wildlife","floor":5,"turns":4},{"damage":1,"enemies":"3 Louse","floor":11,"turns":3},{"damage":17,"enemies":"3 Sentries","floor":14,"turns":4},{"damage":36,"enemies":"Hexaghost","floor":16,"turns":6},{"damage":8,"enemies":"Chosen","floor":18,"turns":3},{"damage":1,"enemies":"Spheric Guardian","floor":19,"turns":2},{"damage":3,"enemies":"Centurion and Healer","floor":20,"turns":3},{"damage":29,"enemies":"Cultist and Chosen","floor":21,"turns":5},{"damage":45,"enemies":"Slavers","floor":23,"turns":3}],"seed_played":"-6306949571455680708","potions_obtained":[{"floor":2,"key":"Swift Potion"},{"floor":14,"key":"Swift Potion"},{"floor":16,"key":"LiquidMemories"},{"floor":17,"key":"Energy Potion"},{"floor":19,"key":"LiquidMemories"},{"floor":20,"key":"Fruit Juice"},{"floor":21,"key":"Energy Potion"}],"is_trial":false,"path_per_floor":["M","M","T","M","M","R","?","R","T","R","M","R","?","E","R","B",null,"M","M","M","M","$","E"],"character_chosen":"DEFECT","items_purchased":["Apotheosis","Coolheaded"],"campfire_rested":1,"item_purchase_floors":[22,22],"current_hp_per_floor":[74,67,67,64,50,50,50,50,50,50,49,49,49,32,54,18,80,72,71,68,44,44,0,0],"gold":17,"neow_bonus":"THREE_RARE_CARDS","is_daily":false,"chose_seed":false,"campfire_upgraded":2,"win_rate":0.0,"timestamp":1611245267,"path_taken":["M","?","?","M","M","R","?","R","T","R","?","R","?","E","R","BOSS","M","M","M","?","$","E"],"items_purchased_type":["Card","Card"],"build_version":"2020-12-22","purchased_purges":1,"victory":false,"max_hp_per_floor":[75,75,75,75,75,75,75,75,75,75,75,75,75,75,75,75,80,80,80,80,85,85,85,85],"card_choices":[{"not_picked":["Buffer","Reboot"],"picked":"Biased Cognition","floor":0},{"not_picked":["Barrage","Gash"],"picked":"Blizzard","floor":1},{"not_picked":["FTL","Ball Lightning"],"picked":"Defragment","floor":2},{"not_picked":["Blizzard","Sweeping Beam"],"picked":"Gash","floor":4},{"not_picked":["Steam","Barrage","Rip and Tear"],"picked":"SKIP","floor":5},{"not_picked":["Chaos","Sweeping Beam"],"picked":"Ball Lightning","floor":11},{"not_picked":["White Noise","Hologram"],"picked":"Hyperbeam","floor":14},{"not_picked":["Reboot","Rainbow"],"picked":"Thunder Strike","floor":16},{"not_picked":["Static Discharge","Streamline"],"picked":"Go for the Eyes","floor":17},{"not_picked":["Stack","Turbo+1"],"picked":"Melter+1","floor":18},{"not_picked":["Steam","Sweeping Beam","Rebound"],"picked":"SKIP","floor":19},{"not_picked":["Aggregate+1","Rip and Tear"],"picked":"Leap","floor":20},{"not_picked":["Buffer","Go for the Eyes"],"picked":"Defragment+1","floor":21}],"player_experience":148371,"relics_obtained":[{"floor":3,"key":"Nunchaku"},{"floor":9,"key":"Girya"},{"floor":14,"key":"Ice Cream"}],"event_choices":[{"damage_healed":0,"gold_gain":0,"player_choice":"0 cards matched","damage_taken":0,"max_hp_gain":0,"max_hp_loss":0,"event_name":"Match and Keep!","floor":7,"gold_loss":0,"cards_obtained":[]},{"damage_healed":0,"gold_gain":0,"player_choice":"Rummage","damage_taken":0,"relics_obtained":["WarpedTongs"],"max_hp_gain":0,"max_hp_loss":0,"event_name":"Accursed Blacksmith","floor":13,"gold_loss":0,"cards_obtained":["Pain"]}],"is_beta":false,"boss_relics":[{"not_picked":["Velvet Choker","Sozu"],"picked":"Tiny House"}],"items_purged_floors":[22],"is_endless":false,"potions_floor_spawned":[2,14,16,19,20,21],"killed_by":"Slavers","ascension_level":1}}