{"host":"t4bl6qmmsws2mq4o","time":1611210653,"event":{"mods":["AchievementEnabler","Act Like it!","BaseMod","Better Note","Downfall","Duelist Mod","GifTheSpireLib","Hermit","Minty Spire (QoL Compilation)","StSLib","The Alterego","The Death Knight","The Jungle","The Marked","The Poker Player"],"gold_per_floor":[144,144,163,179,196,229,229,404,404,404,420,433,135,152,152,251,251,251,231,231,231,231,231,231,231,231,231,231,231,231,231,231,231,231,231,157,7,7,7,7,7,0,0,0,0,0,0,0,0,0],"floor_reached":51,"language":"ENG","playtime":3425,"items_purged":["Doubt"],"score":965,"play_id":"3aecb6bc-129b-427c-9ea0-aeebe10d645a","local_time":"20210120223053","is_ascension_mode":false,"campfire_choices":[{"data":"theDuelist:RainbowOverdragon","floor":7,"key":"SMITH"},{"data":"theDuelist:Raigeki","floor":15,"key":"SMITH"},{"data":"theDuelist:TyrantWing","floor":30,"key":"SMITH"},{"data":"theDuelist:BusterBladerDDS","floor":32,"key":"SMITH"},{"data":"theDuelist:DragonMastery","floor":46,"key":"SMITH"},{"floor":49,"key":"REST"}],"circlet_count":0,"master_deck":["theDuelist:DragonMastery+1","theDuelist:EvolutionBurst+1","theDuelist:DragonCaptureJar+1","theDuelist:HymnOfLight+1","theDuelist:SuperStridentBlaze+1","theDuelist:CoralDragon+1","theDuelist:SafeZone+1","theDuelist:Raigeki+1","theDuelist:SliferSky+1","theDuelist:CyberDragonVier+1","theDuelist:DoomkaiserDragon","theDuelist:YamataDragon","theDuelist:SilverWing+1","theDuelist:StardustDragon+1","theDuelist:TyrantWing+1","theDuelist:CyberDragonCore+1","theDuelist:DragonPiper+1","theDuelist:BabyDragon","theDuelist:LesserDragon","theDuelist:RainbowOverdragon+1","theDuelist:AncientPixieDragon+1","theDuelist:CaveDragon","theDuelist:FluteSummoning+1","theDuelist:LesserDragon","theDuelist:CurseDragon","theDuelist:BusterBladerDDS+1","theDuelist:BabyDragon+1","theDuelist:BarrelDragon+1","theDuelist:RainbowOverdragon+1","theDuelist:BusterDrake+1","theDuelist:ExploderDragon+1","theDuelist:CaveDragon","theDuelist:SilverDragon"],"relics":["theDuelist:MillenniumPuzzle","theDuelist:CardPoolRelic","theDuelist:CardPoolBasicRelic","theDuelist:BoosterPackPoolRelic","theDuelist:CardPoolAddRelic","theDuelist:CardPoolMinusRelic","theDuelist:CardPoolSaveRelic","theDuelist:CardPoolOptionsRelic","theDuelist:SummonAnchorRare","Toxic Egg 2","theDuelist:ElectricToken","theDuelist:MillenniumSymbol","Ectoplasm","theDuelist:SolderToken","Bottled Flame","Bottled Tornado","Regal Pillow","Anchor","MutagenicStrength","Pandora\u0027s Box","theDuelist:NamelessPowerRelicA","Prayer Wheel","Red Mask","Darkstone Periapt","Centennial Puzzle","Dead Branch"],"acts_visited":["Exordium","TheCity","TheBeyond"],"potions_floor_usage":[33,50,50],"damage_taken":[{"damage":0,"enemies":"2 Louse","floor":1,"turns":2},{"damage":0,"enemies":"Cultist","floor":3,"turns":4},{"damage":0,"enemies":"Jaw Worm","floor":4,"turns":6},{"damage":6,"enemies":"Looter","floor":5,"turns":3},{"damage":26,"enemies":"Gremlin Nob","floor":6,"turns":4},{"damage":9,"enemies":"Red Slaver","floor":11,"turns":2},{"damage":3,"enemies":"3 Louse","floor":12,"turns":3},{"damage":0,"enemies":"Exordium Wildlife","floor":14,"turns":4},{"damage":0,"enemies":"Slime Boss","floor":16,"turns":5},{"damage":0,"enemies":"Chosen","floor":18,"turns":3},{"damage":0,"enemies":"Spheric Guardian","floor":22,"turns":3},{"damage":0,"enemies":"Book of Stabbing","floor":23,"turns":5},{"damage":0,"enemies":"3 Cultists","floor":24,"turns":5},{"damage":17,"enemies":"theDuelist:KaibaA2","floor":25,"turns":6},{"damage":0,"enemies":"Gremlin Leader","floor":27,"turns":5},{"damage":7,"enemies":"Automaton","floor":33,"turns":11},{"damage":0,"enemies":"Orb Walker","floor":35,"turns":3},{"damage":0,"enemies":"3 Darklings","floor":39,"turns":8},{"damage":27,"enemies":"Nemesis","floor":40,"turns":6},{"damage":11,"enemies":"Sphere and 2 Shapes","floor":41,"turns":6},{"damage":0,"enemies":"Giant Head","floor":44,"turns":6},{"damage":0,"enemies":"Maw","floor":45,"turns":6},{"damage":0,"enemies":"4 Shapes","floor":48,"turns":2},{"damage":7,"enemies":"Time Eater","floor":50,"turns":12}],"seed_played":"228445983027072300","potions_obtained":[{"floor":4,"key":"theDuelist:ExtraOrbsBottle"},{"floor":6,"key":"Regen Potion"},{"floor":12,"key":"sneckomod:MuddlingPotion"},{"floor":14,"key":"theDuelist:MillenniumElixir"},{"floor":16,"key":"theDuelist:WhiteBottle"},{"floor":35,"key":"theDuelist:DragonOrbPlusBottle"}],"is_trial":false,"path_per_floor":["M","?","M","M","M","E","R","?","T","?","M","M","$","M","R","B",null,"M","?","?","T","M","E","M","E","T","E","?","?","R","$","R","B",null,"M","?","$","?","M","E","M","?","T","E","M","R","?","M","R","B",null],"character_chosen":"THE_DUELIST","items_purchased":["theDuelist:MillenniumSymbol","theDuelist:HymnOfLight+1","theDuelist:DragonMastery"],"campfire_rested":1,"item_purchase_floors":[13,13,37],"current_hp_per_floor":[88,82,82,82,76,50,50,50,50,50,41,38,38,38,38,38,88,88,88,88,88,88,88,88,71,71,71,71,71,71,71,71,64,88,88,88,88,84,84,57,46,46,46,46,46,46,46,46,84,77],"gold":0,"neow_bonus":"TEN_PERCENT_HP_BONUS","is_daily":false,"chose_seed":false,"campfire_upgraded":5,"win_rate":0.0,"timestamp":1611210653,"path_taken":["M","?","M","?","M","E","R","?","T","?","M","M","$","?","R","BOSS","M","?","?","?","?","E","M","E","T","E","?","?","R","$","R","BOSS","M","?","?","?","M","E","M","?","T","E","?","R","?","?","R","BOSS"],"items_purchased_type":["Relic","Card","Card"],"build_version":"2020-12-22","purchased_purges":1,"victory":true,"max_hp_per_floor":[88,88,88,88,88,88,88,88,88,88,88,88,88,88,88,88,88,88,88,88,88,88,88,88,88,88,88,88,88,88,88,88,88,88,88,88,88,84,84,84,84,84,84,84,84,84,84,84,84,84],"card_choices":[{"not_picked":["theDuelist:YamataDragon","theDuelist:BlackPtera","theDuelist:RedRisingDragon","theDuelist:StampingDestruction"],"picked":"theDuelist:SilverDragon","floor":1},{"not_picked":["theDuelist:SilverWing","theDuelist:GalaxySoldier","theDuelist:CyberLaserDragon","theDuelist:TotemDragon"],"picked":"theDuelist:TyrantWing","floor":3},{"not_picked":["theDuelist:MadSwordBeast","theDuelist:LesserDragon","theDuelist:BlackPtera","theDuelist:BlackBrachios"],"picked":"theDuelist:CurseDragon","floor":4},{"not_picked":["theDuelist:CyberTwinDragon","theDuelist:BlackPtera","theDuelist:BlackBrachios","theDuelist:TrihornedDragon","theDuelist:Kabazauls"],"picked":"SKIP","floor":5},{"not_picked":["theDuelist:GoldenApples+1","theDuelist:ForbiddenLance","theDuelist:SmashingGround","theDuelist:Solidarity"],"picked":"theDuelist:RainbowOverdragon","floor":6},{"not_picked":["theDuelist:MadSwordBeast","theDuelist:YamataDragon","theDuelist:DefenseDraw+1","theDuelist:SuperancientDinobeast+1"],"picked":"theDuelist:CoralDragon+1","floor":11},{"not_picked":["theDuelist:BattleguardKing","theDuelist:BigFire","theDuelist:Hinotama","theDuelist:RainbowOverdragon"],"picked":"theDuelist:Raigeki","floor":12},{"not_picked":["theDuelist:Pyrorex","theDuelist:SnowDragon+1","theDuelist:AquaDolphin+1","theDuelist:InfernityDoomDragon"],"picked":"theDuelist:DragonPiper+1","floor":14},{"not_picked":["theDuelist:SeismicShockwave","theDuelist:Scapegoat+1","theDuelist:LostWorld","theDuelist:FiveHeaded"],"picked":"theDuelist:DoomkaiserDragon","floor":16},{"not_picked":["theDuelist:SpiralSpearStrike+1","theDuelist:CyberEltanin+1","theDuelist:BoosterDragon","theDuelist:ArmageddonDragonEmp"],"picked":"theDuelist:StardustDragon+1","floor":18},{"not_picked":["theDuelist:BattleguardKing+1","theDuelist:BigFire+1","theDuelist:LightningDarts","theDuelist:Raigeki"],"picked":"theDuelist:RainbowOverdragon+1","floor":22},{"not_picked":["theDuelist:YamataDragon+1","theDuelist:BlackBrutdrago","theDuelist:Freezadon+1","theDuelist:AncientPixieDragon+1"],"picked":"theDuelist:CyberDragonVier+1","floor":23},{"not_picked":["theDuelist:TwinBarrelDragon+1","theDuelist:CyberDragonDrei+1","theDuelist:Earthquake","theDuelist:MadSwordBeast+1"],"picked":"theDuelist:CyberDragonCore+1","floor":24},{"not_picked":["theDuelist:Hydrogeddon","theDuelist:Dracocension+1","theDuelist:DarkfireDragon+1","theDuelist:SoulCharge+1"],"picked":"theDuelist:ExploderDragon+1","floor":25},{"not_picked":["theDuelist:Kabazauls","theDuelist:BlackStego","theDuelist:TornadoDragon+1","theDuelist:MegafleetDragon+1","theDuelist:OneDayPeace+1"],"picked":"SKIP","floor":27},{"not_picked":["theDuelist:VoidOgreDragon","theDuelist:DoomkaiserDragon","theDuelist:DefensiveTactics+1","theDuelist:ChimeratechOverdragon"],"picked":"theDuelist:SliferSky+1","floor":33},{"not_picked":["theDuelist:SpiralSpearStrike","theDuelist:Earthquake+1","theDuelist:OneDayPeace+1","theDuelist:FluteSummoning+1"],"picked":"theDuelist:SilverWing+1","floor":35},{"not_picked":["theDuelist:Beatraptor+1","theDuelist:DefenseZone+1","theDuelist:BarrelDragon","theDuelist:SpiralSpearStrike+1"],"picked":"theDuelist:BabyDragon+1","floor":39},{"not_picked":["theDuelist:TwinBarrelDragon+1","theDuelist:DragonPiper+1","theDuelist:BlackBrutdrago+1","theDuelist:StampingDestruction+2"],"picked":"theDuelist:BusterDrake+1","floor":40},{"not_picked":["theDuelist:Hydrogeddon+1","theDuelist:CoralDragon+1","theDuelist:TornadoDragon+1","theDuelist:EvilMind+1"],"picked":"theDuelist:AncientPixieDragon+1","floor":41},{"not_picked":["theDuelist:ViceDragon","theDuelist:Frostosaurus+1","theDuelist:BusterBlader","theDuelist:BlackVeloci+1","theDuelist:AutorokketDragon"],"picked":"SKIP","floor":41},{"not_picked":["theDuelist:TrihornedDragon","theDuelist:MadFlameKaiju","theDuelist:GiantRex","theDuelist:BlackTyranno+1","theDuelist:BarrelDragon"],"picked":"SKIP","floor":44},{"not_picked":["theDuelist:MadSwordBeast","theDuelist:BlackTyranno","theDuelist:TrihornedDragon+1","theDuelist:MadFlameKaiju"],"picked":"theDuelist:BarrelDragon+1","floor":45},{"not_picked":["theDuelist:TwinBarrelDragon+1","theDuelist:ArmedDragon3+1","theDuelist:CyberDragon+1","theDuelist:JurassicImpact","theDuelist:Frostosaurus+1"],"picked":"SKIP","floor":45},{"not_picked":["theDuelist:TyrantWing+1","theDuelist:FireDarts+1","theDuelist:DefenseZone+1","theDuelist:DefenseDraw+1"],"picked":"theDuelist:DragonCaptureJar+1","floor":48},{"not_picked":["theDuelist:Hydrogeddon","theDuelist:Earthquake+1","theDuelist:Duoterion+1","theDuelist:DragonPiper+1","theDuelist:RedHeadedOni+1"],"picked":"SKIP","floor":48}],"player_experience":504701,"relics_obtained":[{"floor":6,"key":"Toxic Egg 2"},{"floor":9,"key":"theDuelist:ElectricToken"},{"floor":21,"key":"theDuelist:SolderToken"},{"floor":23,"key":"Bottled Flame"},{"floor":25,"key":"Bottled Tornado"},{"floor":26,"key":"Regal Pillow"},{"floor":27,"key":"Anchor"},{"floor":40,"key":"Prayer Wheel"},{"floor":43,"key":"Darkstone Periapt"},{"floor":44,"key":"Centennial Puzzle"}],"event_choices":[{"damage_healed":0,"gold_gain":0,"player_choice":"Dig - random Duelist relic","duelist":true,"damage_taken":0,"max_hp_gain":0,"max_hp_loss":0,"event_name":"Aknamkanon\u0027s Tomb","floor":2,"gold_loss":0},{"damage_healed":0,"gold_gain":175,"player_choice":"AGREE","damage_taken":0,"max_hp_gain":0,"max_hp_loss":0,"event_name":"Liars Game","floor":8,"gold_loss":0,"cards_obtained":["Doubt"]},{"damage_healed":0,"gold_gain":0,"player_choice":"Leave","duelist":true,"damage_taken":0,"max_hp_gain":0,"max_hp_loss":0,"event_name":"Relic Duplicator","floor":10,"gold_loss":0},{"damage_healed":0,"gold_gain":0,"player_choice":"Bought 1 Potion","damage_taken":0,"max_hp_gain":0,"max_hp_loss":0,"event_name":"The Woman in Blue","floor":19,"gold_loss":0},{"damage_healed":0,"gold_gain":0,"player_choice":"Leave","duelist":true,"damage_taken":0,"max_hp_gain":0,"max_hp_loss":0,"event_name":"Visit from Anubis","floor":20,"gold_loss":0},{"damage_healed":0,"gold_gain":0,"player_choice":"1 cards matched","damage_taken":0,"max_hp_gain":0,"max_hp_loss":0,"event_name":"Match and Keep!","floor":28,"gold_loss":0,"cards_obtained":["theDuelist:BusterBladerDDS"]},{"damage_healed":0,"gold_gain":0,"player_choice":"Inject Mutagens","damage_taken":0,"relics_obtained":["MutagenicStrength"],"max_hp_gain":0,"max_hp_loss":0,"event_name":"Drug Dealer","floor":29,"gold_loss":0},{"power_reward":2,"total_magic_score":112,"gold_gain":0,"duelist":true,"damage_taken":0,"relics_obtained":["theDuelist:NamelessPowerRelicA"],"points":6,"max_hp_gain":0,"max_hp_loss":0,"spent_points":{"magic":1,"greed":2,"war":0,"power":2,"hunger":0},"event_name":"Nameless Tomb","floor":36,"gold_loss":74,"cards_obtained":[]},{"damage_healed":0,"gold_gain":0,"player_choice":"Max HP","damage_taken":0,"max_hp_gain":0,"max_hp_loss":4,"event_name":"Winding Halls","floor":38,"gold_loss":0},{"damage_healed":0,"gold_gain":0,"player_choice":"Paid","damage_taken":0,"relics_obtained":["Red Mask"],"max_hp_gain":0,"max_hp_loss":0,"event_name":"Tomb of Lord Red Mask","floor":42,"gold_loss":7},{"damage_healed":0,"gold_gain":0,"player_choice":"Gave Potion","damage_taken":0,"relics_obtained":["Dead Branch"],"max_hp_gain":0,"max_hp_loss":0,"event_name":"WeMeetAgain","floor":47,"gold_loss":0}],"is_beta":false,"boss_relics":[{"not_picked":["Mark of Pain","SlaversCollar"],"picked":"Ectoplasm"},{"not_picked":["Calling Bell","theDuelist:ElectricKey"],"picked":"Pandora\u0027s Box"}],"items_purged_floors":[13],"is_endless":false,"potions_floor_spawned":[4,6,12,14,16,18,23,27,33,35,45],"ascension_level":0}}