{"host":"13o02hya6v6rzuva","time":1611233604,"event":{"mods":["BaseMod","Minty Spire (QoL Compilation)","Relic Stats"],"gold_per_floor":[114,36,36,56,56,56,91,91,91,110,110,285,318,330,330,428,428,438,438,457,470,395,395,395],"floor_reached":23,"language":"ENG","playtime":870,"items_purged":[],"score":299,"play_id":"2e6922b5-bcda-4004-a116-4902fa3cf67c","local_time":"20210121135324","is_ascension_mode":true,"campfire_choices":[{"data":"Deadly Poison","floor":6,"key":"SMITH"},{"floor":8,"key":"RECALL"},{"data":"PiercingWail","floor":11,"key":"SMITH"},{"floor":15,"key":"REST"}],"circlet_count":0,"master_deck":["AscendersBane","Strike_G","Strike_G","Strike_G","Strike_G","Strike_G","Defend_G","Defend_G","Defend_G","Defend_G","Defend_G","Survivor+1","Neutralize","Deadly Poison+1","Noxious Fumes+1","Calculated Gamble","PiercingWail+1","Backflip","Die Die Die","Backflip+1"],"relics":["Ring of the Snake","Ancient Tea Set","Mercury Hourglass","Bird Faced Urn","Runic Pyramid","MutagenicStrength"],"acts_visited":["Exordium","TheCity"],"potions_floor_usage":[13,18,21,21],"damage_taken":[{"damage":6,"enemies":"Cultist","floor":1,"turns":4},{"damage":2,"enemies":"Small Slimes","floor":4,"turns":4},{"damage":12,"enemies":"Lagavulin","floor":7,"turns":7},{"damage":0,"enemies":"Jaw Worm","floor":10,"turns":3},{"damage":21,"enemies":"Gremlin Nob","floor":13,"turns":4},{"damage":0,"enemies":"Exordium Wildlife","floor":14,"turns":4},{"damage":28,"enemies":"Hexaghost","floor":16,"turns":9},{"damage":8,"enemies":"3 Byrds","floor":18,"turns":4},{"damage":20,"enemies":"2 Thieves","floor":20,"turns":4},{"damage":31,"enemies":"Snecko","floor":21,"turns":8},{"damage":32,"enemies":"Book of Stabbing","floor":23,"turns":3}],"seed_played":"-7559294349663956707","potions_obtained":[{"floor":4,"key":"Strength Potion"},{"floor":7,"key":"AttackPotion"},{"floor":16,"key":"Fire Potion"},{"floor":20,"key":"AttackPotion"}],"is_trial":false,"path_per_floor":["M","$","?","M","?","R","E","R","T","M","R","?","E","M","R","B",null,"M","?","M","M","?","E"],"character_chosen":"THE_SILENT","items_purchased":["Noxious Fumes"],"campfire_rested":1,"item_purchase_floors":[2],"current_hp_per_floor":[64,64,49,47,52,52,40,40,40,40,40,40,19,19,43,17,66,60,60,42,13,13,0,0],"gold":395,"neow_bonus":"TEN_PERCENT_HP_BONUS","is_daily":false,"chose_seed":false,"campfire_upgraded":2,"win_rate":0.0,"timestamp":1611233604,"path_taken":["M","?","?","M","?","R","E","R","T","M","R","?","E","M","R","BOSS","M","?","M","M","?","E"],"items_purchased_type":["Card"],"build_version":"2020-12-22","purchased_purges":0,"victory":false,"max_hp_per_floor":[77,77,77,77,82,82,82,82,82,82,82,82,82,82,82,82,82,82,82,82,82,82,82,82],"relic_stats":{"counters":[11,54],"Bird Faced Urn":[10],"obtain_stats":[{"Bird Faced Urn":13,"MutagenicStrength":19,"Ancient Tea Set":7,"Ring of the Snake":0,"Mercury Hourglass":9,"Runic Pyramid":17},{"Bird Faced Urn":5,"MutagenicStrength":8,"Ancient Tea Set":3,"Ring of the Snake":0,"Mercury Hourglass":3,"Runic Pyramid":7},{"Bird Faced Urn":22,"MutagenicStrength":39,"Ancient Tea Set":15,"Ring of the Snake":0,"Mercury Hourglass":15,"Runic Pyramid":35}],"Ring of the Snake":[22],"Mercury Hourglass":[144]},"card_choices":[{"not_picked":["Sucker Punch","Acrobatics"],"picked":"Deadly Poison","floor":1},{"not_picked":["Unload","Slice","Prepared"],"picked":"SKIP","floor":4},{"not_picked":["Underhanded Strike","Blade Dance"],"picked":"Calculated Gamble","floor":7},{"not_picked":["Cloak And Dagger","Bane"],"picked":"PiercingWail","floor":10},{"not_picked":["Dagger Throw","Setup"],"picked":"Backflip","floor":13},{"not_picked":["Sucker Punch","Dodge and Roll","Dagger Spray"],"picked":"SKIP","floor":14},{"not_picked":["Malaise","Envenom"],"picked":"Die Die Die","floor":16},{"not_picked":["Dagger Throw","Distraction","Slice"],"picked":"SKIP","floor":18},{"not_picked":["Finisher+1","Outmaneuver","Dagger Spray"],"picked":"SKIP","floor":20},{"not_picked":["Choke","Dodge and Roll+1"],"picked":"Backflip+1","floor":21}],"player_experience":1143118,"relics_obtained":[{"floor":7,"key":"Ancient Tea Set"},{"floor":9,"key":"Mercury Hourglass"},{"floor":13,"key":"Bird Faced Urn"}],"event_choices":[{"damage_healed":0,"gold_gain":0,"player_choice":"Entered Light","damage_taken":15,"max_hp_gain":0,"max_hp_loss":0,"event_name":"Shining Light","floor":3,"gold_loss":0,"cards_upgraded":["Survivor","Noxious Fumes"]},{"damage_healed":0,"gold_gain":0,"player_choice":"Donut","damage_taken":0,"max_hp_gain":5,"max_hp_loss":0,"event_name":"Big Fish","floor":5,"gold_loss":0},{"damage_healed":0,"gold_gain":175,"player_choice":"AGREE","damage_taken":0,"max_hp_gain":0,"max_hp_loss":0,"event_name":"Liars Game","floor":12,"gold_loss":0,"cards_obtained":["Doubt"]},{"damage_healed":0,"gold_gain":0,"player_choice":"Inject Mutagens","damage_taken":0,"relics_obtained":["MutagenicStrength"],"max_hp_gain":0,"max_hp_loss":0,"event_name":"Drug Dealer","floor":19,"gold_loss":0},{"cards_removed":["Doubt"],"damage_healed":0,"gold_gain":0,"player_choice":"Gave Gold","damage_taken":0,"max_hp_gain":0,"max_hp_loss":0,"event_name":"Beggar","floor":22,"gold_loss":75}],"is_beta":false,"boss_relics":[{"not_picked":["Astrolabe","SlaversCollar"],"picked":"Runic Pyramid"}],"items_purged_floors":[],"is_endless":false,"potions_floor_spawned":[4,7,16,20],"killed_by":"Book of Stabbing","ascension_level":10}}