{"host":"3y2rtlgteqp2nuo3","time":1611231545,"event":{"mods":["2.2 Compatiblity","AchievementEnabler","BaseMod","Colored Map","DeckTracker","Highlight Path","Keyboard Shortcuts","Minty Spire (QoL Compilation)","Permanent Neow","Quick Restart","StSLib","SuperFastMode","everything is the same but u backflip on backflip"],"gold_per_floor":[15,31,44,59,70,70,88,88,88,88,88,106,281,295,295,394,394,418,418,434,434,213,247,217,232,232,255,255,280,280,141,141,237,237,251,56,79,79,79,79,117,130,130,130,57,0,0,19,19,19],"floor_reached":51,"language":"KOR","playtime":1289,"items_purged":["Doubt","Injury","Strike_G"],"score":1305,"play_id":"8c67738d-1546-4dd5-b8f0-581b7ba94478","local_time":"20210121211905","is_ascension_mode":true,"campfire_choices":[{"data":"Deadly Poison","floor":6.0,"key":"SMITH"},{"data":"Burst","floor":8.0,"key":"SMITH"},{"floor":11.0,"key":"REST"},{"data":"Catalyst","floor":15.0,"key":"SMITH"},{"floor":28.0,"key":"REST"},{"floor":30.0,"key":"REST"},{"floor":32.0,"key":"REST"},{"data":"Wraith Form v2","floor":40,"key":"SMITH"},{"data":"Night Terror","floor":47,"key":"SMITH"},{"floor":49,"key":"REST"}],"circlet_count":0,"master_deck":["AscendersBane","Strike_G","Strike_G","Strike_G","Defend_G","Defend_G","Defend_G","Defend_G","Survivor","Neutralize","Dagger Throw","Catalyst+1","Deadly Poison+1","Acrobatics","Burst+1","Bouncing Flask","Noxious Fumes","Bullet Time","PiercingWail","Outmaneuver","Adrenaline","Leg Sweep+1","Distraction+1","Crippling Poison","Wraith Form v2+1","Catalyst","Catalyst","Night Terror+1"],"relics":["Ring of the Snake","StoneCalendar","Golden Idol","Cursed Key","Anchor","Du-Vu Doll","Philosopher\u0027s Stone","Spirit Poop","Pantograph","Red Mask"],"acts_visited":["Exordium","TheCity","TheBeyond"],"potions_floor_usage":[37,37,37],"damage_taken":[{"damage":0.0,"enemies":"Jaw Worm","floor":1.0,"turns":4.0},{"damage":4.0,"enemies":"Small Slimes","floor":2.0,"turns":4.0},{"damage":0.0,"enemies":"2 Louse","floor":3.0,"turns":2.0},{"damage":13.0,"enemies":"Exordium Thugs","floor":4.0,"turns":7.0},{"damage":0.0,"enemies":"Blue Slaver","floor":5.0,"turns":5.0},{"damage":4.0,"enemies":"Red Slaver","floor":7.0,"turns":4.0},{"damage":0.0,"enemies":"Looter","floor":12.0,"turns":4.0},{"damage":0.0,"enemies":"Large Slime","floor":14.0,"turns":6.0},{"damage":0.0,"enemies":"Slime Boss","floor":16.0,"turns":1.0},{"damage":8.0,"enemies":"3 Byrds","floor":18.0,"turns":4.0},{"damage":1.0,"enemies":"Shell Parasite","floor":20.0,"turns":3.0},{"damage":16.0,"enemies":"Book of Stabbing","floor":23.0,"turns":3.0},{"damage":20.0,"enemies":"Shelled Parasite and Fungi","floor":25.0,"turns":3.0},{"damage":0.0,"enemies":"Cultist and Chosen","floor":27.0,"turns":4.0},{"damage":13.0,"enemies":"Centurion and Healer","floor":29.0,"turns":5.0},{"damage":47.0,"enemies":"Automaton","floor":33.0,"turns":7.0},{"damage":0.0,"enemies":"3 Shapes","floor":35.0,"turns":7.0},{"damage":23,"enemies":"3 Darklings","floor":37,"turns":3},{"damage":0,"enemies":"Reptomancer","floor":41,"turns":2},{"damage":0,"enemies":"Transient","floor":42,"turns":5},{"damage":3,"enemies":"Sphere and 2 Shapes","floor":48,"turns":5},{"damage":42,"enemies":"Time Eater","floor":50,"turns":7}],"seed_played":"-7518585604562927465","potions_obtained":[{"floor":1.0,"key":"EssenceOfSteel"},{"floor":4.0,"key":"Strength Potion"},{"floor":5.0,"key":"Energy Potion"},{"floor":7.0,"key":"GhostInAJar"},{"floor":16.0,"key":"BlessingOfTheForge"},{"floor":24.0,"key":"GamblersBrew"},{"floor":27.0,"key":"SteroidPotion"},{"floor":29.0,"key":"EssenceOfSteel"},{"floor":35.0,"key":"Explosive Potion"},{"floor":37,"key":"Fruit Juice"}],"is_trial":false,"path_per_floor":["M","M","M","M","M","R","M","R","T","?","R","M","?","M","R","B",null,"M","?","M","T","$","E","?","M","T","M","R","M","R","$","R","B",null,"M","$","M","?","?","R","E","M","T","T","$","?","R","M","R","B",null],"character_chosen":"THE_SILENT","items_purchased":["Anchor","Crippling Poison","Catalyst","Night Terror"],"campfire_rested":5,"item_purchase_floors":[22,31,36,45],"current_hp_per_floor":[59,55,55,42,42,42,38,38,38,38,57,57,57,57,57,57,64,56,56,55,55,55,39,39,19,19,19,38,25,44,44,63,16,54,54,54,36,54,54,54,54,54,54,54,54,54,54,51,71,29],"gold":19,"neow_bonus":"REMOVE_TWO","is_daily":false,"chose_seed":false,"campfire_upgraded":5,"win_rate":0.0,"timestamp":1611231545,"path_taken":["M","M","M","M","M","R","M","R","T","?","R","M","?","M","R","BOSS","M","?","M","?","$","E","?","M","T","?","R","M","R","$","R","BOSS","M","$","M","?","?","R","E","?","T","?","$","?","R","M","R","BOSS"],"items_purchased_type":["Relic","Card","Card","Card"],"build_version":"2020-12-22","purchased_purges":3,"victory":true,"max_hp_per_floor":[66,66,66,66,66,66,66,66,66,66,66,66,66,66,66,66,66,66,66,66,66,66,66,66,66,66,66,66,66,66,66,66,66,66,66,66,71,71,71,71,71,71,71,71,71,71,71,71,71,71],"card_choices":[{"not_picked":["Accuracy","Distraction"],"picked":"Dagger Throw","floor":1.0},{"not_picked":["Dagger Spray","Backflip"],"picked":"Catalyst","floor":2.0},{"not_picked":["Dodge and Roll","Prepared"],"picked":"Deadly Poison","floor":3.0},{"not_picked":["Cloak And Dagger","Prepared"],"picked":"Acrobatics","floor":4.0},{"not_picked":["Prepared","Backflip"],"picked":"Burst","floor":5.0},{"not_picked":["Skewer","Dodge and Roll"],"picked":"Bouncing Flask","floor":7.0},{"not_picked":["Blade Dance","Slice","Blur"],"picked":"SKIP","floor":12.0},{"not_picked":["Malaise","Bane"],"picked":"Noxious Fumes","floor":14.0},{"not_picked":["Venomology","Grand Finale"],"picked":"Bullet Time","floor":16.0},{"not_picked":["Caltrops","Cloak And Dagger"],"picked":"PiercingWail","floor":18.0},{"not_picked":["Deflect","Sucker Punch","Underhanded Strike"],"picked":"SKIP","floor":20.0},{"not_picked":["Backflip","Calculated Gamble"],"picked":"Outmaneuver","floor":23.0},{"not_picked":["PiercingWail","Infinite Blades"],"picked":"Adrenaline","floor":25.0},{"not_picked":["Quick Slash","Crippling Poison"],"picked":"Leg Sweep+1","floor":27.0},{"not_picked":["Poisoned Stab","Slice"],"picked":"Distraction+1","floor":29.0},{"not_picked":["A Thousand Cuts","Doppelganger"],"picked":"Wraith Form v2","floor":33.0},{"not_picked":["Poisoned Stab","Underhanded Strike+1","Backstab"],"picked":"SKIP","floor":35.0},{"not_picked":["PiercingWail","Terror","Sucker Punch+1"],"picked":"SKIP","floor":37},{"not_picked":["Outmaneuver","Dash"],"picked":"Catalyst","floor":41},{"not_picked":["Acrobatics","Dagger Spray+1","Deadly Poison"],"picked":"SKIP","floor":42},{"not_picked":["Sucker Punch+1","Dagger Throw+1","Bullet Time"],"picked":"SKIP","floor":48}],"player_experience":703078,"relics_obtained":[{"floor":9.0,"key":"StoneCalendar"},{"floor":23.0,"key":"Du-Vu Doll"},{"floor":41,"key":"Pantograph"}],"event_choices":[{"damage_healed":0.0,"max_hp_gain":0.0,"max_hp_loss":0.0,"gold_gain":0.0,"event_name":"Golden Idol","player_choice":"Take Wound","floor":10.0,"gold_loss":0.0,"damage_taken":0.0,"relics_obtained":["Golden Idol"],"cards_obtained":["Injury"]},{"damage_healed":0.0,"max_hp_gain":0.0,"max_hp_loss":0.0,"gold_gain":175.0,"event_name":"Liars Game","player_choice":"AGREE","floor":13.0,"gold_loss":0.0,"damage_taken":0.0,"cards_obtained":["Doubt"]},{"damage_healed":0.0,"max_hp_gain":0.0,"max_hp_loss":0.0,"gold_gain":0.0,"event_name":"Cursed Tome","player_choice":"Ignored","floor":19.0,"gold_loss":0.0,"damage_taken":0.0},{"damage_healed":0.0,"max_hp_gain":0.0,"max_hp_loss":0.0,"gold_gain":0.0,"event_name":"The Woman in Blue","player_choice":"Bought 2 Potions","floor":24.0,"gold_loss":0.0,"damage_taken":0.0},{"damage_healed":18,"gold_gain":0,"player_choice":"Writhe","damage_taken":0,"max_hp_gain":0,"max_hp_loss":0,"event_name":"Winding Halls","floor":38,"gold_loss":0,"cards_obtained":["Writhe"]},{"cards_removed":["Writhe"],"damage_healed":0,"gold_gain":0,"player_choice":"Offered Curse","damage_taken":0,"relics_obtained":["Spirit Poop"],"max_hp_gain":0,"max_hp_loss":0,"event_name":"Bonfire Elementals","floor":39,"gold_loss":0},{"damage_healed":0,"gold_gain":0,"player_choice":"Paid","damage_taken":0,"relics_obtained":["Red Mask"],"max_hp_gain":0,"max_hp_loss":0,"event_name":"Tomb of Lord Red Mask","floor":46,"gold_loss":57}],"is_beta":false,"boss_relics":[{"not_picked":["HoveringKite","Tiny House"],"picked":"Cursed Key"},{"not_picked":["Fusion Hammer","Runic Dome"],"picked":"Philosopher\u0027s Stone"}],"items_purged_floors":[22,31,36],"is_endless":false,"potions_floor_spawned":[1,4,5,7,16,27,29,33,35,37],"ascension_level":14}}