{"host":"omltczybfq3pctt3","time":1611248972,"event":{"mods":["2.2 Compatiblity","BaseMod","Curses Come First","Downfall","Duelist Mod","GifTheSpireLib","Minty Spire (QoL Compilation)","RNG Fix","Relic Filter","Relic Sorter","StSLib"],"gold_per_floor":[109,109,109,119,44,78,78,78,78],"floor_reached":8,"language":"ENG","playtime":369,"items_purged":["CutThroughFate"],"score":57,"play_id":"f3b8bb12-dd3c-4cb8-b2a6-f394debb7244","local_time":"20210121170932","is_ascension_mode":true,"campfire_choices":[{"floor":7,"key":"REST"}],"circlet_count":0,"master_deck":["Strike_P","Strike_P","Strike_P","Strike_P","Defend_P","Defend_P","Defend_P","Defend_P","Eruption","Vigilance","EmptyBody","Prostrate","ConjureBlade"],"relics":["PureWater","Toy Ornithopter"],"acts_visited":["Exordium"],"potions_floor_usage":[3,6,6,6],"damage_taken":[{"damage":0,"enemies":"Cultist","floor":1,"turns":3},{"damage":0,"enemies":"2 Louse","floor":4,"turns":2},{"damage":14,"enemies":"3 Sentries","floor":6,"turns":9},{"damage":62,"enemies":"Gremlin Nob","floor":8,"turns":6}],"seed_played":"-4665107557897466475","potions_obtained":[{"floor":3,"key":"Fruit Juice"},{"floor":3,"key":"EssenceOfSteel"},{"floor":3,"key":"Explosive Potion"},{"floor":4,"key":"Energy Potion"}],"is_trial":false,"path_per_floor":["M","?","?","M","$","E","R","E"],"character_chosen":"WATCHER","items_purchased":[],"campfire_rested":1,"item_purchase_floors":[],"current_hp_per_floor":[72,72,77,77,77,63,77,15,15],"gold":78,"neow_bonus":"THREE_CARDS","is_daily":false,"chose_seed":false,"campfire_upgraded":0,"win_rate":0.0,"timestamp":1611248972,"path_taken":["M","?","?","?","$","E","R","E"],"items_purchased_type":[],"build_version":"2020-12-22","purchased_purges":1,"victory":false,"max_hp_per_floor":[72,72,77,77,77,77,77,77,77],"card_choices":[{"not_picked":["PathToVictory","FlurryOfBlows"],"picked":"EmptyBody","floor":0},{"not_picked":["Halt","Wallop"],"picked":"ThirdEye","floor":1},{"not_picked":["Vengeance","BowlingBash"],"picked":"Prostrate","floor":4},{"not_picked":["EmptyFist","Crescendo"],"picked":"ConjureBlade","floor":6}],"player_experience":105464,"relics_obtained":[{"floor":6,"key":"Toy Ornithopter"}],"event_choices":[{"damage_healed":0,"gold_gain":0,"cards_transformed":["ThirdEye"],"player_choice":"Change","damage_taken":0,"max_hp_gain":0,"max_hp_loss":0,"event_name":"Living Wall","floor":2,"gold_loss":0,"cards_obtained":["CutThroughFate"]},{"damage_healed":0,"gold_gain":0,"player_choice":"Got Potions","damage_taken":0,"max_hp_gain":0,"max_hp_loss":0,"event_name":"Lab","floor":3,"gold_loss":0}],"is_beta":false,"boss_relics":[],"items_purged_floors":[5],"is_endless":false,"potions_floor_spawned":[4],"killed_by":"Gremlin Nob","ascension_level":1}}