{"host":"cdel65b26c76bdk4","time":1611193324,"event":{"mods":["BaseMod","Bestiary","Colored Map","Colored Powertips","Highlight Path","Minty Spire (QoL Compilation)","Quick Restart","Random Character Button","Relic Stats"],"gold_per_floor":[360,360,12,12,22,22,48,48,48,23,77,87,114,130,130,226,226,240,255,255,11,11,11,0,18,18,38,38,52,72,72,72,170,170,184,184,53,53,53,53,64,64,64,74,424,477,490,503,503,503],"floor_reached":51,"language":"ENG","playtime":2251,"items_purged":["Strike_B","Zap"],"score":826,"play_id":"f869e519-86da-4930-80da-4ba5de50b855","local_time":"20210120194204","is_ascension_mode":true,"campfire_choices":[{"data":"Gash","floor":6.0,"key":"SMITH"},{"floor":8.0,"key":"REST"},{"floor":15.0,"key":"REST"},{"data":"Steam","floor":23.0,"key":"SMITH"},{"data":"Panache","floor":28.0,"key":"SMITH"},{"floor":32.0,"key":"REST"},{"data":"Scrape","floor":40.0,"key":"SMITH"},{"data":"Dualcast","floor":42.0,"key":"SMITH"},{"data":"Reboot","floor":49.0,"key":"SMITH"}],"circlet_count":0,"master_deck":["Strike_B","Strike_B","Strike_B","Defend_B","Defend_B","Defend_B","Dualcast+1","Gash+1","Panache+1","Dark Shackles","Hologram","Gash","Streamline","Go for the Eyes","FTL","Undo","Reboot+1","Chill","Gash","All For One","Steam+1","Gash","Steam","BootSequence+1","Scrape+1","Scrape+1","Gash"],"relics":["FrozenCore","Darkstone Periapt","Bronze Scales","Bottled Lightning","Juzu Bracelet","Lizard Tail","Smiling Mask","Art of War","Sozu","Old Coin","Unceasing Top"],"acts_visited":["Exordium","TheCity","TheBeyond"],"potions_floor_usage":[50,50],"damage_taken":[{"damage":8.0,"enemies":"2 Louse","floor":1.0,"turns":2.0},{"damage":2.0,"enemies":"Jaw Worm","floor":5.0,"turns":3.0},{"damage":52.0,"enemies":"3 Sentries","floor":7.0,"turns":8.0},{"damage":0.0,"enemies":"Cultist","floor":12.0,"turns":3.0},{"damage":15.0,"enemies":"Lagavulin","floor":13.0,"turns":5.0},{"damage":0.0,"enemies":"Exordium Thugs","floor":14.0,"turns":2.0},{"damage":36.0,"enemies":"The Guardian","floor":16.0,"turns":12.0},{"damage":6.0,"enemies":"Spheric Guardian","floor":18.0,"turns":4.0},{"damage":5.0,"enemies":"Shell Parasite","floor":19.0,"turns":5.0},{"damage":9.0,"enemies":"Centurion and Healer","floor":25.0,"turns":6.0},{"damage":11.0,"enemies":"Snecko","floor":27.0,"turns":7.0},{"damage":6.0,"enemies":"Chosen and Byrds","floor":29.0,"turns":6.0},{"damage":11.0,"enemies":"3 Cultists","floor":30.0,"turns":4.0},{"damage":37.0,"enemies":"Automaton","floor":33.0,"turns":8.0},{"damage":2.0,"enemies":"Orb Walker","floor":35.0,"turns":4.0},{"damage":0.0,"enemies":"3 Shapes","floor":41.0,"turns":4.0},{"damage":1.0,"enemies":"Transient","floor":44.0,"turns":5.0},{"damage":0.0,"enemies":"Mind Bloom Boss Battle","floor":45.0,"turns":5.0},{"damage":17.0,"enemies":"2 Orb Walkers","floor":46.0,"turns":4.0},{"damage":0.0,"enemies":"Spire Growth","floor":47.0,"turns":3.0},{"damage":0.0,"enemies":"4 Shapes","floor":48.0,"turns":3.0},{"damage":11,"enemies":"Donu and Deca","floor":50,"turns":5}],"seed_played":"25075486049808678","potions_obtained":[{"floor":7.0,"key":"ColorlessPotion"},{"floor":13.0,"key":"BlessingOfTheForge"},{"floor":19.0,"key":"Ancient Potion"},{"floor":29.0,"key":"Strength Potion"},{"floor":30.0,"key":"Dexterity Potion"}],"is_trial":false,"path_per_floor":["M","?","$","?","M","R","E","R","T","$","T","M","E","M","R","B",null,"M","M","?","$","?","R","?","M","T","M","R","M","M","?","R","B",null,"M","?","$","?","?","R","M","R","T","M","?","?","M","M","R","B",null],"character_chosen":"DEFECT","items_purchased":["Panache","Dark Shackles","Streamline","All For One","Steam","LiquidMemories","Scrape"],"campfire_rested":3,"item_purchase_floors":[3,3,10,21,21,21,37],"current_hp_per_floor":[67,67,67,60,58,58,6,28,28,28,28,28,13,13,35,37,75,69,64,64,64,64,64,64,55,55,44,44,38,27,27,49,12,75,73,73,73,73,73,73,73,73,73,72,72,55,55,55,55,44],"gold":503,"neow_bonus":"TWO_FIFTY_GOLD","is_daily":false,"chose_seed":false,"campfire_upgraded":6,"win_rate":0.0,"timestamp":1611193324,"path_taken":["M","?","$","?","M","R","E","R","T","?","?","M","E","M","R","BOSS","M","M","?","?","?","R","?","M","T","M","R","M","M","?","R","BOSS","M","?","$","?","?","R","M","R","T","M","?","?","M","M","R","BOSS"],"items_purchased_type":["Card","Card","Card","Card","Card","Potion","Card"],"build_version":"2020-12-22","purchased_purges":2,"victory":true,"max_hp_per_floor":[75,75,75,75,75,75,75,75,75,75,75,75,75,75,75,75,75,75,75,75,75,75,75,75,75,75,75,75,75,75,75,75,75,75,75,75,75,75,75,75,75,75,75,75,75,75,75,75,75,75],"relic_stats":{"Darkstone Periapt":0,"Sozu":7,"Lizard Tail":37,"counters":[22,108],"Bronze Scales":[246],"Juzu Bracelet":2,"Art of War":[2],"Smiling Mask":50,"obtain_stats":[{"Darkstone Periapt":4,"Sozu":34,"Lizard Tail":13,"Bronze Scales":7,"Juzu Bracelet":11,"Art of War":31,"Bottled Lightning":9,"Cracked Core":0,"Smiling Mask":26,"Unceasing Top":46,"FrozenCore":17,"Old Coin":45},{"Darkstone Periapt":1,"Sozu":14,"Lizard Tail":5,"Bronze Scales":3,"Juzu Bracelet":3,"Art of War":13,"Bottled Lightning":3,"Cracked Core":0,"Smiling Mask":10,"Unceasing Top":19,"FrozenCore":7,"Old Coin":18},{"Darkstone Periapt":2,"Sozu":75,"Lizard Tail":21,"Bronze Scales":13,"Juzu Bracelet":13,"Art of War":67,"Bottled Lightning":13,"Cracked Core":0,"Smiling Mask":50,"Unceasing Top":97,"FrozenCore":35,"Old Coin":93}],"Unceasing Top":[20],"FrozenCore":[29]},"card_choices":[{"not_picked":["Consume","Steam"],"picked":"Gash","floor":1.0},{"not_picked":["Stack","Compile Driver"],"picked":"Hologram","floor":5.0},{"not_picked":["Beam Cell","Aggregate"],"picked":"Gash","floor":7.0},{"not_picked":["Genetic Algorithm","Sweeping Beam"],"picked":"Go for the Eyes","floor":12.0},{"not_picked":["Redo","Multi-Cast"],"picked":"FTL","floor":13.0},{"not_picked":["Hologram","Aggregate"],"picked":"Undo","floor":14.0},{"not_picked":["Creative AI","Thunder Strike"],"picked":"Reboot","floor":16.0},{"not_picked":["Loop","Darkness"],"picked":"Chill","floor":18.0},{"not_picked":["Rebound+1","Genetic Algorithm"],"picked":"Gash","floor":19.0},{"not_picked":["Cold Snap+1","Go for the Eyes+1","Self Repair"],"picked":"SKIP","floor":25.0},{"not_picked":["Turbo","Go for the Eyes"],"picked":"Gash","floor":27.0},{"not_picked":["Streamline+1","Sweeping Beam+1"],"picked":"Steam","floor":29.0},{"not_picked":["Turbo","Ball Lightning+1","Stack"],"picked":"SKIP","floor":30.0},{"not_picked":["Ball Lightning+1","Coolheaded"],"picked":"BootSequence+1","floor":35.0},{"not_picked":["Cold Snap","Consume"],"picked":"Scrape+1","floor":41.0},{"not_picked":["Rip and Tear+1","Rebound+1","Fusion+1"],"picked":"SKIP","floor":44.0},{"not_picked":["Hologram+1","Ball Lightning+1"],"picked":"Gash","floor":45.0},{"not_picked":["Leap+1","Conserve Battery","Rip and Tear+1"],"picked":"SKIP","floor":47.0},{"not_picked":["Undo+1","Streamline+1","Static Discharge"],"picked":"SKIP","floor":48.0}],"player_experience":510328,"relics_obtained":[{"floor":7.0,"key":"Bronze Scales"},{"floor":9.0,"key":"Bottled Lightning"},{"floor":11.0,"key":"Juzu Bracelet"},{"floor":13.0,"key":"Lizard Tail"},{"floor":26.0,"key":"Smiling Mask"},{"floor":45.0,"key":"Old Coin"},{"floor":46.0,"key":"Unceasing Top"}],"event_choices":[{"cards_removed":["Writhe"],"damage_healed":0.0,"max_hp_gain":0.0,"max_hp_loss":0.0,"gold_gain":0.0,"event_name":"Living Wall","player_choice":"Forget","floor":2.0,"gold_loss":0.0,"damage_taken":0.0},{"damage_healed":0.0,"max_hp_gain":0.0,"max_hp_loss":0.0,"gold_gain":0.0,"event_name":"Scrap Ooze","player_choice":"Success","floor":4.0,"gold_loss":0.0,"damage_taken":7.0,"relics_obtained":["Darkstone Periapt"]},{"damage_healed":0.0,"max_hp_gain":0.0,"max_hp_loss":0.0,"gold_gain":0.0,"event_name":"Transmorgrifier","player_choice":"Ignored","floor":20.0,"gold_loss":0.0,"damage_taken":0.0},{"damage_healed":0.0,"max_hp_gain":0.0,"max_hp_loss":0.0,"gold_gain":0.0,"event_name":"Masked Bandits","player_choice":"Paid Fearfully","floor":24.0,"gold_loss":11.0,"damage_taken":0.0},{"damage_healed":0.0,"max_hp_gain":0.0,"max_hp_loss":0.0,"gold_gain":0.0,"event_name":"The Mausoleum","player_choice":"Opened","floor":31.0,"gold_loss":0.0,"damage_taken":0.0,"relics_obtained":["Art of War"]},{"damage_healed":0.0,"max_hp_gain":0.0,"max_hp_loss":0.0,"gold_gain":0.0,"event_name":"Lab","player_choice":"Got Potions","floor":36.0,"gold_loss":0.0,"damage_taken":0.0},{"cards_removed":["Defend_B"],"damage_healed":0.0,"max_hp_gain":0.0,"max_hp_loss":0.0,"gold_gain":0.0,"event_name":"Falling","player_choice":"Removed Skill","floor":38.0,"gold_loss":0.0,"damage_taken":0.0},{"damage_healed":0.0,"max_hp_gain":0.0,"max_hp_loss":0.0,"gold_gain":0.0,"event_name":"SecretPortal","player_choice":"Ignored","floor":39.0,"gold_loss":0.0,"damage_taken":0.0},{"damage_healed":0.0,"max_hp_gain":0.0,"max_hp_loss":0.0,"gold_gain":0.0,"event_name":"MindBloom","player_choice":"Fight","floor":45.0,"gold_loss":0.0,"damage_taken":0.0},{"damage_healed":0.0,"max_hp_gain":0.0,"max_hp_loss":0.0,"gold_gain":0.0,"event_name":"Mysterious Sphere","player_choice":"Fight","floor":46.0,"gold_loss":0.0,"damage_taken":0.0}],"is_beta":false,"boss_relics":[{"not_picked":["Philosopher\u0027s Stone","Snecko Eye"],"picked":"FrozenCore"},{"not_picked":["Inserter","Calling Bell"],"picked":"Sozu"}],"items_purged_floors":[3,37],"is_endless":false,"potions_floor_spawned":[7,13,19,29,30,41,45,46,48],"ascension_level":4}}