{"host":"2se5dq1do2gp0x9k","time":1611209601,"event":{"mods":["AchievementEnabler","BaseMod","Block Reminder","Colored Map","Colored Powertips","Minty Spire (QoL Compilation)","Relic Stats","StSLib","SuperFastMode"],"gold_per_floor":[112,123,123,142,152,152,152,182,208,89,122,146,158,187,199,284,296,318,349,375,387,387],"floor_reached":21,"language":"ENG","playtime":902,"items_purged":["Strike_B"],"score":432,"play_id":"b29c7b99-b6b6-4162-97e4-64a598f7edb0","local_time":"20210120221321","is_ascension_mode":true,"campfire_choices":[{"data":"Doom and Gloom","floor":6,"key":"SMITH"},{"data":"Conserve Battery","floor":13,"key":"SMITH"},{"data":"Sweeping Beam","floor":15,"key":"SMITH"}],"circlet_count":0,"master_deck":["AscendersBane","Strike_B","Strike_B","Strike_B","Defend_B","Defend_B","Defend_B","Defend_B","Zap","Dualcast","Sweeping Beam+1","Sweeping Beam+1","Doom and Gloom+1","Conserve Battery+1","Self Repair","Chill","Cold Snap","Buffer","Coolheaded+1"],"relics":["Snecko Eye","Nunchaku","Tiny Chest","Art of War","Ancient Tea Set","MawBank","Black Star"],"acts_visited":["Exordium","TheCity"],"potions_floor_usage":[16,21],"damage_taken":[{"damage":4.0,"enemies":"Jaw Worm","floor":1.0,"turns":4.0},{"damage":0.0,"enemies":"2 Louse","floor":2.0,"turns":1.0},{"damage":15,"enemies":"Small Slimes","floor":4,"turns":4},{"damage":0,"enemies":"3 Louse","floor":5,"turns":2},{"damage":6,"enemies":"Lagavulin","floor":8,"turns":5},{"damage":0,"enemies":"3 Sentries","floor":11,"turns":3},{"damage":0,"enemies":"Blue Slaver","floor":14,"turns":2},{"damage":17,"enemies":"The Guardian","floor":16,"turns":9},{"damage":17,"enemies":"Spheric Guardian","floor":18,"turns":5},{"damage":7,"enemies":"Shell Parasite","floor":19,"turns":6},{"damage":10,"enemies":"Chosen and Byrds","floor":20,"turns":7},{"damage":52,"enemies":"Shelled Parasite and Fungi","floor":21,"turns":4}],"seed_played":"-2254661413748248381","potions_obtained":[{"floor":2,"key":"FearPotion"},{"floor":5,"key":"Block Potion"},{"floor":14,"key":"AttackPotion"},{"floor":19,"key":"EssenceOfDarkness"}],"is_trial":false,"path_per_floor":["M","M","?","M","M","R","?","E","T","$","E","T","R","M","R","B",null,"M","M","M","M"],"character_chosen":"DEFECT","items_purchased":["Chill"],"campfire_rested":0,"item_purchase_floors":[10],"current_hp_per_floor":[60,60,60,45,45,45,34,28,28,28,35,35,35,42,42,32,61,51,51,48,0,0],"gold":387,"neow_bonus":"BOSS_RELIC","is_daily":false,"chose_seed":false,"campfire_upgraded":3,"win_rate":0.0,"timestamp":1611209601,"path_taken":["M","M","?","M","M","R","?","E","T","$","E","?","R","M","R","BOSS","M","M","M","M"],"items_purchased_type":["Card"],"build_version":"2020-12-22","purchased_purges":1,"victory":false,"max_hp_per_floor":[71,71,71,71,71,71,71,71,71,71,71,71,71,71,71,71,71,71,71,71,71,71],"relic_stats":{"Nunchaku":[6],"counters":[12,52],"Snecko Eye":[106,90,89,92],"Tiny Chest":0,"Art of War":[4],"Black Star":0,"MawBank":108,"obtain_stats":[{"Nunchaku":7,"Snecko Eye":0,"Tiny Chest":8,"Art of War":9,"Black Star":17,"Cracked Core":0,"Ancient Tea Set":11,"MawBank":12},{"Nunchaku":4,"Snecko Eye":0,"Tiny Chest":5,"Art of War":5,"Black Star":8,"Cracked Core":0,"Ancient Tea Set":6,"MawBank":6},{"Nunchaku":11,"Snecko Eye":0,"Tiny Chest":16,"Art of War":16,"Black Star":30,"Cracked Core":0,"Ancient Tea Set":19,"MawBank":19}]},"card_choices":[{"not_picked":["Auto Shields","Go for the Eyes"],"picked":"Sweeping Beam","floor":1.0},{"not_picked":["Streamline","Stack"],"picked":"Sweeping Beam","floor":2},{"not_picked":["Ball Lightning","Beam Cell"],"picked":"Doom and Gloom","floor":4},{"not_picked":["Lockon","Blizzard"],"picked":"Conserve Battery","floor":5},{"not_picked":["Streamline","Double Energy"],"picked":"Self Repair","floor":8},{"not_picked":["Stack","Rebound","Beam Cell"],"picked":"SKIP","floor":11},{"not_picked":["Scrape","Heatsinks"],"picked":"Cold Snap","floor":14},{"not_picked":["Machine Learning","Amplify"],"picked":"Buffer","floor":16},{"not_picked":["Cold Snap","Stack","Beam Cell"],"picked":"SKIP","floor":18},{"not_picked":["Redo","Genetic Algorithm","Melter"],"picked":"SKIP","floor":19},{"not_picked":["Streamline","Barrage"],"picked":"Coolheaded+1","floor":20}],"player_experience":3928093,"relics_obtained":[{"floor":8,"key":"Tiny Chest"},{"floor":9,"key":"Art of War"},{"floor":11,"key":"Ancient Tea Set"},{"floor":12,"key":"MawBank"}],"event_choices":[{"damage_healed":0,"gold_gain":0,"player_choice":"Grow","damage_taken":0,"max_hp_gain":0,"max_hp_loss":0,"event_name":"Living Wall","floor":3,"gold_loss":0,"cards_upgraded":["Sweeping Beam"]},{"damage_healed":0,"gold_gain":0,"player_choice":"Success","damage_taken":11,"relics_obtained":["Nunchaku"],"max_hp_gain":0,"max_hp_loss":0,"event_name":"Scrap Ooze","floor":7,"gold_loss":0}],"is_beta":false,"boss_relics":[{"not_picked":["Tiny House","Calling Bell"],"picked":"Black Star"}],"items_purged_floors":[10],"is_endless":false,"potions_floor_spawned":[2,5,8,14,19,20],"killed_by":"Shelled Parasite and Fungi","ascension_level":20}}