{"host":"3rixevx6n8b56xaj","time":1611247627,"event":{"mods":["2.2 Compatiblity","AchievementEnabler","Arknights The Spire","BaseMod","Colored Map","DeckTracker","Friendly Minions","Minty Spire (QoL Compilation)","Poor People Problems","StSLib","SuperFastMode"],"gold_per_floor":[114,129,54,68,68,93,93,93,93,93,109,9,28,46,46,146,146,158,171,46,60,74,74,106,106,106,106,59,79,95,295,295,396,396,412,412,431,443,145,180,200,200,200,233,233,233,233,266,266,266,266,266,36,63,63],"floor_reached":56,"language":"KOR","playtime":1911,"items_purged":["Strike_R","Decay","Strike_R","Defend_R"],"score":1332,"play_id":"5a329b6f-2f5e-42ba-abe4-0c918ff68780","local_time":"20210122014707","is_ascension_mode":false,"campfire_choices":[{"data":"Barricade","floor":7,"key":"SMITH"},{"data":"Spot Weakness","floor":10,"key":"SMITH"},{"data":"Battle Trance","floor":15,"key":"SMITH"},{"data":"Heavy Blade","floor":23,"key":"SMITH"},{"data":"Limit Break","floor":32,"key":"SMITH"},{"data":"Armaments","floor":46,"key":"SMITH"},{"floor":49,"key":"RECALL"},{"data":"Offering","floor":52,"key":"SMITH"}],"circlet_count":0,"master_deck":["Defend_R+1","Defend_R","Defend_R","Bash","Spot Weakness+1","Rage","Barricade+1","Battle Trance+1","Offering+1","Entrench+1","Body Slam+1","Heavy Blade+1","Shrug It Off","Body Slam","Limit Break+1","Armaments+1","Shrug It Off+1","Madness","Madness+1","Seeing Red","Feel No Pain"],"relics":["Black Blood","NeowsBlessing","Question Card","Vajra","Philosopher\u0027s Stone","Self Forming Clay","Singing Bowl","Omamori","ClockworkSouvenir","Mango","StrikeDummy","Bronze Scales","War Paint"],"acts_visited":["Exordium","TheCity","TheBeyond","TheEnding"],"potions_floor_usage":[6,16,22,24,33,37,55,55],"damage_taken":[{"damage":0,"enemies":"Cultist","floor":1,"turns":1},{"damage":0,"enemies":"Jaw Worm","floor":2,"turns":1},{"damage":0,"enemies":"2 Louse","floor":4,"turns":1},{"damage":40,"enemies":"Lagavulin","floor":6,"turns":9},{"damage":7,"enemies":"Blue Slaver","floor":11,"turns":4},{"damage":4,"enemies":"Looter","floor":13,"turns":2},{"damage":7,"enemies":"Exordium Thugs","floor":14,"turns":4},{"damage":42,"enemies":"The Guardian","floor":16,"turns":12},{"damage":8,"enemies":"Chosen","floor":18,"turns":3},{"damage":8,"enemies":"2 Thieves","floor":19,"turns":3},{"damage":5,"enemies":"Centurion and Healer","floor":21,"turns":6},{"damage":6,"enemies":"Shelled Parasite and Fungi","floor":22,"turns":6},{"damage":29,"enemies":"Slavers","floor":24,"turns":5},{"damage":8,"enemies":"Cultist and Chosen","floor":29,"turns":7},{"damage":1,"enemies":"Centurion and Healer","floor":30,"turns":4},{"damage":31,"enemies":"Automaton","floor":33,"turns":9},{"damage":20,"enemies":"3 Shapes","floor":35,"turns":4},{"damage":18,"enemies":"3 Darklings","floor":37,"turns":6},{"damage":15,"enemies":"Sphere and 2 Shapes","floor":38,"turns":4},{"damage":9,"enemies":"Giant Head","floor":40,"turns":6},{"damage":13,"enemies":"Spire Growth","floor":41,"turns":4},{"damage":25,"enemies":"Nemesis","floor":44,"turns":11},{"damage":6,"enemies":"Giant Head","floor":48,"turns":5},{"damage":78,"enemies":"Donu and Deca","floor":50,"turns":9},{"damage":32,"enemies":"Shield and Spear","floor":54,"turns":4},{"damage":28,"enemies":"The Heart","floor":55,"turns":9}],"seed_played":"-4792424339394976629","potions_obtained":[{"floor":1,"key":"Ancient Potion"},{"floor":4,"key":"FearPotion"},{"floor":11,"key":"SkillPotion"},{"floor":14,"key":"Dexterity Potion"},{"floor":18,"key":"LiquidMemories"},{"floor":22,"key":"PowerPotion"},{"floor":24,"key":"Explosive Potion"},{"floor":35,"key":"Block Potion"},{"floor":38,"key":"Fire Potion"},{"floor":48,"key":"HeartOfIron"}],"is_trial":false,"path_per_floor":["M","M","$","M","?","E","R","?","T","R","M","$","M","M","R","B",null,"M","M","$","M","M","R","E","?","T","?","$","M","M","?","R","B",null,"M","?","M","M","$","E","M","?","T","E","?","R","?","E","R","B",null,"R","$","E","B",null],"character_chosen":"IRONCLAD","items_purchased":["Armaments","Omamori","ClockworkSouvenir","Feel No Pain"],"campfire_rested":0,"item_purchase_floors":[28,39,39,53],"current_hp_per_floor":[80,80,80,80,85,51,51,51,51,51,50,50,52,51,51,15,85,83,81,81,82,82,82,59,43,43,43,43,41,48,48,48,25,94,88,88,84,83,83,102,103,88,88,77,77,77,77,83,83,17,120,120,120,102,86],"gold":63,"neow_bonus":"THREE_ENEMY_KILL","is_daily":false,"chose_seed":false,"campfire_upgraded":7,"win_rate":0.0,"timestamp":1611247627,"path_taken":["M","?","$","M","?","E","R","?","T","R","M","$","M","?","R","BOSS","M","M","$","M","M","R","E","?","T","?","$","M","M","?","R","BOSS","M","?","M","M","$","E","?","?","T","E","?","R","?","E","R","BOSS","R","$","E","BOSS"],"items_purchased_type":["Card","Relic","Relic","Card"],"build_version":"2020-12-22","purchased_purges":4,"victory":true,"max_hp_per_floor":[80,80,80,80,85,85,85,85,85,85,85,85,85,85,85,85,85,85,85,85,85,85,85,85,90,90,90,90,90,92,92,92,94,94,96,96,98,100,100,116,118,118,118,120,120,120,120,120,120,120,120,120,120,122,122],"card_choices":[{"not_picked":["Anger","Havoc"],"picked":"Spot Weakness","floor":1},{"not_picked":["Spot Weakness","Clash"],"picked":"Rage","floor":2},{"not_picked":["Anger","Bloodletting","Clash"],"picked":"SKIP","floor":4},{"not_picked":["Ghostly Armor","Sentinel"],"picked":"Barricade","floor":6},{"not_picked":["Flex","Ghostly Armor","Headbutt"],"picked":"Battle Trance","floor":11},{"not_picked":["Sever Soul","Carnage","Headbutt"],"picked":"Twin Strike","floor":13},{"not_picked":["Sever Soul","Cleave","Bloodletting","Power Through"],"picked":"SKIP","floor":14},{"not_picked":["Demon Form","Juggernaut","Impervious"],"picked":"Offering","floor":16},{"not_picked":["Thunderclap","Wild Strike","Iron Wave"],"picked":"Entrench+1","floor":18},{"not_picked":["Sentinel+1","Sword Boomerang+1","Rage"],"picked":"Body Slam+1","floor":19},{"not_picked":["Clothesline+1","Cleave","Flex","Twin Strike"],"picked":"SKIP","floor":21},{"not_picked":["Perfected Strike","Sword Boomerang","Iron Wave+1"],"picked":"Heavy Blade","floor":22},{"not_picked":["Fiend Fire","Metallicize","Armaments"],"picked":"Shrug It Off","floor":24},{"not_picked":["Spot Weakness+1","Anger","Whirlwind"],"picked":"Shrug It Off+1","floor":29},{"not_picked":["Infernal Blade","Flex","Inflame","Wild Strike"],"picked":"Singing Bowl","floor":30},{"not_picked":["Corruption","Barricade","Double Tap","Limit Break"],"picked":"Singing Bowl","floor":33},{"not_picked":["Cleave","Anger","Body Slam+1","Dual Wield"],"picked":"Singing Bowl","floor":35},{"not_picked":["Iron Wave","Flex+1","Clash+1","Headbutt"],"picked":"Singing Bowl","floor":37},{"not_picked":["Heavy Blade","Havoc","Power Through","Sword Boomerang"],"picked":"Singing Bowl","floor":38},{"not_picked":["Shrug It Off","Clothesline","Clash","Hemokinesis"],"picked":"Singing Bowl","floor":40},{"not_picked":["Iron Wave","Armaments","Limit Break","Twin Strike+1"],"picked":"Singing Bowl","floor":41},{"not_picked":["Dark Embrace+1","Reckless Charge+1","Clothesline+1","Armaments+1"],"picked":"Singing Bowl","floor":44},{"not_picked":["Flex+1","Shrug It Off","Dropkick+1"],"picked":"Seeing Red","floor":48},{"not_picked":["Thunderclap+1","Flex","Wild Strike","Shockwave"],"picked":"Singing Bowl","floor":54}],"player_experience":625353,"relics_obtained":[{"floor":6,"key":"Question Card"},{"floor":9,"key":"Vajra"},{"floor":24,"key":"Self Forming Clay"},{"floor":26,"key":"Singing Bowl"},{"floor":40,"key":"Mango"},{"floor":44,"key":"StrikeDummy"},{"floor":48,"key":"Bronze Scales"},{"floor":54,"key":"War Paint"}],"event_choices":[{"damage_healed":0,"gold_gain":0,"player_choice":"Donut","damage_taken":0,"max_hp_gain":5,"max_hp_loss":0,"event_name":"Big Fish","floor":5,"gold_loss":0},{"damage_healed":0,"gold_gain":0,"player_choice":"Cursed","damage_taken":0,"max_hp_gain":0,"max_hp_loss":0,"event_name":"Wheel of Change","floor":8,"gold_loss":0,"cards_obtained":["Decay"]},{"damage_healed":0,"gold_gain":0,"player_choice":"Shed Blood","damage_taken":21,"max_hp_gain":5,"max_hp_loss":0,"event_name":"Forgotten Altar","floor":25,"gold_loss":0},{"damage_healed":0,"gold_gain":0,"cards_transformed":["Strike_R","Strike_R"],"player_choice":"Became Test Subject","damage_taken":0,"max_hp_gain":0,"max_hp_loss":0,"event_name":"Drug Dealer","floor":27,"gold_loss":0,"cards_obtained":["Body Slam","Limit Break"]},{"damage_healed":0,"gold_gain":250,"player_choice":"Bet on Owner","damage_taken":0,"max_hp_gain":0,"max_hp_loss":0,"event_name":"The Joust","floor":31,"gold_loss":50},{"cards_removed":["Strike_R"],"damage_healed":0,"gold_gain":0,"player_choice":"Offered Basic","damage_taken":0,"max_hp_gain":0,"max_hp_loss":0,"event_name":"Bonfire Elementals","floor":36,"gold_loss":0},{"damage_healed":0,"gold_gain":0,"player_choice":"Embrace Madness","damage_taken":15,"max_hp_gain":0,"max_hp_loss":0,"event_name":"Winding Halls","floor":42,"gold_loss":0,"cards_obtained":["Madness","Madness"]},{"damage_healed":0,"gold_gain":0,"player_choice":"Ignored","damage_taken":0,"max_hp_gain":0,"max_hp_loss":0,"event_name":"Tomb of Lord Red Mask","floor":45,"gold_loss":0},{"cards_removed":["Twin Strike"],"damage_healed":0,"gold_gain":0,"player_choice":"Removed Attack","damage_taken":0,"max_hp_gain":0,"max_hp_loss":0,"event_name":"Falling","floor":47,"gold_loss":0}],"is_beta":false,"boss_relics":[{"not_picked":["Astrolabe","SacredBark"],"picked":"Philosopher\u0027s Stone"},{"not_picked":["Calling Bell","Sozu"],"picked":"Black Blood"}],"items_purged_floors":[3,12,20,53],"is_endless":false,"potions_floor_spawned":[1,4,11,14,18,22,24,29,35,38,41,48],"ascension_level":0}}