{"host":"qrt7o4dq2qslzw13","time":1611253760,"event":{"mods":["AchievementEnabler","BaseMod","Colored Map","Colored Powertips","Minty Spire (QoL Compilation)","Quick Restart","StSLib","SuperFastMode"],"gold_per_floor":[217,4,4,4,22,22,297,297,343,354,3,15,30,49,49,154,154,173,187,33,33,33],"floor_reached":21,"language":"ENG","playtime":496,"items_purged":[],"score":171,"play_id":"c1cd1763-b8d7-42e4-9e03-05b6dcb3963e","local_time":"20210121132920","is_ascension_mode":false,"campfire_choices":[{"data":"Eruption","floor":6.0,"key":"SMITH"},{"data":"EmptyMind","floor":8.0,"key":"SMITH"},{"floor":15.0,"key":"REST"}],"circlet_count":0,"master_deck":["Strike_P","Strike_P","Strike_P","Strike_P","Defend_P","Defend_P","Defend_P","Defend_P","Eruption+1","Vigilance","JustLucky","EmptyMind+1","Prostrate","Regret","Worship","Ragnarok","Evaluate","Escape Plan","DeusExMachina","Master of Strategy","Outmaneuver+1","Burning Pact+1","Ragnarok"],"relics":["PureWater","Sling","Bird Faced Urn","Oddly Smooth Stone","Boot","PrismaticShard","SlaversCollar"],"acts_visited":["Exordium","TheCity"],"potions_floor_usage":[],"damage_taken":[{"damage":0.0,"enemies":"2 Louse","floor":1.0,"turns":2.0},{"damage":6.0,"enemies":"Cultist","floor":5.0,"turns":3.0},{"damage":5.0,"enemies":"Jaw Worm","floor":10.0,"turns":2.0},{"damage":14.0,"enemies":"Gremlin Gang","floor":12.0,"turns":7.0},{"damage":7.0,"enemies":"Lots of Slimes","floor":13.0,"turns":4.0},{"damage":0.0,"enemies":"2 Fungi Beasts","floor":14.0,"turns":1.0},{"damage":31.0,"enemies":"Slime Boss","floor":16.0,"turns":7.0},{"damage":22.0,"enemies":"Shell Parasite","floor":18.0,"turns":7.0},{"damage":19.0,"enemies":"3 Byrds","floor":19.0,"turns":6.0},{"damage":17,"enemies":"Snake Plant","floor":21,"turns":3}],"seed_played":"9043340368484566612","potions_obtained":[{"floor":1.0,"key":"SteroidPotion"},{"floor":5.0,"key":"Block Potion"},{"floor":10.0,"key":"PowerPotion"},{"floor":16.0,"key":"LiquidMemories"}],"is_trial":false,"path_per_floor":["M","$","?","?","M","R","?","R","T","M","$","M","M","M","R","B",null,"M","M","$","M"],"character_chosen":"WATCHER","items_purchased":["Sling","EmptyMind","Ragnarok","PrismaticShard","Evaluate","Ragnarok"],"campfire_rested":1,"item_purchase_floors":[2,2,11,11,11,20],"current_hp_per_floor":[72,72,65,65,59,59,59,59,59,54,54,40,33,33,54,25,72,50,31,31,14,14],"gold":33,"neow_bonus":"HUNDRED_GOLD","is_daily":false,"chose_seed":false,"campfire_upgraded":2,"win_rate":0.0,"timestamp":1611253760,"path_taken":["M","$","?","?","?","R","?","R","T","?","$","?","M","M","R","BOSS","M","M","$","M"],"items_purchased_type":["Relic","Card","Card","Relic","Card","Card"],"build_version":"2020-12-22","purchased_purges":0,"victory":false,"max_hp_per_floor":[72,72,72,72,72,72,72,72,72,72,72,72,72,72,72,72,72,72,72,72,72,72],"card_choices":[{"not_picked":["Meditate","BowlingBash"],"picked":"JustLucky","floor":1.0},{"not_picked":["Fasting2","Indignation"],"picked":"Prostrate","floor":5.0},{"not_picked":["BowlingBash","FearNoEvil"],"picked":"Worship","floor":10.0},{"not_picked":["Adaptation","Heavy Blade"],"picked":"Escape Plan","floor":12.0},{"not_picked":["Poisoned Stab","Dropkick"],"picked":"DeusExMachina","floor":13.0},{"not_picked":["Sword Boomerang","Dark Embrace","Flechettes"],"picked":"SKIP","floor":14.0},{"not_picked":["Secret Technique","Feed"],"picked":"Master of Strategy","floor":16.0},{"not_picked":["Go for the Eyes","Armaments+1"],"picked":"Outmaneuver+1","floor":18.0},{"not_picked":["Chill","JustLucky"],"picked":"Burning Pact+1","floor":19.0}],"player_experience":579378,"relics_obtained":[{"floor":9.0,"key":"Boot"}],"event_choices":[{"damage_healed":0.0,"max_hp_gain":0.0,"max_hp_loss":0.0,"gold_gain":0.0,"event_name":"Scrap Ooze","player_choice":"Success","floor":3.0,"gold_loss":0.0,"damage_taken":7.0,"relics_obtained":["Bird Faced Urn"]},{"damage_healed":0.0,"max_hp_gain":0.0,"max_hp_loss":0.0,"gold_gain":0.0,"event_name":"WeMeetAgain","player_choice":"Gave Potion","floor":4.0,"gold_loss":0.0,"damage_taken":0.0,"relics_obtained":["Oddly Smooth Stone"]},{"damage_healed":0.0,"max_hp_gain":0.0,"max_hp_loss":0.0,"gold_gain":275.0,"event_name":"Golden Shrine","player_choice":"Desecrate","floor":7.0,"gold_loss":0.0,"damage_taken":0.0,"cards_obtained":["Regret"]}],"is_beta":false,"boss_relics":[{"not_picked":["Snecko Eye","Philosopher\u0027s Stone"],"picked":"SlaversCollar"}],"items_purged_floors":[],"is_endless":false,"potions_floor_spawned":[1,5,10,16],"killed_by":"Snake Plant","ascension_level":0}}