{"host":"o7j6aatxjwpw1421","time":1611245436,"event":{"mods":["2.2 Compatiblity","AchievementEnabler","BaseMod","Colored Map","DeckTracker","Highlight Path","Keyboard Shortcuts","Minty Spire (QoL Compilation)","Permanent Neow","Quick Restart","StSLib","SuperFastMode","everything is the same but u backflip on backflip"],"gold_per_floor":[13,13,27,27,27,27,27,55,79,95,95,127,43,71,71,147,147,163,88,101,101,111,145,145,178,202,202,182,182,3,20,20,91,91,102,116,116,135,190,190,223,223,302,314,343,358,358,20,20,20],"floor_reached":51,"language":"KOR","playtime":2590,"items_purged":["Defend_P","Strike_P"],"score":1461,"play_id":"0cdb6b04-751c-4ded-aa0e-d6e274432481","local_time":"20210122011036","is_ascension_mode":true,"campfire_choices":[{"data":"Eruption","floor":6.0,"key":"SMITH"},{"floor":11.0,"key":"REST"},{"floor":15.0,"key":"REST"},{"data":"MentalFortress","floor":24.0,"key":"SMITH"},{"data":"FlurryOfBlows","floor":27.0,"key":"SMITH"},{"data":"EmptyFist","floor":29.0,"key":"SMITH"},{"data":"Scrawl","floor":32.0,"key":"SMITH"},{"floor":40.0,"key":"REST"},{"data":"Vigilance","floor":42.0,"key":"SMITH"},{"floor":49.0,"key":"REST"}],"circlet_count":0,"master_deck":["AscendersBane","Vigilance+1","EmptyBody","FlurryOfBlows+1","EmptyFist+1","MentalFortress+1","Tantrum+1","MentalFortress+1","Scrawl+1","DeusExMachina","Blasphemy+1","SpiritShield+1","Conclude+1","FearNoEvil","Madness","Madness"],"relics":["PureWater","InkBottle","Toy Ornithopter","White Beast Statue","Du-Vu Doll","VioletLotus","Strawberry","CaptainsWheel","Orichalcum","Astrolabe","FossilizedHelix","Singing Bowl","Bottled Flame","Vajra","Ice Cream"],"acts_visited":["Exordium","TheCity","TheBeyond"],"potions_floor_usage":[],"damage_taken":[{"damage":6.0,"enemies":"2 Louse","floor":1.0,"turns":3.0},{"damage":0.0,"enemies":"Small Slimes","floor":3.0,"turns":3.0},{"damage":27.0,"enemies":"3 Sentries","floor":8.0,"turns":9.0},{"damage":3.0,"enemies":"Jaw Worm","floor":10.0,"turns":6.0},{"damage":8.0,"enemies":"Lagavulin","floor":12.0,"turns":6.0},{"damage":28.0,"enemies":"3 Sentries","floor":14.0,"turns":9.0},{"damage":1.0,"enemies":"The Guardian","floor":16.0,"turns":10.0},{"damage":0.0,"enemies":"Chosen","floor":18.0,"turns":4.0},{"damage":0.0,"enemies":"Spheric Guardian","floor":20.0,"turns":3.0},{"damage":0.0,"enemies":"Cultist and Chosen","floor":22.0,"turns":3.0},{"damage":12.0,"enemies":"Slavers","floor":23.0,"turns":4.0},{"damage":15.0,"enemies":"Gremlin Leader","floor":25.0,"turns":9.0},{"damage":0.0,"enemies":"Sentry and Sphere","floor":31.0,"turns":3.0},{"damage":39.0,"enemies":"Champ","floor":33.0,"turns":10.0},{"damage":3.0,"enemies":"3 Shapes","floor":35.0,"turns":3.0},{"damage":0.0,"enemies":"3 Darklings","floor":36.0,"turns":2.0},{"damage":0.0,"enemies":"Maw","floor":38.0,"turns":6.0},{"damage":20.0,"enemies":"2 Orb Walkers","floor":39.0,"turns":2.0},{"damage":8.0,"enemies":"Nemesis","floor":41.0,"turns":5.0},{"damage":0.0,"enemies":"Transient","floor":44.0,"turns":5.0},{"damage":0.0,"enemies":"Reptomancer","floor":45.0,"turns":3.0},{"damage":0.0,"enemies":"4 Shapes","floor":46.0,"turns":3.0},{"damage":0,"enemies":"Awakened One","floor":50,"turns":10}],"seed_played":"-2492911895334628805","potions_obtained":[{"floor":3.0,"key":"Ambrosia"},{"floor":12.0,"key":"Strength Potion"},{"floor":14.0,"key":"Strength Potion"},{"floor":16.0,"key":"GamblersBrew"},{"floor":18.0,"key":"Fire Potion"},{"floor":22.0,"key":"FearPotion"},{"floor":23.0,"key":"ColorlessPotion"},{"floor":25.0,"key":"Ambrosia"},{"floor":33.0,"key":"Fire Potion"},{"floor":36.0,"key":"CultistPotion"},{"floor":38.0,"key":"FairyPotion"}],"is_trial":false,"path_per_floor":["M","?","M","?","?","R","$","E","T","M","R","E","$","E","R","B",null,"M","$","M","?","M","E","R","E","T","R","?","R","$","M","R","B",null,"M","M","?","M","?","R","E","R","T","M","E","M","?","$","R","B",null],"character_chosen":"WATCHER","items_purchased":["MentalFortress","MentalFortress","Ice Cream"],"campfire_rested":4,"item_purchase_floors":[13,30,48],"current_hp_per_floor":[55,55,55,55,48,48,48,21,21,18,38,30,30,7,27,31,59,59,59,59,59,64,65,65,50,50,50,50,50,50,50,50,11,59,56,56,56,56,36,58,52,52,52,52,54,56,41,41,65,65],"gold":20,"neow_bonus":"REMOVE_TWO","is_daily":false,"chose_seed":false,"campfire_upgraded":6,"win_rate":0.0,"timestamp":1611245436,"path_taken":["M","?","M","?","?","R","?","E","T","M","R","E","$","E","R","BOSS","M","$","?","?","M","E","R","E","T","R","?","R","$","?","R","BOSS","M","M","?","?","?","R","E","R","T","M","E","M","?","?","R","BOSS"],"items_purchased_type":["Card","Card","Relic"],"build_version":"2020-12-22","purchased_purges":2,"victory":true,"max_hp_per_floor":[68,68,68,68,68,68,68,68,68,68,68,68,68,68,68,68,68,68,68,68,68,68,75,75,75,75,75,75,75,75,75,75,75,75,75,75,75,75,75,75,77,77,77,77,79,81,81,81,81,81],"card_choices":[{"not_picked":["Prostrate","Evaluate","Swivel"],"picked":"SKIP","floor":1.0},{"not_picked":["SashWhip","ThirdEye","Prostrate"],"picked":"SKIP","floor":3.0},{"not_picked":["Brilliance","FlyingSleeves"],"picked":"EmptyBody","floor":8.0},{"not_picked":["WreathOfFlame","Consecrate"],"picked":"FlurryOfBlows","floor":10.0},{"not_picked":["EmptyBody","WheelKick"],"picked":"EmptyFist","floor":12.0},{"not_picked":["ThirdEye","Indignation","Meditate"],"picked":"SKIP","floor":14.0},{"not_picked":["EmptyFist","ThirdEye","CutThroughFate+1"],"picked":"SKIP","floor":18.0},{"not_picked":["CarveReality","EmptyFist","Wallop"],"picked":"SKIP","floor":20.0},{"not_picked":["Worship","BowlingBash","Crescendo+1"],"picked":"SKIP","floor":22.0},{"not_picked":["Evaluate","Study","Meditate"],"picked":"SKIP","floor":23.0},{"not_picked":["FlyingSleeves","ClearTheMind+1"],"picked":"Tantrum+1","floor":25.0},{"not_picked":["MentalFortress+1","Swivel"],"picked":"Scrawl","floor":31.0},{"not_picked":["ConjureBlade","MasterReality"],"picked":"DeusExMachina","floor":33.0},{"not_picked":["Halt","Pray+1","EmptyBody"],"picked":"SKIP","floor":35.0},{"not_picked":["Swivel","FlurryOfBlows","Consecrate"],"picked":"SKIP","floor":36.0},{"not_picked":["BattleHymn","ClearTheMind+1","CarveReality"],"picked":"SKIP","floor":38.0},{"not_picked":["JustLucky","Consecrate+1","Pray"],"picked":"Singing Bowl","floor":41.0},{"not_picked":["ThirdEye","Collect"],"picked":"FearNoEvil","floor":44.0},{"not_picked":["ForeignInfluence+1","Crescendo+1","Weave+1"],"picked":"Singing Bowl","floor":45.0},{"not_picked":["Meditate+1","WindmillStrike+1","Protect"],"picked":"Singing Bowl","floor":46.0}],"player_experience":600521,"relics_obtained":[{"floor":8.0,"key":"InkBottle"},{"floor":9.0,"key":"Toy Ornithopter"},{"floor":12.0,"key":"White Beast Statue"},{"floor":14.0,"key":"Du-Vu Doll"},{"floor":23.0,"key":"Strawberry"},{"floor":25.0,"key":"CaptainsWheel"},{"floor":26.0,"key":"Orichalcum"},{"floor":39.0,"key":"FossilizedHelix"},{"floor":41.0,"key":"Singing Bowl"},{"floor":43.0,"key":"Bottled Flame"},{"floor":45.0,"key":"Vajra"}],"event_choices":[{"cards_removed":["Defend_P"],"damage_healed":0.0,"max_hp_gain":0.0,"max_hp_loss":0.0,"gold_gain":0.0,"event_name":"Living Wall","player_choice":"Forget","floor":2.0,"gold_loss":0.0,"damage_taken":0.0},{"damage_healed":0.0,"max_hp_gain":0.0,"max_hp_loss":0.0,"gold_gain":0.0,"event_name":"Liars Game","player_choice":"Ignored","floor":4.0,"gold_loss":0.0,"damage_taken":0.0},{"cards_removed":["Strike_P"],"damage_healed":0.0,"max_hp_gain":0.0,"max_hp_loss":0.0,"gold_gain":0.0,"event_name":"Golden Wing","player_choice":"Card Removal","floor":5.0,"gold_loss":0.0,"damage_taken":7.0},{"damage_healed":0.0,"max_hp_gain":0.0,"max_hp_loss":0.0,"gold_gain":0.0,"event_name":"Vampires","player_choice":"Ignored","floor":21.0,"gold_loss":0.0,"damage_taken":0.0},{"damage_healed":0.0,"max_hp_gain":0.0,"max_hp_loss":0.0,"gold_gain":0.0,"event_name":"The Woman in Blue","player_choice":"Bought 1 Potion","floor":28.0,"gold_loss":0.0,"damage_taken":0.0},{"damage_healed":0.0,"max_hp_gain":0.0,"max_hp_loss":0.0,"gold_gain":0.0,"event_name":"Accursed Blacksmith","player_choice":"Forge","floor":37.0,"gold_loss":0.0,"damage_taken":0.0,"cards_upgraded":["MentalFortress"]},{"damage_healed":0.0,"max_hp_gain":0.0,"max_hp_loss":0.0,"gold_gain":0.0,"event_name":"Mysterious Sphere","player_choice":"Fight","floor":39.0,"gold_loss":0.0,"damage_taken":0.0},{"damage_healed":0.0,"max_hp_gain":0.0,"max_hp_loss":0.0,"gold_gain":0.0,"event_name":"Winding Halls","player_choice":"Embrace Madness","floor":47.0,"gold_loss":0.0,"damage_taken":15.0,"cards_obtained":["Madness","Madness"]}],"is_beta":false,"boss_relics":[{"not_picked":["Calling Bell","Pandora\u0027s Box"],"picked":"VioletLotus"},{"not_picked":["Coffee Dripper","Runic Dome"],"picked":"Astrolabe"}],"items_purged_floors":[19,30],"is_endless":false,"potions_floor_spawned":[3,12,14,16,18,20,22,23,25,31,33,35,36,38,39,41,44,45,46],"ascension_level":16}}