{"host":"nbmmy2ys5j9alw05","time":1611222813,"event":{"mods":["AchievementEnabler","BaseMod","Bestiary","Better Vampires","Colored Map","Colored Powertips","Googly Eyes","Minty Spire (QoL Compilation)","Quick Restart","StSLib","The Hierophant","The IronCluck","everything is the same but u backflip on backflip"],"gold_per_floor":[109,109,128,5,5,5,20,20,20,20,20,20,20,54,54,173,173,188,103,103,303,328,352,386,411,411,411,26,51,51,66,66,196,196,210,210,273,173,173,173,188,222,222,287,154,154,168,184,184,184,184],"floor_reached":50,"language":"ENG","playtime":1374,"items_purged":["Strike_G","Defend_G","Defend_G"],"score":829,"play_id":"f7cac588-f185-4252-8088-152895b36d66","local_time":"20210121015333","is_ascension_mode":true,"campfire_choices":[{"data":"Accuracy","floor":6,"key":"SMITH"},{"data":"Blade Dance","floor":8,"key":"SMITH"},{"data":"Cloak And Dagger","floor":10,"key":"SMITH"},{"data":"Dodge and Roll","floor":12,"key":"SMITH"},{"data":"Neutralize","floor":15,"key":"SMITH"},{"data":"Footwork","floor":30,"key":"SMITH"},{"data":"Footwork","floor":32,"key":"SMITH"},{"data":"1","floor":40,"key":"LIFT"},{"data":"2","floor":46,"key":"LIFT"},{"floor":49,"key":"REST"}],"circlet_count":0,"master_deck":["AscendersBane","Defend_G","Defend_G","Survivor","Neutralize+1","Cloak And Dagger+1","Dodge and Roll+1","Blade Dance+1","Accuracy+1","Deflect","Storm of Steel","Footwork+1","Dagger Spray+1","Noxious Fumes","Backstab","Footwork+1","Catalyst","Cloak And Dagger","Envenom","Accuracy","Flash of Steel","Blade Dance+1"],"relics":["WristBlade","Golden Idol","White Beast Statue","Bird Faced Urn","Empty Cage","Ninja Scroll","Torii","Happy Flower","Bag of Preparation","Black Star","Girya","TungstenRod","Smiling Mask","Mercury Hourglass","Prayer Wheel"],"acts_visited":["Exordium","TheCity","TheBeyond"],"potions_floor_usage":[16,18,23,24,33,33,33,35,41,42,47,48,50,50,50],"damage_taken":[{"damage":3,"enemies":"2 Louse","floor":1,"turns":4},{"damage":0,"enemies":"Jaw Worm","floor":3,"turns":5},{"damage":0,"enemies":"Small Slimes","floor":7,"turns":2},{"damage":0,"enemies":"Gremlin Nob","floor":14,"turns":2},{"damage":2,"enemies":"Hexaghost","floor":16,"turns":8},{"damage":4,"enemies":"2 Thieves","floor":18,"turns":3},{"damage":0,"enemies":"Shell Parasite","floor":22,"turns":3},{"damage":12,"enemies":"Cultist and Chosen","floor":23,"turns":3},{"damage":23,"enemies":"Gremlin Leader","floor":24,"turns":5},{"damage":1,"enemies":"Centurion and Healer","floor":25,"turns":6},{"damage":1,"enemies":"Shelled Parasite and Fungi","floor":29,"turns":3},{"damage":0,"enemies":"Sentry and Sphere","floor":31,"turns":3},{"damage":34,"enemies":"Collector","floor":33,"turns":6},{"damage":1,"enemies":"3 Darklings","floor":35,"turns":3},{"damage":0,"enemies":"Mind Bloom Boss Battle","floor":37,"turns":6},{"damage":0,"enemies":"Orb Walker","floor":41,"turns":3},{"damage":0,"enemies":"Reptomancer","floor":42,"turns":1},{"damage":0,"enemies":"2 Orb Walkers","floor":44,"turns":2},{"damage":0,"enemies":"Spire Growth","floor":47,"turns":2},{"damage":17,"enemies":"Transient","floor":48,"turns":5},{"damage":89,"enemies":"Awakened One","floor":50,"turns":3}],"seed_played":"-779346442482509541","potions_obtained":[{"floor":1,"key":"GhostInAJar"},{"floor":7,"key":"FearPotion"},{"floor":14,"key":"Regen Potion"},{"floor":16,"key":"Fire Potion"},{"floor":18,"key":"Ancient Potion"},{"floor":23,"key":"Fruit Juice"},{"floor":24,"key":"DistilledChaos"},{"floor":25,"key":"Fire Potion"},{"floor":29,"key":"GhostInAJar"},{"floor":33,"key":"AttackPotion"},{"floor":35,"key":"Block Potion"},{"floor":37,"key":"SteroidPotion"},{"floor":41,"key":"FearPotion"},{"floor":42,"key":"Fire Potion"},{"floor":44,"key":"PowerPotion"},{"floor":47,"key":"DuplicationPotion"},{"floor":48,"key":"Block Potion"}],"is_trial":false,"path_per_floor":["M","?","M","$","?","R","M","R","T","R","?","R","$","E","R","B",null,"M","?","?","?","M","M","E","M","T","?","$","M","R","M","R","B",null,"M","?","?","$","?","R","M","E","T","?","$","R","M","M","R","B"],"character_chosen":"THE_SILENT","items_purchased":["Blade Dance","Accuracy","Bag of Preparation","Backstab","Footwork","Flash of Steel"],"campfire_rested":1,"item_purchase_floors":[4,4,28,28,28,45],"current_hp_per_floor":[60,43,43,43,43,43,43,43,43,43,66,66,66,66,66,66,69,67,67,67,67,69,63,58,61,61,61,61,68,68,74,74,41,67,74,74,75,75,71,71,71,71,71,71,71,71,71,56,71,0,0],"gold":184,"neow_bonus":"BOSS_RELIC","is_daily":false,"chose_seed":false,"campfire_upgraded":7,"win_rate":0.0,"timestamp":1611222813,"path_taken":["M","?","M","$","?","R","M","R","T","R","?","R","?","E","R","BOSS","M","?","?","?","M","?","E","M","T","?","$","M","R","M","R","BOSS","M","?","?","$","?","R","M","E","T","?","$","R","M","M","R","BOSS"],"items_purchased_type":["Card","Card","Relic","Card","Card","Card"],"build_version":"2020-12-22","purchased_purges":3,"victory":false,"max_hp_per_floor":[70,70,70,70,70,70,70,70,70,70,70,70,70,70,70,70,70,70,70,70,70,70,75,75,75,75,75,75,75,75,75,75,75,75,75,75,75,75,71,71,71,71,71,71,71,71,71,71,71,71,71],"card_choices":[{"not_picked":["Flying Knee","Dodge and Roll"],"picked":"Cloak And Dagger","floor":1},{"not_picked":["Flying Knee","Expertise"],"picked":"Dodge and Roll","floor":3},{"not_picked":["Reflex","Poisoned Stab"],"picked":"Deflect","floor":7},{"not_picked":["Dagger Throw","Dagger Spray","Doppelganger"],"picked":"SKIP","floor":14},{"not_picked":["Corpse Explosion","Wraith Form v2"],"picked":"Storm of Steel","floor":16},{"not_picked":["Blur","Quick Slash","Poisoned Stab"],"picked":"SKIP","floor":18},{"not_picked":["Backflip","Acrobatics+1"],"picked":"Footwork","floor":22},{"not_picked":["Bane","Underhanded Strike"],"picked":"Dagger Spray+1","floor":23},{"not_picked":["Quick Slash","Outmaneuver","Dodge and Roll"],"picked":"SKIP","floor":24},{"not_picked":["Setup+1","Escape Plan"],"picked":"Noxious Fumes","floor":25},{"not_picked":["Dodge and Roll","Well Laid Plans"],"picked":"Catalyst","floor":29},{"not_picked":["Poisoned Stab","Crippling Poison"],"picked":"Cloak And Dagger","floor":31},{"not_picked":["Glass Knife","Doppelganger"],"picked":"Envenom","floor":33},{"not_picked":["Bane+1","Prepared","PiercingWail+1"],"picked":"SKIP","floor":35},{"not_picked":["Slice","Deadly Poison","Grand Finale"],"picked":"SKIP","floor":41},{"not_picked":["Prepared","PiercingWail","Setup+1"],"picked":"SKIP","floor":42},{"not_picked":["Deadly Poison+1","All Out Attack+1"],"picked":"Accuracy","floor":44},{"not_picked":["Backflip","Bane+1"],"picked":"Blade Dance+1","floor":47},{"not_picked":["Endless Agony","Reflex","Quick Slash+1"],"picked":"SKIP","floor":47},{"not_picked":["Catalyst","Flechettes","Acrobatics+1"],"picked":"SKIP","floor":48},{"not_picked":["Caltrops+1","Bane+1","Cloak And Dagger"],"picked":"SKIP","floor":48}],"player_experience":519227,"relics_obtained":[{"floor":9,"key":"White Beast Statue"},{"floor":14,"key":"Bird Faced Urn"},{"floor":24,"key":"Torii"},{"floor":26,"key":"Happy Flower"},{"floor":37,"key":"Girya"},{"floor":42,"key":"TungstenRod"},{"floor":42,"key":"Smiling Mask"},{"floor":43,"key":"Mercury Hourglass"},{"floor":44,"key":"Prayer Wheel"}],"event_choices":[{"damage_healed":0,"gold_gain":0,"player_choice":"Take Damage","damage_taken":17,"relics_obtained":["Golden Idol"],"max_hp_gain":0,"max_hp_loss":0,"event_name":"Golden Idol","floor":2,"gold_loss":0},{"cards_removed":["Strike_G"],"damage_healed":0,"gold_gain":0,"player_choice":"Forget","damage_taken":0,"max_hp_gain":0,"max_hp_loss":0,"event_name":"Living Wall","floor":5,"gold_loss":0},{"damage_healed":23,"gold_gain":0,"player_choice":"Banana","damage_taken":0,"max_hp_gain":0,"max_hp_loss":0,"event_name":"Big Fish","floor":11,"gold_loss":0},{"damage_healed":0,"gold_gain":0,"player_choice":"Obtained Relic","damage_taken":0,"relics_obtained":["Ninja Scroll"],"max_hp_gain":0,"max_hp_loss":0,"event_name":"Addict","floor":19,"gold_loss":85},{"damage_healed":0,"gold_gain":0,"player_choice":"Ignored","damage_taken":0,"max_hp_gain":0,"max_hp_loss":0,"event_name":"Vampires","floor":20,"gold_loss":0},{"damage_healed":0,"gold_gain":250,"player_choice":"Bet on Owner","damage_taken":0,"max_hp_gain":0,"max_hp_loss":0,"event_name":"The Joust","floor":21,"gold_loss":50},{"cards_removed":["Strike_G"],"damage_healed":0,"gold_gain":0,"player_choice":"Purged","damage_taken":0,"max_hp_gain":0,"max_hp_loss":0,"event_name":"Purifier","floor":27,"gold_loss":0},{"cards_removed":["Defend_G"],"damage_healed":0,"gold_gain":0,"player_choice":"Removed Skill","damage_taken":0,"max_hp_gain":0,"max_hp_loss":0,"event_name":"Falling","floor":36,"gold_loss":0},{"damage_healed":0,"gold_gain":0,"player_choice":"Fight","damage_taken":0,"max_hp_gain":0,"max_hp_loss":0,"event_name":"MindBloom","floor":37,"gold_loss":0},{"damage_healed":0,"gold_gain":0,"player_choice":"Max HP","damage_taken":0,"max_hp_gain":0,"max_hp_loss":4,"event_name":"Winding Halls","floor":39,"gold_loss":0},{"damage_healed":0,"gold_gain":0,"player_choice":"Fight","damage_taken":0,"max_hp_gain":0,"max_hp_loss":0,"event_name":"Mysterious Sphere","floor":44,"gold_loss":0}],"is_beta":false,"boss_relics":[{"not_picked":["Busted Crown","Snecko Eye"],"picked":"Empty Cage"},{"not_picked":["Cursed Key","Runic Pyramid"],"picked":"Black Star"}],"items_purged_floors":[28,38,45],"is_endless":false,"potions_floor_spawned":[1,7,14,16,18,22,23,24,25,29,31,33,35,37,41,42,44,47,48],"killed_by":"Awakened One","ascension_level":10}}