{"host":"ypphcgdomtfqpc2w","time":1611214317,"event":{"mods":["BaseMod","Minty Spire (QoL Compilation)","StSLib"],"gold_per_floor":[369,42,56,56,3,3,24,55,67,93,148,160,211,188,200,302,314,350,336,348,385,397,409,434,446,458,395,407,36,52,95,95,190,190,205,236,236,286,302,345,167,167,221,255,291,291,191,232,232,232,232,232,232,66,109,109],"floor_reached":57,"language":"ENG","playtime":5653,"items_purged":["Injury","Bite"],"score":3104,"play_id":"64d81d2f-53b9-4770-83e1-1611a1ec9451","local_time":"20210121163157","is_ascension_mode":true,"campfire_choices":[{"data":"Inflame","floor":6.0,"key":"SMITH"},{"data":"Burning Pact","floor":12.0,"key":"SMITH"},{"data":"True Grit","floor":15.0,"key":"SMITH"},{"floor":23.0,"key":"REST"},{"data":"Barricade","floor":25,"key":"SMITH"},{"data":"Feel No Pain","floor":32,"key":"SMITH"},{"data":"Enlightenment","floor":42,"key":"SMITH"},{"floor":46,"key":"RECALL"},{"data":"Uppercut","floor":49,"key":"SMITH"},{"data":"Rampage","floor":53,"key":"SMITH"}],"circlet_count":0,"master_deck":["AscendersBane","Defend_R","Defend_R","Defend_R","Defend_R","Bash","Rampage+1","Inflame+1","Evolve","Burning Pact+1","True Grit+1","Barricade+1","Feed","Dark Embrace","Impervious","Bite","Bite","Bite","Bite","Feel No Pain+1","Power Through","Second Wind+1","Juggernaut","Entrench","Disarm+1","Enlightenment+1","Uppercut+1","Body Slam"],"relics":["Burning Blood","Bag of Preparation","OrangePellets","Golden Idol","Eternal Feather","MawBank","Singing Bowl","Mummified Hand","Darkstone Periapt","Runic Pyramid","Calipers","Pantograph","Medical Kit","Juzu Bracelet","Philosopher\u0027s Stone","WingedGreaves","Pocketwatch","Strawberry","Bottled Tornado","Potion Belt","Boot"],"acts_visited":["Exordium","TheCity","TheBeyond","TheEnding"],"potions_floor_usage":[40,56,56,56,56],"damage_taken":[{"damage":7.0,"enemies":"2 Louse","floor":1.0,"turns":3.0},{"damage":1.0,"enemies":"Cultist","floor":3.0,"turns":3.0},{"damage":4.0,"enemies":"Jaw Worm","floor":7.0,"turns":5.0},{"damage":6.0,"enemies":"Gremlin Nob","floor":8.0,"turns":3.0},{"damage":12.0,"enemies":"Large Slime","floor":10.0,"turns":6.0},{"damage":17.0,"enemies":"Lagavulin","floor":11.0,"turns":8.0},{"damage":25.0,"enemies":"3 Sentries","floor":13.0,"turns":9.0},{"damage":16.0,"enemies":"The Guardian","floor":16.0,"turns":12.0},{"damage":21.0,"enemies":"Spheric Guardian","floor":18.0,"turns":13.0},{"damage":28.0,"enemies":"2 Thieves","floor":19.0,"turns":4.0},{"damage":34.0,"enemies":"Snake Plant","floor":21.0,"turns":10.0},{"damage":45,"enemies":"Sentry and Sphere","floor":24,"turns":15},{"damage":0,"enemies":"Snecko","floor":30,"turns":9},{"damage":4,"enemies":"Book of Stabbing","floor":31,"turns":9},{"damage":35,"enemies":"Collector","floor":33,"turns":16},{"damage":0,"enemies":"Orb Walker","floor":35,"turns":5},{"damage":5,"enemies":"Mind Bloom Boss Battle","floor":36,"turns":7},{"damage":37,"enemies":"3 Darklings","floor":39,"turns":9},{"damage":10,"enemies":"Reptomancer","floor":40,"turns":10},{"damage":0,"enemies":"Nemesis","floor":44,"turns":7},{"damage":0,"enemies":"Giant Head","floor":45,"turns":8},{"damage":0,"enemies":"Nemesis","floor":48,"turns":7},{"damage":0,"enemies":"Donu and Deca","floor":50,"turns":11},{"damage":108,"enemies":"Awakened One","floor":51,"turns":37},{"damage":56,"enemies":"Shield and Spear","floor":55,"turns":15},{"damage":3,"enemies":"The Heart","floor":56,"turns":8}],"seed_played":"1019133317329569098","potions_obtained":[{"floor":7.0,"key":"AttackPotion"},{"floor":8.0,"key":"Weak Potion"},{"floor":10.0,"key":"CultistPotion"},{"floor":11.0,"key":"EssenceOfSteel"},{"floor":18.0,"key":"Weak Potion"},{"floor":24,"key":"Dexterity Potion"},{"floor":35,"key":"ColorlessPotion"},{"floor":40,"key":"BlessingOfTheForge"}],"is_trial":false,"path_per_floor":["M","$","M","?","?","R","M","E","T","M","E","R","E","?","R","B",null,"M","M","?","M","?","R","M","R","T","?","?","$","M","E","R","B",null,"M","?","?","?","M","E","$","R","T","E","E","R","$","E","R","B","B",null,"R","$","E","B",null],"character_chosen":"IRONCLAD","items_purchased":["Bag of Preparation","OrangePellets","Feel No Pain","Power Through","Medical Kit","BloodPotion","Enlightenment","Body Slam","PowerPotion","Weak Potion"],"campfire_rested":1,"item_purchase_floors":[2,2,29,29,29,29,41,54,54,54],"current_hp_per_floor":[67,67,72,46,46,52,54,54,54,48,39,48,29,48,57,47,70,58,41,41,13,13,50,16,28,28,28,28,28,61,70,70,73,73,78,81,81,81,86,89,89,89,89,101,106,106,106,109,109,112,115,115,115,115,120,120],"gold":109,"neow_bonus":"TWO_FIFTY_GOLD","is_daily":false,"chose_seed":false,"campfire_upgraded":8,"win_rate":0.0,"timestamp":1611214317,"path_taken":["M","$","M","?","?","R","?","E","T","?","E","R","E","?","R","BOSS","M","M","?","?","?","R","M","R","T","?","?","$","M","E","R","BOSS","M","?","?","?","M","E","$","R","T","E","E","R","?","E","R","BOSS","BOSS","R","$","E","BOSS"],"items_purchased_type":["Relic","Relic","Card","Card","Relic","Potion","Card","Card","Potion","Potion"],"build_version":"2020-12-22","purchased_purges":2,"victory":true,"max_hp_per_floor":[75,75,75,75,75,75,75,75,75,75,77,77,77,77,77,77,77,80,85,85,85,85,85,90,90,90,90,62,62,65,70,70,73,73,78,81,81,81,86,89,89,89,89,101,106,106,106,109,109,112,115,115,115,115,120,120],"card_choices":[{"not_picked":["Pommel Strike","Cleave"],"picked":"Rampage","floor":1.0},{"not_picked":["Searing Blow","Intimidate"],"picked":"Inflame","floor":3.0},{"not_picked":["Cleave","Anger"],"picked":"Evolve","floor":7.0},{"not_picked":["Iron Wave","Rampage"],"picked":"Burning Pact","floor":8.0},{"not_picked":["Flame Barrier","Bludgeon"],"picked":"True Grit","floor":10.0},{"not_picked":["Armaments","Infernal Blade","Wild Strike"],"picked":"Singing Bowl","floor":11.0},{"not_picked":["Ghostly Armor","Headbutt"],"picked":"Barricade","floor":13.0},{"not_picked":["Fiend Fire","Berserk"],"picked":"Feed","floor":16.0},{"not_picked":["Pommel Strike","Headbutt"],"picked":"Dark Embrace","floor":18.0},{"not_picked":["Thunderclap","True Grit","Infernal Blade"],"picked":"Singing Bowl","floor":19.0},{"not_picked":["Burning Pact","Thunderclap"],"picked":"Impervious","floor":21.0},{"not_picked":["Iron Wave","Whirlwind","Havoc"],"picked":"Singing Bowl","floor":24},{"not_picked":["Wild Strike","Fire Breathing"],"picked":"Second Wind+1","floor":30},{"not_picked":["Clothesline","Wild Strike+1","Infernal Blade"],"picked":"Singing Bowl","floor":31},{"not_picked":["Double Tap","Bludgeon"],"picked":"Juggernaut","floor":33},{"not_picked":["Bloodletting","Intimidate","Reckless Charge"],"picked":"Singing Bowl","floor":35},{"not_picked":["Flex+1","Twin Strike"],"picked":"Entrench","floor":36},{"not_picked":["Sever Soul","Combust","Clothesline"],"picked":"Singing Bowl","floor":39},{"not_picked":["Anger","Barricade"],"picked":"Disarm+1","floor":40},{"not_picked":["Hemokinesis","Perfected Strike","Armaments"],"picked":"Singing Bowl","floor":44},{"not_picked":["Pummel+1","Iron Wave","Hemokinesis"],"picked":"Singing Bowl","floor":45},{"not_picked":["Cleave+1","Perfected Strike"],"picked":"Uppercut","floor":48},{"not_picked":["Dropkick+1","Pommel Strike","Demon Form"],"picked":"Singing Bowl","floor":55}],"player_experience":2078019,"relics_obtained":[{"floor":8.0,"key":"MawBank"},{"floor":9.0,"key":"Singing Bowl"},{"floor":11.0,"key":"Mummified Hand"},{"floor":13.0,"key":"Darkstone Periapt"},{"floor":20.0,"key":"Calipers"},{"floor":26,"key":"Pantograph"},{"floor":31,"key":"Juzu Bracelet"},{"floor":36,"key":"WingedGreaves"},{"floor":40,"key":"Pocketwatch"},{"floor":44,"key":"Strawberry"},{"floor":45,"key":"Bottled Tornado"},{"floor":48,"key":"Potion Belt"},{"floor":55,"key":"Boot"}],"event_choices":[{"damage_healed":0.0,"max_hp_gain":0.0,"max_hp_loss":0.0,"gold_gain":0.0,"event_name":"Golden Idol","player_choice":"Take Damage","floor":4.0,"gold_loss":0.0,"damage_taken":26.0,"relics_obtained":["Golden Idol"]},{"damage_healed":0.0,"max_hp_gain":0.0,"max_hp_loss":0.0,"gold_gain":0.0,"event_name":"WeMeetAgain","player_choice":"Paid Gold","floor":5.0,"gold_loss":53.0,"damage_taken":0.0,"relics_obtained":["Eternal Feather"]},{"damage_healed":19.0,"max_hp_gain":0.0,"max_hp_loss":0.0,"gold_gain":0.0,"event_name":"The Cleric","player_choice":"Healed","floor":14.0,"gold_loss":35.0,"damage_taken":0.0},{"damage_healed":0.0,"max_hp_gain":0.0,"max_hp_loss":0.0,"gold_gain":0.0,"event_name":"Wheel of Change","player_choice":"Relic","floor":20.0,"gold_loss":0.0,"damage_taken":0.0},{"damage_healed":0.0,"max_hp_gain":0.0,"max_hp_loss":0.0,"gold_gain":0.0,"event_name":"Cursed Tome","player_choice":"Ignored","floor":22.0,"gold_loss":0.0,"damage_taken":0.0},{"cards_removed":["Strike_R"],"damage_healed":0,"gold_gain":0,"player_choice":"Gave Gold","damage_taken":0,"max_hp_gain":0,"max_hp_loss":0,"event_name":"Beggar","floor":27,"gold_loss":75},{"damage_healed":0,"gold_gain":0,"player_choice":"Became a vampire","damage_taken":0,"max_hp_gain":0,"max_hp_loss":28,"event_name":"Vampires","floor":28,"gold_loss":0,"cards_obtained":["Bite","Bite","Bite","Bite","Bite"]},{"damage_healed":0,"gold_gain":0,"player_choice":"Fight","damage_taken":0,"max_hp_gain":0,"max_hp_loss":0,"event_name":"MindBloom","floor":36,"gold_loss":0},{"damage_healed":0,"gold_gain":0,"player_choice":"Got Potions","damage_taken":0,"max_hp_gain":0,"max_hp_loss":0,"event_name":"Lab","floor":37,"gold_loss":0},{"damage_healed":0,"gold_gain":50,"player_choice":"Pray","damage_taken":0,"max_hp_gain":0,"max_hp_loss":0,"event_name":"Golden Shrine","floor":38,"gold_loss":0}],"is_beta":false,"boss_relics":[{"not_picked":["SacredBark","Pandora\u0027s Box"],"picked":"Runic Pyramid"},{"not_picked":["Runic Cube","Empty Cage"],"picked":"Philosopher\u0027s Stone"}],"items_purged_floors":[41,47],"is_endless":false,"potions_floor_spawned":[7,8,10,11,18,24,30,31,33,35,40,45],"ascension_level":20}}