{"host":"pf9sh7nh6rpu9sau","time":1611200383,"event":{"mods":["2.2 Compatiblity","BaseMod","BetterRewards","Clockwork Mod","Downfall","Hermit","Mad Scientist","Minty Spire (QoL Compilation)","Permanent Neow","Quick Restart","Somnambulant","StSLib","The Clintock","The Cursed","The Disciple","The Hierophant","The Necromancer","The Runesmith"],"gold_per_floor":[349,365,383,398,4,37,82,98,98,117,217,117,128,303,314,314,314,314],"floor_reached":16,"language":"ENG","playtime":1030,"items_purged":[],"score":104,"play_id":"f1b0b0fd-df0b-4384-822c-12d387b99800","local_time":"20210120223943","is_ascension_mode":false,"campfire_choices":[{"data":"bronze:Replicate","floor":1,"key":"SMITH"},{"data":"bronze:SpaghettiCode","floor":12,"key":"SMITH"}],"circlet_count":0,"master_deck":["bronze:Strike","bronze:Strike","bronze:Strike","bronze:Strike","bronze:Defend","bronze:Defend","bronze:Defend","bronze:Defend","bronze:Replicate+1","bronze:Goto","bronze:Repulsor","bronze:Fortify","bronze:SpaghettiCode+1","bronze:Flail","bronze:Assembly","bronze:DarkDash","Doubt","bronze:Verify"],"relics":["bronze:BronzeCore","bronze:SilverBullet","Bronze Scales","Anchor","downfall:HeartBlessingGreen"],"acts_visited":["Exordium"],"potions_floor_usage":[6,16,16],"damage_taken":[{"damage":0,"enemies":"2 Louse","floor":2,"turns":3},{"damage":1,"enemies":"Cultist","floor":3,"turns":3},{"damage":7,"enemies":"Small Slimes","floor":4,"turns":4},{"damage":5,"enemies":"downfall:FleeingMerchant","floor":5,"turns":4},{"damage":24,"enemies":"3 Sentries","floor":6,"turns":4},{"damage":0,"enemies":"3 Louse","floor":8,"turns":2},{"damage":5,"enemies":"Exordium Thugs","floor":10,"turns":3},{"damage":0,"enemies":"2 Fungi Beasts","floor":13,"turns":1},{"damage":0,"enemies":"Blue Slaver","floor":15,"turns":2},{"damage":31,"enemies":"SI_SHIV_ARCHETYPE","floor":16,"turns":8}],"seed_played":"-4384223985871049806","potions_obtained":[{"floor":3,"key":"bronze:BurnAndBuffPotion"},{"floor":10,"key":"sneckomod:MuddlingPotion"},{"floor":13,"key":"AttackPotion"}],"is_trial":false,"path_per_floor":["R","M","M","M","$","E","T","M","?","M","?","R","M","?","M","B"],"character_chosen":"THE_AUTOMATON","items_purchased":["bronze:SilverBullet","bronze:SpaghettiCode","bronze:Flail"],"campfire_rested":0,"item_purchase_floors":[5,5,5],"current_hp_per_floor":[49,49,48,41,36,12,12,12,35,30,30,30,30,30,30,0,0,0],"gold":314,"neow_bonus":"TWO_FIFTY_GOLD","is_daily":false,"chose_seed":false,"campfire_upgraded":2,"win_rate":0.0,"timestamp":1611200383,"path_taken":["R","M","M","M","$","E","T","M","?","M","?","R","M","?","M","BOSS"],"items_purchased_type":["Relic","Card","Card"],"build_version":"2020-12-22","purchased_purges":0,"victory":false,"max_hp_per_floor":[70,70,70,70,70,70,70,70,70,70,70,70,70,70,70,70,70,70],"card_choices":[{"not_picked":["bronze:DelayedGuard","bronze:BitShift","bronze:DelayedSlice"],"picked":"SKIP","floor":2},{"not_picked":["bronze:CloningBeam","bronze:CutThrough"],"picked":"bronze:Repulsor","floor":3},{"not_picked":["bronze:Deprecate","bronze:Iterate","bronze:NullPointer"],"picked":"SKIP","floor":4},{"not_picked":["bronze:ChildClass","bronze:Optimize"],"picked":"bronze:Fortify","floor":5},{"not_picked":["bronze:Terminator","bronze:BitShift"],"picked":"bronze:Assembly","floor":6},{"not_picked":["bronze:Constructor","bronze:Frontload","bronze:Deprecate"],"picked":"SKIP","floor":8},{"not_picked":["bronze:DelayedSlice","bronze:FollowUp"],"picked":"bronze:DarkDash","floor":10},{"not_picked":["bronze:DelayedGuard","bronze:Turbo","bronze:BitShift"],"picked":"SKIP","floor":13},{"not_picked":["bronze:Shield","bronze:Invalidate"],"picked":"bronze:Verify","floor":15}],"player_experience":816868,"relics_obtained":[{"floor":6,"key":"Bronze Scales"},{"floor":7,"key":"Anchor"}],"event_choices":[{"damage_healed":23,"gold_gain":0,"player_choice":"Banana","damage_taken":0,"max_hp_gain":0,"max_hp_loss":0,"event_name":"Big Fish","floor":9,"gold_loss":0}],"is_beta":false,"boss_relics":[],"items_purged_floors":[],"is_endless":false,"potions_floor_spawned":[3,10,13],"killed_by":"SI_SHIV_ARCHETYPE","ascension_level":0}}