{"host":"u4pncpybdtxxvw4r","time":1611247952,"event":{"mods":["AchievementEnabler","BaseMod","Block Reminder","Colored Powertips","Downfall","Marisa£®ÏF”Í°°ƒß¿Ì…≥£©","Minty Spire (QoL Compilation)","Permanent Neow","Potion Indicator Mod","Rare Cards Sparkle","StSLib","SuperFastMode"],"gold_per_floor":[99,99,99,99,116,16,16,16,1,21,21,471,506,506,521,619,619,619,619,631,658,2,2,2,22,36,36,66,66,66,91,111,207,207,7,19,19,19,4,104,158,158,175,175,175,175],"floor_reached":44,"language":"ZHS","playtime":2820,"items_purged":["downfall:Icky"],"score":615,"play_id":"3af8000e-0d80-4597-a10a-928722343cf2","local_time":"20210122005232","is_ascension_mode":false,"campfire_choices":[{"floor":1.0,"key":"RECALL"},{"data":"Guardian:PiercingHide","floor":6.0,"key":"SMITH"},{"data":"Guardian:RollAttack","floor":11.0,"key":"SMITH"},{"data":"Guardian:SentryBeam","floor":18,"key":"SMITH"},{"floor":30,"key":"REST"},{"data":"Guardian:BodySlam","floor":35,"key":"SMITH"},{"data":"Transmutation","floor":42,"key":"SMITH"}],"circlet_count":0,"master_deck":["Guardian:Defend_Guardian","Guardian:Defend_Guardian","Guardian:Defend_Guardian","Guardian:CurlUp","Guardian:TwinSlam","Guardian:PiercingHide+1","Guardian:ShieldCharger","Guardian:RollAttack+1","Guardian:Recover","downfall:Icky","Guardian:Harden","Guardian:SentryBeam+1","Guardian:HyperBeam_Guardian","Guardian:GatlingBeam+1","Guardian:ConstructionForm+1","Guardian:PrimingBeam","Guardian:SpikerProtocol","Guardian:BodySlam+1","Pride","sneckomod:UnknownClassBLUE","Steam","Guardian:PrismaticBarrier","Steam+1","Transmutation+1","Injury","Clumsy","Clumsy","Writhe","downfall:Aged","Guardian:ConstructionForm","Shame","Guardian:Gem_Green"],"relics":["Guardian:ModeShifter","downfall:HeartsMalice","Guardian:PickAxe","downfall:HeartBlessingRed","TungstenRod","Juzu Bracelet","Astrolabe","Calipers","PrismaticShard","Ancient Tea Set","Gremlin Horn","Bronze Scales","Omamori","Torii","Busted Crown","downfall:HeartBlessingGreen","downfall:HeartBlessingBlue","Darkstone Periapt","Regal Pillow"],"acts_visited":["Exordium","TheCity","TheBeyond"],"potions_floor_usage":[26,26,31,33,44,44],"damage_taken":[{"damage":0.0,"enemies":"Cultist","floor":2.0,"turns":1.0},{"damage":0.0,"enemies":"Small Slimes","floor":3.0,"turns":1.0},{"damage":0.0,"enemies":"Small Slimes","floor":4.0,"turns":1.0},{"damage":10.0,"enemies":"Jaw Worm","floor":5.0,"turns":6.0},{"damage":0.0,"enemies":"downfall:FleeingMerchant","floor":9.0,"turns":4.0},{"damage":7.0,"enemies":"Exordium Thugs","floor":10.0,"turns":5.0},{"damage":14.0,"enemies":"Lagavulin","floor":13.0,"turns":8.0},{"damage":0.0,"enemies":"3 Louse","floor":15.0,"turns":4.0},{"damage":23.0,"enemies":"IC_STATUS_ARCHETYPE","floor":16.0,"turns":9.0},{"damage":12,"enemies":"3 Byrds","floor":20,"turns":5},{"damage":3,"enemies":"downfall:FleeingMerchant","floor":22,"turns":4},{"damage":9,"enemies":"Spheric Guardian","floor":25,"turns":6},{"damage":0,"enemies":"3 Cultists","floor":26,"turns":2},{"damage":12,"enemies":"Book of Stabbing","floor":28,"turns":7},{"damage":11,"enemies":"Centurion and Healer","floor":29,"turns":7},{"damage":27,"enemies":"Gremlin Leader","floor":31,"turns":9},{"damage":13,"enemies":"Shelled Parasite and Fungi","floor":32,"turns":5},{"damage":10,"enemies":"SI_MIRROR_ARCHETYPE","floor":33,"turns":10},{"damage":0,"enemies":"3 Darklings","floor":36,"turns":6},{"damage":0,"enemies":"downfall:FleeingMerchant","floor":39,"turns":4},{"damage":10,"enemies":"3 Shapes","floor":43,"turns":5},{"damage":116,"enemies":"Giant Head","floor":44,"turns":13}],"seed_played":"-4597456752808967251","potions_obtained":[{"floor":5.0,"key":"PowerPotion"},{"floor":10.0,"key":"Strength Potion"},{"floor":13.0,"key":"FearPotion"},{"floor":25,"key":"FearPotion"},{"floor":28,"key":"Fire Potion"},{"floor":31,"key":"champ:CounterPotion"},{"floor":33,"key":"bronze:BurnAndBuffPotion"},{"floor":36,"key":"Dexterity Potion"}],"is_trial":false,"path_per_floor":["R","M","M","?","M","R","T","?","$","M","R","?","E","?","M","B",null,"R","?","M","T","$","?","T","M","M","?","E","M","R","E","M","B",null,"R","M","?","?","$","?","T","R","M","E"],"character_chosen":"GUARDIAN","items_purchased":["Calipers","Guardian:SpikerProtocol","Guardian:BodySlam","PrismaticShard"],"campfire_rested":1,"item_purchase_floors":[22,22,22,22],"current_hp_per_floor":[80,80,80,80,70,70,70,70,70,63,63,63,49,49,49,26,80,80,80,68,68,65,65,65,56,56,56,44,33,57,30,17,7,80,90,90,103,103,103,144,144,144,134,18,18,18],"gold":175,"neow_bonus":"THREE_ENEMY_KILL","is_daily":false,"chose_seed":false,"campfire_upgraded":5,"win_rate":0.0,"timestamp":1611247952,"path_taken":["R","M","?","?","M","R","T","?","$","?","R","?","E","?","M","BOSS","R","?","M","?","$","?","T","M","M","?","E","M","R","E","M","BOSS","R","M","?","?","?","?","T","R","M","E"],"items_purchased_type":["Relic","Card","Card","Relic"],"build_version":"2020-12-22","purchased_purges":1,"victory":false,"max_hp_per_floor":[80,80,80,80,80,80,80,80,80,80,80,80,80,80,80,80,80,80,80,80,80,80,80,80,80,80,80,80,80,80,80,80,80,80,90,90,103,103,103,144,144,144,144,144,144,144],"card_choices":[{"not_picked":["Guardian:PrismaticBeam","Guardian:Gem_Cyan"],"picked":"Guardian:PiercingHide","floor":2.0},{"not_picked":["Guardian:Incinerate","Guardian:Gem_White"],"picked":"Guardian:ShieldCharger","floor":3.0},{"not_picked":["Guardian:Gem_Red","Guardian:BodySlam"],"picked":"Guardian:RollAttack","floor":5.0},{"not_picked":["Guardian:RollAttack","Guardian:Gem_Yellow"],"picked":"Guardian:Recover","floor":9.0},{"not_picked":["Guardian:WalkerClaw","Guardian:Gem_Blue"],"picked":"Guardian:Gem_Lightblue","floor":10.0},{"not_picked":["Guardian:Reroute","Guardian:Gem_Lightblue"],"picked":"Guardian:Harden","floor":13.0},{"not_picked":["Guardian:Clone","Guardian:Orbwalk"],"picked":"Guardian:SentryBeam","floor":15.0},{"not_picked":["Guardian:SphericShield","Guardian:RevengeProtocol"],"picked":"Guardian:HyperBeam_Guardian","floor":16.0},{"not_picked":["Guardian:BronzeArmor","Guardian:PolyBeam"],"picked":"Guardian:Gem_White","floor":20},{"not_picked":["Guardian:TemporalShield+1","Guardian:Gem_Red"],"picked":"Guardian:PrimingBeam","floor":22},{"not_picked":["OpenUniverse","hexamod:BurningTouch+1"],"picked":"sneckomod:UnknownClassBLUE","floor":25},{"not_picked":["hexamod:EmpoweredFlame+1","Tools of the Trade"],"picked":"Steam","floor":26},{"not_picked":["Battle Trance","bronze:ClassDefault"],"picked":"Guardian:PrismaticBarrier","floor":28},{"not_picked":["Perfected Strike","Prepared","CutThroughFate"],"picked":"SKIP","floor":29},{"not_picked":["Sweeping Beam","Slimebound:LivingWall+1"],"picked":"Steam+1","floor":31},{"not_picked":["hexamod:Rewind","sneckomod:RainOfDice","hexamod:ChargedBarrage"],"picked":"SKIP","floor":32},{"not_picked":["champ:HeavySlash","A Thousand Cuts"],"picked":"Transmutation","floor":33},{"not_picked":[],"picked":"Guardian:Gem_Green","floor":36},{"not_picked":["hexamod:BacktrackSmack+1"],"picked":"SKIP","floor":39},{"not_picked":[],"picked":"Guardian:Gem_Green","floor":43}],"player_experience":57449,"relics_obtained":[{"floor":7.0,"key":"TungstenRod"},{"floor":13.0,"key":"Juzu Bracelet"},{"floor":24,"key":"Gremlin Horn"},{"floor":27,"key":"Bronze Scales"},{"floor":28,"key":"Omamori"},{"floor":31,"key":"Torii"},{"floor":41,"key":"Regal Pillow"}],"event_choices":[{"cards_removed":["Guardian:Strike_Guardian"],"damage_healed":0.0,"max_hp_gain":0.0,"max_hp_loss":0.0,"gold_gain":0.0,"event_name":"Bonfire Elementals","player_choice":"Offered Basic","floor":8.0,"gold_loss":0.0,"damage_taken":0.0},{"damage_healed":0,"gold_gain":0,"player_choice":"Stole Relic","damage_taken":0,"relics_obtained":["Ancient Tea Set"],"max_hp_gain":0,"max_hp_loss":0,"event_name":"Addict","floor":23,"gold_loss":0,"cards_obtained":["Pride"]},{"damage_healed":0,"gold_gain":0,"player_choice":"Relic","damage_taken":0,"max_hp_gain":0,"max_hp_loss":0,"event_name":"Wheel of Change","floor":27,"gold_loss":0},{"damage_healed":0,"gold_gain":0,"player_choice":"Ignored","damage_taken":0,"max_hp_gain":0,"max_hp_loss":0,"event_name":"OrinTheCat","floor":38,"gold_loss":0}],"is_beta":false,"boss_relics":[{"not_picked":["Cursed Key","SacredBark"],"picked":"Astrolabe"},{"not_picked":["Tiny House","Snecko Eye"],"picked":"Busted Crown"}],"items_purged_floors":[22],"is_endless":false,"potions_floor_spawned":[5,10,13,15,25,28,31,33,36],"killed_by":"Giant Head","ascension_level":0}}