{"host":"5c1rfni4ms1ztn71","time":1611269645,"event":{"mods":["100% Spire Juice","AchievementEnabler","BaseMod","ChefMod","Downfall","Duelist Mod","Hermit","Hubris","Infinite Spire","Jorbs\u0027s Wanderer Trilogy","Marisa????????","Minty Spire (QoL Compilation)","Potionbrewer","Robot Space Explorer","SOS???????","Somnambulant","StSLib","Td1madao Mod","The Administrix","The Animator","The Bladedancer","The Bug Knight","The Construct","The Cursed","The Death Knight","The Disciple","The Forsaken","The Hierophant","The Mystic","The Necromancer","The Poker Player","The Runesmith","The Servant 0.9.4","The Wild Card"],"gold_per_floor":[99,117,133,37,37,47,70,88,88,98,128,128,128,159,170,270,270,270,284,384,394,410,410,410,420,420,433,533,533,533,19,36,140,140,140,153,163,180,197,232,283,283,295,315,332,135,135,151,162,162],"floor_reached":51,"language":"ENG","playtime":8006,"items_purged":["Slimebound:Defend_Slimebound"],"score":722,"play_id":"03c2c876-21c1-43e7-9b01-ba80da563497","local_time":"20210121175405","is_ascension_mode":false,"campfire_choices":[{"data":"Slimebound:Split","floor":1,"key":"SMITH"},{"data":"Slimebound:GoopTackle","floor":9,"key":"SMITH"},{"data":"Slimebound:OozeBath","floor":18,"key":"SMITH"},{"data":"Slimebound:Chomp","floor":23,"key":"SMITH"},{"data":"Slimebound:Gluttony","floor":26,"key":"SMITH"},{"data":"Slimebound:GrowthPunch","floor":30,"key":"SMITH"},{"data":"expansioncontent:QuickStudy","floor":35,"key":"SMITH"},{"floor":42,"key":"REST"}],"circlet_count":0,"master_deck":["Slimebound:Strike_Slimebound","Slimebound:Tackle","Slimebound:Defend_Slimebound","Slimebound:Split+1","Slimebound:CorrosiveSpit","Slimebound:RollThrough","Slimebound:LeechEnergy","Slimebound:GoopTackle+1","Slimebound:SelfFormingGoo","Slimebound:GrowthPunch","Slimebound:Chomp+1","Slimebound:LivingWall","Slimebound:ItLooksTasty+1","Slimebound:MegaLick","Slimebound:Replication","Slimebound:SplitMire+1","Slimebound:OozeBath+1","Slimebound:SamplingLick+1","Slimebound:FinishingTackle+1","Slimebound:MegaLick+1","Slimebound:LeechEnergy+1","Slimebound:AcidTongue+1","Slimebound:ItLooksTasty+1","Slimebound:SplitMire+1","Slimebound:Gluttony+1","Slimebound:GrowthPunch+1","Slimebound:GoopTackle+1","Slimebound:OozeBath","Slimebound:SplitMire+1","expansioncontent:QuickStudy+1","Slimebound:Schlurp+1","Slimebound:GoopTackle+1","Slimebound:GoopTackle+1","Slimebound:PressTheAttack+1","Slimebound:LeechingTouch+1","Slimebound:Equalize+1","Slimebound:SamplingLick+1","Slimebound:HauntingLick+1","Slimebound:BestDefense+1","Slimebound:DuplicatedForm","Slimebound:ViciousTackle","Slimebound:RollThrough+1","Slimebound:MegaLick","Slimebound:SamplingLick+1","Slimebound:RollThrough+1"],"relics":["Slimebound:AbsorbEndCombat","infinitespire:Satchel","theForsaken:HumbleEgg","Pen Nib","Astrolabe","White Beast Statue","hubris:PeanutButter","hubris:64BitClover","infinitespire:FocusingShard","Thread and Needle","potionbrewer:MortarAndPestle","Dream Catcher","HollowMod:PaleOreRelic","Ancient Tea Set","Membership Card"],"acts_visited":["Exordium","TheCity","TheBeyond"],"potions_floor_usage":[14,16,16,16,22,25,27,28,32,37,38,38,39,43,43,45,46,48,50],"damage_taken":[{"damage":1,"enemies":"Jaw Worm","floor":2,"turns":3},{"damage":4,"enemies":"Cultist","floor":3,"turns":4},{"damage":5,"enemies":"downfall:FleeingMerchant","floor":4,"turns":4},{"damage":6,"enemies":"2 Louse","floor":6,"turns":2},{"damage":19,"enemies":"Large Slime","floor":8,"turns":5},{"damage":8,"enemies":"Red Slaver","floor":10,"turns":3},{"damage":18,"enemies":"Lagavulin","floor":11,"turns":6},{"damage":5,"enemies":"Gremlin Nob","floor":14,"turns":3},{"damage":10,"enemies":"2 Fungi Beasts","floor":15,"turns":3},{"damage":25,"enemies":"WA_ARCHETYPE_RETAIN","floor":16,"turns":5},{"damage":10,"enemies":"Spheric Guardian","floor":19,"turns":3},{"damage":9,"enemies":"downfall:LadyInBlue","floor":20,"turns":8},{"damage":5,"enemies":"Centurion and Healer","floor":21,"turns":3},{"damage":19,"enemies":"Snake Plant","floor":22,"turns":3},{"damage":3,"enemies":"Shelled Parasite and Fungi","floor":25,"turns":2},{"damage":9,"enemies":"Snecko","floor":27,"turns":3},{"damage":19,"enemies":"IC_STATUS_ARCHETYPE","floor":28,"turns":3},{"damage":0,"enemies":"downfall:FleeingMerchant","floor":31,"turns":4},{"damage":6,"enemies":"Snake Plant","floor":32,"turns":3},{"damage":27,"enemies":"SI_MIRROR_ARCHETYPE","floor":33,"turns":6},{"damage":0,"enemies":"3 Darklings","floor":36,"turns":4},{"damage":23,"enemies":"3 Shapes","floor":37,"turns":3},{"damage":10,"enemies":"Spire Growth","floor":38,"turns":4},{"damage":11,"enemies":"Sphere and 2 Shapes","floor":39,"turns":4},{"damage":17,"enemies":"HollowMod:StalkingDevout","floor":40,"turns":5},{"damage":17,"enemies":"Maw","floor":43,"turns":6},{"damage":0,"enemies":"4 Shapes","floor":44,"turns":3},{"damage":1,"enemies":"Spire Growth","floor":45,"turns":2},{"damage":12,"enemies":"downfall:FleeingMerchant","floor":46,"turns":4},{"damage":48,"enemies":"HollowMod:SlobberingHusk","floor":48,"turns":7},{"damage":14,"enemies":"Jaw Worm Horde","floor":49,"turns":3},{"damage":118,"enemies":"IC_BLOCK_ARCHETYPE","floor":50,"turns":7}],"seed_played":"-5720320234054799408","potions_obtained":[{"floor":6,"key":"potionbrewer:AcidPotion"},{"floor":10,"key":"Slimebound:SlimyTonguePotion"},{"floor":11,"key":"potionbrewer:QuicksilverPotion"},{"floor":15,"key":"AttackPotion"},{"floor":19,"key":"SpeedPotion"},{"floor":20,"key":"FearPotion"},{"floor":20,"key":"infinitespire:BlackPotion"},{"floor":20,"key":"FairyPotion"},{"floor":22,"key":"infinitespire:BlackPotion"},{"floor":25,"key":"Regen Potion"},{"floor":27,"key":"Energy Potion"},{"floor":28,"key":"ColorlessPotion"},{"floor":32,"key":"potionbrewer:AcidPotion"},{"floor":37,"key":"Block Potion"},{"floor":38,"key":"LiquidMemories"},{"floor":39,"key":"infinitespire:BlackPotion"},{"floor":40,"key":"Strength Potion"},{"floor":43,"key":"potionbrewer:ToxicPotion"},{"floor":44,"key":"hexamod:SoulburnPotion"},{"floor":45,"key":"LiquidMemories"},{"floor":46,"key":"construct:ShiftPotion"},{"floor":48,"key":"Fire Potion"},{"floor":49,"key":"champ:CounterPotion"}],"is_trial":false,"path_per_floor":["R","M","M","$","?","M","T","M","R","M","E","?","?","E","M","B",null,"R","M","?","M","M","R","T","M","R","M","?","?","R","$","M","B",null,"R","M","M","M","M","E","T","R","M","M","M","$","?","M","M","B",null],"character_chosen":"SLIMEBOUND","items_purchased":["Slimebound:SelfFormingGoo","expansioncontent:QuickStudy","Thread and Needle","Slimebound:ViciousTackle","Slimebound:RollThrough+1","Ancient Tea Set","Membership Card","Slimebound:MegaLick"],"campfire_rested":1,"item_purchase_floors":[4,31,31,46,46,46,46,46],"current_hp_per_floor":[65,65,61,62,62,56,56,45,45,41,31,31,31,32,28,11,65,65,57,56,59,46,46,46,51,51,58,47,47,47,55,57,38,65,65,65,50,48,45,36,36,55,52,65,65,53,75,41,52,30],"gold":162,"neow_bonus":"RANDOM_COMMON_RELIC","is_daily":false,"chose_seed":false,"campfire_upgraded":7,"win_rate":0.0,"timestamp":1611269645,"path_taken":["R","M","M","$","?","?","T","M","R","M","E","?","?","E","M","BOSS","R","M","?","M","M","R","T","?","R","M","?","?","R","$","M","BOSS","R","M","M","M","M","E","T","R","M","M","?","$","?","M","M","BOSS"],"items_purchased_type":["Card","Card","Relic","Card","Card","Relic","Relic","Card"],"build_version":"2020-12-22","purchased_purges":1,"victory":true,"max_hp_per_floor":[65,65,65,65,65,65,65,65,65,65,65,65,65,65,65,65,65,65,65,65,65,65,65,65,65,65,65,65,65,65,65,65,65,65,65,65,65,65,65,65,65,65,65,65,65,65,75,75,75,75],"card_choices":[{"not_picked":["Slimebound:ForwardTackle","Slimebound:Prepare"],"picked":"Slimebound:RollThrough","floor":2},{"not_picked":["Slimebound:SlimeSpikes","Slimebound:SpikyOuterGoop"],"picked":"Slimebound:LeechEnergy","floor":3},{"not_picked":["Slimebound:ItLooksTasty","Slimebound:LivingWall"],"picked":"Slimebound:GoopTackle","floor":4},{"not_picked":["Slimebound:Schlurp","Slimebound:RollThrough"],"picked":"Slimebound:GrowthPunch","floor":6},{"not_picked":["Slimebound:HauntingLick","Slimebound:Nibble"],"picked":"Slimebound:Chomp","floor":8},{"not_picked":["Slimebound:Replication","Slimebound:SlimeBrawl"],"picked":"Slimebound:LivingWall","floor":10},{"not_picked":["Slimebound:GoopSpray+1","Slimebound:SlimeSpikes+1"],"picked":"Slimebound:ItLooksTasty+1","floor":11},{"not_picked":["Slimebound:ProtectTheBoss","Slimebound:DuplicatedForm"],"picked":"Slimebound:Replication","floor":14},{"not_picked":["Slimebound:SplitBruiser+1","Slimebound:RollThrough+1"],"picked":"Slimebound:SplitMire+1","floor":15},{"not_picked":["Slimebound:MassRepurpose","Slimebound:WasteNot"],"picked":"Slimebound:OozeBath","floor":16},{"not_picked":["Slimebound:SlimeTap","Slimebound:ViciousTackle"],"picked":"Slimebound:LeechEnergy+1","floor":19},{"not_picked":["Slimebound:Replication","Slimebound:GoopTackle+1"],"picked":"Slimebound:AcidTongue+1","floor":20},{"not_picked":["Slimebound:SamplingLick+1","Slimebound:Dissolve"],"picked":"Slimebound:ItLooksTasty+1","floor":21},{"not_picked":["Slimebound:SplitAcid+1","Slimebound:SamplingLick+1"],"picked":"Slimebound:SplitMire+1","floor":22},{"not_picked":["Slimebound:Schlurp+1","Slimebound:ProtectTheBoss"],"picked":"Slimebound:Gluttony","floor":25},{"not_picked":["Slimebound:Chomp+1","Slimebound:Gluttony+1"],"picked":"Slimebound:GrowthPunch","floor":27},{"not_picked":["Slimebound:PressTheAttack+1","Slimebound:Grow"],"picked":"Slimebound:GoopTackle+1","floor":28},{"not_picked":["Slimebound:SlimeSpikes+1","Slimebound:SplitLeeching+1"],"picked":"Slimebound:SplitMire+1","floor":31},{"not_picked":["Slimebound:SplitAcid+1","Slimebound:PrepareCrush"],"picked":"Slimebound:Schlurp+1","floor":32},{"not_picked":["Slimebound:LeechLife","Slimebound:Teamwork"],"picked":"Slimebound:WasteNot","floor":33},{"not_picked":["Slimebound:SamplingLick+1","Slimebound:MegaLick"],"picked":"Slimebound:GoopTackle+1","floor":36},{"not_picked":["Slimebound:GoopSpray+1","Slimebound:HauntingLick+1"],"picked":"Slimebound:GoopTackle+1","floor":37},{"not_picked":["Slimebound:MassFeed","Slimebound:RejuvenatingLick"],"picked":"Slimebound:PressTheAttack+1","floor":38},{"not_picked":["Slimebound:SplitAcid+1","Slimebound:SplitLeeching+1"],"picked":"Slimebound:LeechingTouch+1","floor":39},{"not_picked":["Slimebound:ComboTackle+1","Slimebound:Grow"],"picked":"Slimebound:Equalize+1","floor":40},{"not_picked":["Slimebound:Equalize","Slimebound:ItLooksTasty+1"],"picked":"Slimebound:SamplingLick+1","floor":42},{"not_picked":["Slimebound:LevelUp","Slimebound:SlimeSpikes+1"],"picked":"Slimebound:HauntingLick+1","floor":43},{"not_picked":["Slimebound:SlimeBarrage+1","Slimebound:SplitAcid+1","Slimebound:SplitLeeching+1"],"picked":"SKIP","floor":44},{"not_picked":["Slimebound:GoopTackle+1","Slimebound:FinishingTackle+1"],"picked":"Slimebound:BestDefense+1","floor":45},{"not_picked":["Slimebound:SlimeBarrage","Slimebound:SlimeSpikes+1"],"picked":"Slimebound:DuplicatedForm","floor":46},{"not_picked":["Slimebound:SplitBruiser+1","Slimebound:LeadByExample"],"picked":"Slimebound:SamplingLick+1","floor":48},{"not_picked":["Slimebound:SplitAcid+1","Slimebound:ItLooksTasty+1"],"picked":"Slimebound:RollThrough+1","floor":49}],"player_experience":61609,"relics_obtained":[{"floor":7,"key":"infinitespire:Satchel"},{"floor":11,"key":"theForsaken:HumbleEgg"},{"floor":14,"key":"Pen Nib"},{"floor":20,"key":"White Beast Statue"},{"floor":24,"key":"hubris:PeanutButter"},{"floor":28,"key":"hubris:64BitClover"},{"floor":28,"key":"infinitespire:FocusingShard"},{"floor":40,"key":"potionbrewer:MortarAndPestle"},{"floor":41,"key":"Dream Catcher"},{"floor":43,"key":"HollowMod:PaleOreRelic"}],"event_choices":[{"damage_healed":0,"gold_gain":0,"player_choice":"Ignored","damage_taken":0,"max_hp_gain":0,"max_hp_loss":0,"event_name":"NoteForYourself","floor":5,"gold_loss":0},{"cards_removed":["Slimebound:WasteNot"],"damage_healed":12,"gold_gain":0,"player_choice":"Offered Rare","damage_taken":0,"max_hp_gain":10,"max_hp_loss":0,"event_name":"Bonfire Elementals","floor":47,"gold_loss":0}],"is_beta":false,"boss_relics":[{"not_picked":["SacredBark","hubris:HollowSoul"],"picked":"Astrolabe"},{"not_picked":["hubris:TerracottaHorce","bronze:MakeshiftBattery","Runesmith:UraniumAnvil"]}],"items_purged_floors":[46],"is_endless":false,"potions_floor_spawned":[6,10,11,15,19,20,21,22,25,27,28,31,32,33,36,37,38,39,40,43,44,45,46,48,49],"ascension_level":0}}