{"host":"kqmpijrcxbgb80ry","time":1611257628,"event":{"mods":["BaseMod","Colored Map","Colored Powertips","Duelist Mod","Highlight Path","Hubris","Infinite Spire","Mimic Mod","Minty Spire (QoL Compilation)","Permanent Neow","Replay The Spire","Shop Mod","StSLib","SuperFastMode"],"gold_per_floor":[212,232,232,249,302,331,331,364,364,539,539,158,169,187,187,287,287,301,315,315,315,334,366,378,378,410,410,24,40,40,60,60,165,165,177,177,177,195,215,247,247,266,266,266,16,45,345,364,364,463,463,473,473,473,473],"floor_reached":54,"language":"ENG","playtime":2293,"items_purged":["Doubt","Strike_G","Strike_G","Strike_G"],"score":929,"play_id":"245d507a-1590-4286-ae32-06babf6a2358","local_time":"20210121143348","is_ascension_mode":false,"campfire_choices":[{"data":"Footwork","floor":7.0,"key":"SMITH"},{"data":"Blade Dance","floor":11.0,"key":"SMITH"},{"data":"Accuracy","floor":15.0,"key":"SMITH"},{"data":"Blade Dance","floor":25.0,"key":"SMITH"},{"data":"Accuracy","floor":27.0,"key":"SMITH"},{"floor":32.0,"key":"REST"},{"data":"ReplayTheSpireMod:Scrap Shanks","floor":44.0,"key":"SMITH"},{"data":"Prepared","floor":49.0,"key":"SMITH"}],"circlet_count":0,"master_deck":["Strike_G","Strike_G","Defend_G","Defend_G","Defend_G","Defend_G","Defend_G","Survivor","Neutralize","Poisoned Stab","Footwork+1","Prepared+1","Blade Dance+1","Accuracy+1","Accuracy+1","Blade Dance+1","ReplayTheSpireMod:Scrap Shanks+1","Blade Dance+1","hubris:Sniper+1","Tools of the Trade","Finisher+1","Blade Dance+1","After Image"],"relics":["Ring of the Snake","Vajra","hubris:AncientText","Happy Flower","Quantum Egg","ReplayTheSpireMod:Ninjato","SlaversCollar","PreservedInsect","Blood Vial","Pantograph","Akabeko","DollysMirror","Sozu","hubris:AstralHammer","Black Star","Boot","Tiny Chest","Blue Doll","Lee\u0027s Waffle","Snack Pack","Replay:Accelerometer","hubris:NiceRug","Replay:Baseball","Replay:Wax Seal"],"acts_visited":["Exordium","TheCity","TheBeyond","Exordium"],"potions_floor_usage":[],"damage_taken":[{"damage":0.0,"enemies":"Cultist","floor":1.0,"turns":4.0},{"damage":2.0,"enemies":"Small Slimes","floor":2.0,"turns":4.0},{"damage":0.0,"enemies":"2 Louse","floor":4.0,"turns":2.0},{"damage":25.0,"enemies":"Gremlin Nob","floor":6.0,"turns":5.0},{"damage":16.0,"enemies":"Replay:BlueRogue","floor":8.0,"turns":9.0},{"damage":0.0,"enemies":"Large Slime","floor":13.0,"turns":2.0},{"damage":0.0,"enemies":"Blue Slaver","floor":14.0,"turns":2.0},{"damage":0.0,"enemies":"Slime Boss","floor":16.0,"turns":6.0},{"damage":0.0,"enemies":"Chosen","floor":18.0,"turns":3.0},{"damage":10.0,"enemies":"2 Thieves","floor":19.0,"turns":3.0},{"damage":2.0,"enemies":"Snecko","floor":22.0,"turns":3.0},{"damage":0.0,"enemies":"Nightmare","floor":23.0,"turns":4.0},{"damage":10.0,"enemies":"Chosen and Byrds","floor":24.0,"turns":4.0},{"damage":11.0,"enemies":"Sentry and Sphere","floor":26.0,"turns":6.0},{"damage":0.0,"enemies":"Sentry and Sphere","floor":29.0,"turns":3.0},{"damage":12.0,"enemies":"Centurion and Healer","floor":31.0,"turns":2.0},{"damage":13.0,"enemies":"Collector","floor":33.0,"turns":4.0},{"damage":0.0,"enemies":"Orb Walker","floor":35.0,"turns":1.0},{"damage":24.0,"enemies":"3 Shapes","floor":38.0,"turns":1.0},{"damage":19.0,"enemies":"Maw","floor":39.0,"turns":3.0},{"damage":0.0,"enemies":"Reptomancer","floor":40.0,"turns":2.0},{"damage":16.0,"enemies":"Writhing Mass","floor":42.0,"turns":3.0},{"damage":0.0,"enemies":"Giant Head","floor":46.0,"turns":2.0},{"damage":4.0,"enemies":"hubris:Merchant","floor":47.0,"turns":3.0},{"damage":0.0,"enemies":"Spire Growth","floor":48.0,"turns":1.0},{"damage":10.0,"enemies":"Awakened One","floor":50.0,"turns":3.0},{"damage":0.0,"enemies":"Cultist","floor":52.0,"turns":1.0}],"seed_played":"-4215108478884211752","potions_obtained":[{"floor":1.0,"key":"Energy Potion"},{"floor":2.0,"key":"Cursed Concoction"},{"floor":3.0,"key":"Fruit Juice"},{"floor":3.0,"key":"PowerPotion"},{"floor":3.0,"key":"Adrenaline Potion"},{"floor":23.0,"key":"Strength Potion"},{"floor":24.0,"key":"LiquidMemories"}],"is_trial":false,"path_per_floor":["M","M","?","M","T","E","R","E","T","?","R","$","M","M","R","B",null,"M","M","AVR","?","M","NM","M","R","MIM","R","$","M","?","M","R","B",null,"M","?","AVR","M","M","E","?","M","T","R","$","E","$","M","R","B",null,"M","$","?"],"character_chosen":"THE_SILENT","items_purchased":["ReplayTheSpireMod:Ninjato","Accuracy","ReplayTheSpireMod:Scrap Shanks","Akabeko","DollysMirror","Lee\u0027s Waffle"],"campfire_rested":1,"item_purchase_floors":[12,12,28,28,28,45],"current_hp_per_floor":[70,68,73,73,73,48,48,32,32,32,32,32,32,32,32,32,75,75,65,65,51,49,49,41,41,32,32,32,34,34,24,48,62,80,80,80,80,56,39,41,41,27,27,27,87,87,87,87,87,87,87,87,87,87,87],"gold":473,"neow_bonus":"HUNDRED_GOLD","is_daily":false,"chose_seed":false,"campfire_upgraded":7,"win_rate":0.0,"timestamp":1611257628,"path_taken":["M","M","?","?","?","E","R","E","T","?","R","$","M","M","R","BOSS","M","M","AVR","?","M","NM","M","R","MIM","R","$","M","?","M","R","BOSS","M","?","AVR","?","M","E","?","M","T","R","$","E","$","?","R","BOSS","M","$","?"],"items_purchased_type":["Relic","Card","Card","Relic","Relic","Relic"],"build_version":"2020-12-22","purchased_purges":4,"victory":false,"max_hp_per_floor":[70,70,75,75,75,75,75,75,75,75,75,75,75,75,75,75,75,75,75,75,80,80,80,80,80,80,80,80,80,80,80,80,80,80,80,80,80,80,80,80,80,80,80,80,87,87,87,87,87,87,87,87,87,87,87],"card_choices":[{"not_picked":["Dagger Spray","Riddle With Holes"],"picked":"Poisoned Stab","floor":1.0},{"not_picked":["Acrobatics","Backflip"],"picked":"Footwork","floor":2.0},{"not_picked":["Reflex","Calculated Gamble"],"picked":"Prepared","floor":4.0},{"not_picked":["Doppelganger","PiercingWail","Prepared"],"picked":"SKIP","floor":6.0},{"not_picked":["Prepared","Deflect"],"picked":"Blade Dance","floor":8.0},{"not_picked":["Quick Slash","Hidden Blade"],"picked":"Accuracy","floor":13.0},{"not_picked":["Finisher","Deadly Poison","Backflip"],"picked":"SKIP","floor":14.0},{"not_picked":["Poisoned Stab+1","Draining Mist","Riddle With Holes"],"picked":"SKIP","floor":18.0},{"not_picked":["Blur","Caltrops+1"],"picked":"Blade Dance","floor":19.0},{"not_picked":["Sneak Up","Underhanded Strike","Dagger Spray"],"picked":"SKIP","floor":22.0},{"not_picked":["Blur+1","Dagger Throw","Acrobatics"],"picked":"SKIP","floor":23.0},{"not_picked":["Terror","Skewer","Dagger Spray"],"picked":"SKIP","floor":24.0},{"not_picked":["Sucker Punch+1","PiercingWail"],"picked":"hubris:Sniper+1","floor":29.0},{"not_picked":["Hidden Blade+1","Backflip+1","Poisoned Stab+1"],"picked":"SKIP","floor":31.0},{"not_picked":["Grand Finale","Malaise"],"picked":"Tools of the Trade","floor":33.0},{"not_picked":["ReplayTheSpireMod:Exploit Weakness","Hidden Blade+1","Leg Sweep"],"picked":"SKIP","floor":35.0},{"not_picked":["Cloak And Dagger","Blade Dance","Quick Slash"],"picked":"SKIP","floor":38.0},{"not_picked":["Acrobatics+1","Quick Slash+1","Bane"],"picked":"SKIP","floor":39.0},{"not_picked":["Masterful Stab+1","Venomology"],"picked":"Finisher+1","floor":40.0},{"not_picked":["Dodge and Roll","Dagger Throw"],"picked":"Blade Dance+1","floor":42.0},{"not_picked":["Crippling Poison","Riddle With Holes+1","ReplayTheSpireMod:From All Sides"],"picked":"SKIP","floor":46.0},{"not_picked":["Riddle With Holes"],"picked":"SKIP","floor":47.0},{"not_picked":["Underhanded Strike"],"picked":"SKIP","floor":47.0},{"not_picked":["Draining Mist"],"picked":"SKIP","floor":47.0},{"not_picked":["Setup+1"],"picked":"SKIP","floor":47.0},{"not_picked":["Fluid Movement"],"picked":"SKIP","floor":47.0},{"not_picked":["Purity"],"picked":"SKIP","floor":47.0},{"not_picked":["ReplayTheSpireMod:Necrogeddon"],"picked":"SKIP","floor":47.0},{"not_picked":["Predator+1","Slice","Backflip+1"],"picked":"SKIP","floor":48.0},{"not_picked":["Atom Bomb","Grand Finale"],"picked":"After Image","floor":50.0},{"not_picked":["Deadly Poison","Outmaneuver","Quick Slash"],"picked":"SKIP","floor":52.0}],"player_experience":358628,"relics_obtained":[{"floor":5.0,"key":"Vajra"},{"floor":6.0,"key":"hubris:AncientText"},{"floor":8.0,"key":"Happy Flower"},{"floor":9.0,"key":"Quantum Egg"},{"floor":23.0,"key":"Blood Vial"},{"floor":26.0,"key":"Pantograph"},{"floor":40.0,"key":"Boot"},{"floor":40.0,"key":"Tiny Chest"},{"floor":43.0,"key":"Blue Doll"},{"floor":46.0,"key":"Snack Pack"},{"floor":46.0,"key":"Replay:Accelerometer"},{"floor":47.0,"key":"Replay:Baseball"},{"floor":47.0,"key":"Replay:Wax Seal"}],"event_choices":[{"damage_healed":0.0,"max_hp_gain":0.0,"max_hp_loss":0.0,"gold_gain":0.0,"event_name":"Lab","player_choice":"Got Potions","floor":3.0,"gold_loss":0.0,"damage_taken":0.0},{"damage_healed":0.0,"max_hp_gain":0.0,"max_hp_loss":0.0,"gold_gain":175.0,"event_name":"Liars Game","player_choice":"AGREE","floor":10.0,"gold_loss":0.0,"damage_taken":0.0,"cards_obtained":["Doubt"]},{"damage_healed":0.0,"max_hp_gain":5.0,"max_hp_loss":0.0,"gold_gain":0.0,"event_name":"Forgotten Altar","player_choice":"Shed Blood","floor":21.0,"gold_loss":0.0,"damage_taken":19.0},{"damage_healed":0.0,"max_hp_gain":0.0,"max_hp_loss":0.0,"gold_gain":0.0,"event_name":"Match and Keep!","player_choice":"0 cards matched","floor":36.0,"gold_loss":0.0,"damage_taken":0.0,"cards_obtained":[]},{"damage_healed":0.0,"max_hp_gain":0.0,"max_hp_loss":0.0,"gold_gain":0.0,"event_name":"Transmorgrifier","player_choice":"Ignored","floor":41.0,"gold_loss":0.0,"damage_taken":0.0}],"is_beta":false,"boss_relics":[{"not_picked":["Astrolabe","Snecko Scales"],"picked":"SlaversCollar"},{"not_picked":["Ring of the Serpent","Replay:Grab Bag"],"picked":"Sozu"},{"not_picked":["Velvet Choker","Cursed Key","ReplayTheSpireMod:SealedPack"]}],"items_purged_floors":[12,20,37,45],"is_endless":true,"potions_floor_spawned":[1,2,6,13,23,24,33,38,42,48,50,52],"ascension_level":0}}