{"host":"8jwif9mna8ud19ho","time":1611234896,"event":{"mods":["BaseMod","Better Vampires","Downfall","Marisa£¨ìFÓê¡¡Ä§ÀíÉ³£©","Minty Spire (QoL Compilation)","Reimu£¨²©ÀöÁéÃÎ£©","RumiaBox-Â¶Ã×æ«µÄÉñÃØºÐ×Ó","StSLib","¡¾ÒÅÎï¿¨ÅÆ¡¿REMEMod"],"gold_per_floor":[99,109,119,129,129,139,139,159,192,210,228,138,165,184,200,299,299,99,119,131,157,157,186,212,227,227,246,246,246,246,263,275,377,377,377,389,389,399,316,316,340,355,371,403,423,449,449,116,130,130],"floor_reached":51,"language":"ZHS","playtime":3072,"items_purged":["champ:Strike","champ:RecklessLeap"],"score":997,"play_id":"ec2c40c9-5d03-4391-928a-2478567f5f2d","local_time":"20210121211456","is_ascension_mode":false,"campfire_choices":[{"data":"champ:Taunt","floor":1.0,"key":"SMITH"},{"data":"champ:DancingMaster","floor":18.0,"key":"SMITH"},{"data":"champ:CalledShot","floor":28.0,"key":"SMITH"},{"data":"champ:Backstep","floor":30.0,"key":"SMITH"},{"data":"champ:DancingMaster","floor":35.0,"key":"SMITH"},{"floor":40,"key":"RECALL"},{"data":"champ:FancyFootwork","floor":47,"key":"SMITH"}],"circlet_count":0,"master_deck":["champ:Taunt+1","PrayRite:ReiMu+1","champ:HeartStrike","champ:ShieldWall","champ:AdrenalArmor","champ:ArenaPreparation","champ:FocusedBerserking","champ:CalledShot+1","champ:DancingMaster+1","champ:ArenaPreparation","champ:MurderStrike+1","champ:FocusedBerserking","champ:SetATrap","champ:FocusedDefense","champ:Backstep+1","champ:FalseCounter+1","champ:IronFortress+1","champ:MurderStrike","champ:ArenaPreparation","champ:CalledShot","champ:EnragedBash","champ:DancingMaster+1","champ:FancyFootwork+1","champ:ShieldThrow"],"relics":["champ:ChampionCrown","REME_ComplimentaryCards","Letter Opener","Happy Flower","Pandora\u0027s Box","downfall:HeartBlessingGreen","downfall:HeartBlessingBlue","Red Mask","Bag of Preparation","Oddly Smooth Stone","Blood Vial","Empty Cage","ZombieArmy","TheAbacus","Nunchaku","Regal Pillow","Mummified Hand"],"acts_visited":["Exordium","TheCity","TheBeyond"],"potions_floor_usage":[50,50,50],"damage_taken":[{"damage":10.0,"enemies":"2 Louse","floor":2.0,"turns":3.0},{"damage":11.0,"enemies":"Cultist","floor":3.0,"turns":5.0},{"damage":6.0,"enemies":"Jaw Worm","floor":4.0,"turns":2.0},{"damage":20.0,"enemies":"Red Slaver","floor":6.0,"turns":3.0},{"damage":15.0,"enemies":"Large Slime","floor":8.0,"turns":3.0},{"damage":62.0,"enemies":"3 Sentries","floor":9.0,"turns":12.0},{"damage":31.0,"enemies":"Exordium Wildlife","floor":10.0,"turns":4.0},{"damage":17.0,"enemies":"Exordium Thugs","floor":11.0,"turns":4.0},{"damage":35.0,"enemies":"downfall:FleeingMerchant","floor":12.0,"turns":4.0},{"damage":14.0,"enemies":"Gremlin Nob","floor":13.0,"turns":3.0},{"damage":20.0,"enemies":"Large Slime","floor":14.0,"turns":5.0},{"damage":0.0,"enemies":"Exordium Wildlife","floor":15.0,"turns":3.0},{"damage":61.0,"enemies":"IC_STATUS_ARCHETYPE","floor":16.0,"turns":7.0},{"damage":15.0,"enemies":"3 Byrds","floor":19.0,"turns":4.0},{"damage":60.0,"enemies":"Shell Parasite","floor":20.0,"turns":5.0},{"damage":30.0,"enemies":"Masked Bandits","floor":21.0,"turns":2.0},{"damage":38.0,"enemies":"REME_1_Revenger","floor":23.0,"turns":4.0},{"damage":40.0,"enemies":"Sentry and Sphere","floor":25.0,"turns":3.0},{"damage":40.0,"enemies":"Centurion and Healer","floor":27.0,"turns":3.0},{"damage":50.0,"enemies":"Snecko","floor":31.0,"turns":3.0},{"damage":20.0,"enemies":"Snake Plant","floor":32.0,"turns":2.0},{"damage":115.0,"enemies":"SI_MIRROR_ARCHETYPE","floor":33.0,"turns":6.0},{"damage":65.0,"enemies":"Orb Walker","floor":36.0,"turns":3.0},{"damage":60.0,"enemies":"3 Shapes","floor":38.0,"turns":3.0},{"damage":85,"enemies":"downfall:FleeingMerchant","floor":39,"turns":4},{"damage":85,"enemies":"Maw","floor":42,"turns":4},{"damage":80,"enemies":"Spire Growth","floor":43,"turns":3},{"damage":60,"enemies":"Reptomancer","floor":44,"turns":3},{"damage":95,"enemies":"Transient","floor":45,"turns":5},{"damage":85,"enemies":"Giant Head","floor":46,"turns":3},{"damage":50,"enemies":"3 Darklings","floor":49,"turns":1},{"damage":85,"enemies":"WA_ARCHETYPE_DIVINITY","floor":50,"turns":3}],"seed_played":"-5622735757779925251","potions_obtained":[{"floor":2.0,"key":"FearPotion"},{"floor":4.0,"key":"FearPotion"},{"floor":6.0,"key":"Weak Potion"},{"floor":13.0,"key":"Regen Potion"},{"floor":14.0,"key":"Slimebound:ThreeZeroPotion"},{"floor":27.0,"key":"PowerPotion"},{"floor":46,"key":"champ:OpenerPotion"}],"is_trial":false,"path_per_floor":["R","M","M","M","?","M","T","M","E","M","M","$","E","M","M","B",null,"R","M","M","?","?","E","T","M","?","M","R","T","R","M","M","B",null,"R","M","?","M","$","R","T","M","M","E","M","E","R","?","M","B",null],"character_chosen":"THE_CHAMP","items_purchased":["ZombieArmy","TheAbacus"],"campfire_rested":0,"item_purchase_floors":[39,39],"current_hp_per_floor":[99,99,98,92,92,92,92,92,65,59,57,57,43,43,43,27,99,109,109,109,109,104,96,96,96,96,96,96,96,96,98,100,102,109,109,109,101,103,105,105,105,107,109,109,109,109,109,123,123,123],"gold":130,"neow_bonus":"TEN_PERCENT_HP_BONUS","is_daily":false,"chose_seed":false,"campfire_upgraded":6,"win_rate":0.0,"timestamp":1611234896,"path_taken":["R","M","M","M","?","?","T","M","E","M","M","$","E","M","M","BOSS","R","M","M","?","?","E","T","?","?","M","R","?","R","M","M","BOSS","R","M","?","M","?","R","T","M","M","E","M","E","R","?","M","BOSS"],"items_purchased_type":["Relic","Relic"],"build_version":"2020-12-22","purchased_purges":2,"victory":true,"max_hp_per_floor":[99,99,99,99,99,99,99,99,99,99,99,99,99,99,99,99,99,109,109,109,109,109,109,109,109,109,109,109,109,109,109,109,109,109,109,109,109,109,109,109,109,109,109,109,109,109,109,123,123,123],"card_choices":[{"not_picked":["champ:PerfectedStrike","champ:ArenaPreparation"],"picked":"champ:CrookedStrike","floor":2.0},{"not_picked":["champ:FanOfKnives","champ:Haymaker","champ:SetATrap"],"picked":"SKIP","floor":3.0},{"not_picked":["champ:DeathBlow","champ:CrookedStrike"],"picked":"champ:RecklessLeap","floor":4.0},{"not_picked":["champ:PreciseThrust","champ:ArenaPreparation"],"picked":"champ:HeartStrike","floor":6.0},{"not_picked":["champ:BladeFlurry","champ:ShieldSlam","champ:EnGarde"],"picked":"SKIP","floor":8.0},{"not_picked":["champ:CrownThrow","champ:HeavySlash"],"picked":"champ:ShieldWall","floor":9.0},{"not_picked":["champ:PreciseThrust","champ:CrownThrow"],"picked":"champ:AdrenalArmor","floor":10.0},{"not_picked":["champ:FanOfKnives","champ:EnGarde","champ:IronFortress"],"picked":"SKIP","floor":11.0},{"not_picked":["champ:PerfectedStrike","champ:Shatter"],"picked":"champ:ArenaPreparation","floor":12.0},{"not_picked":["champ:ShieldWall","champ:DeathBlow"],"picked":"champ:FocusedBerserking","floor":13.0},{"not_picked":["champ:Haymaker","champ:ShieldSlam","champ:DefensiveShout"],"picked":"SKIP","floor":14.0},{"not_picked":["champ:RapidStrikes","champ:Parry"],"picked":"champ:CalledShot","floor":15.0},{"not_picked":["champ:IgnorePain","champ:LastStand"],"picked":"champ:DancingMaster","floor":16.0},{"not_picked":["champ:BladeFlurry","champ:Endure"],"picked":"champ:Backstep","floor":19.0},{"not_picked":["champ:PerfectedStrike+1","champ:TornadoPunch","champ:FlashCut"],"picked":"SKIP","floor":20.0},{"not_picked":["champ:FocusedBerserking","champ:Encircle"],"picked":"champ:FalseCounter+1","floor":21.0},{"not_picked":["champ:CalledShot","champ:FocusedDefense"],"picked":"champ:IronFortress+1","floor":23.0},{"not_picked":["champ:Encircle","champ:Circumvent"],"picked":"champ:MurderStrike","floor":25.0},{"not_picked":["champ:StanceDance","champ:GutPunch"],"picked":"champ:ArenaPreparation","floor":27.0},{"not_picked":["champ:PreciseThrust","champ:EnGarde"],"picked":"champ:CalledShot","floor":31.0},{"not_picked":["champ:BringItOn","champ:PreemptiveStrike"],"picked":"champ:EnragedBash","floor":32.0},{"not_picked":["champ:MurderStrike","champ:HoldFirm"],"picked":"champ:DancingMaster","floor":33.0},{"not_picked":["champ:DefensiveShout","champ:AdrenalArmor+1","champ:SkillfulDodge+1"],"picked":"SKIP","floor":36.0},{"not_picked":["champ:Shatter","champ:CrownThrow","champ:HeartStrike"],"picked":"SKIP","floor":38.0},{"not_picked":["champ:GladiatorStyle","champ:ShieldSlam+1"],"picked":"champ:FancyFootwork","floor":39},{"not_picked":["champ:PerfectedStrike","champ:BladeFlurry","champ:FocusedDefense+1"],"picked":"SKIP","floor":42},{"not_picked":["champ:EnGarde+1","champ:FlashCut","champ:Shatter"],"picked":"SKIP","floor":43},{"not_picked":["champ:BerserkersShout","champ:GladiatorStyle","champ:CrownThrow+1"],"picked":"SKIP","floor":44},{"not_picked":["champ:Parry+1","champ:PerfectedStrike+1","champ:EnGarde"],"picked":"SKIP","floor":45},{"not_picked":["champ:Backstep+1","champ:Duel","champ:ShieldThrow"],"picked":"SKIP","floor":46},{"not_picked":["champ:Backstep+1","champ:Duel"],"picked":"champ:ShieldThrow","floor":46},{"not_picked":["champ:BringItOn","champ:FanOfKnives","champ:ShieldWall+1"],"picked":"SKIP","floor":49}],"player_experience":1135980,"relics_obtained":[{"floor":9.0,"key":"Letter Opener"},{"floor":13.0,"key":"Happy Flower"},{"floor":21.0,"key":"Red Mask"},{"floor":23.0,"key":"Bag of Preparation"},{"floor":24.0,"key":"Oddly Smooth Stone"},{"floor":29.0,"key":"Blood Vial"},{"floor":41,"key":"Nunchaku"},{"floor":44,"key":"Regal Pillow"},{"floor":46,"key":"Mummified Hand"}],"event_choices":[{"damage_healed":0.0,"max_hp_gain":0.0,"max_hp_loss":0.0,"gold_gain":0.0,"event_name":"Masked Bandits","player_choice":"Fought Bandits","floor":21.0,"gold_loss":0.0,"damage_taken":0.0}],"is_beta":false,"boss_relics":[{"not_picked":["Tiny House","Coffee Dripper"],"picked":"Pandora\u0027s Box"},{"not_picked":["Black Star","SlaversCollar"],"picked":"Empty Cage"}],"items_purged_floors":[12,39],"is_endless":false,"potions_floor_spawned":[2,4,6,13,14,20,23,25,27,42,44,46],"ascension_level":0}}