{"host":"9v3x998ddbx8o276","time":1611225443,"event":{"mods":["AchievementEnabler","BaseMod","Colored Map","Colored Powertips","Highlight Path","Minty Spire (QoL Compilation)","Quick Restart","Rare Cards Sparkle"],"gold_per_floor":[109,109,120,130,145,179,193,48,74,74,74,126,126,173,173,305,305,329,329,350,359,389,389,442,137,437,464,464,21,21,49,49,188,188,210,510,530,6,27,69,69,113,190,215,228,275,53,77,77,77],"floor_reached":51,"language":"ENG","playtime":2235,"items_purged":["Strike_R","Writhe","Strike_R","Strike_R"],"score":1263,"play_id":"4d112bcf-7b6c-43da-8a72-ff5ee4f951d7","local_time":"20210121210723","is_ascension_mode":true,"campfire_choices":[{"floor":13,"key":"REST"},{"data":"Feed","floor":15,"key":"SMITH"},{"data":"Offering","floor":23,"key":"SMITH"},{"data":"Offering","floor":28,"key":"SMITH"},{"floor":30,"key":"REST"},{"data":"Rupture","floor":32,"key":"SMITH"},{"data":"Limit Break","floor":41,"key":"SMITH"},{"floor":49,"key":"REST"}],"circlet_count":0,"master_deck":["Strike_R","Strike_R","Defend_R","Defend_R","Defend_R","Defend_R","Bash","Offering+1","Carnage","Feed+1","Dramatic Entrance","Inflame","Thunderclap","Battle Trance","Blood for Blood","Shrug It Off","Sword Boomerang","Clothesline","Offering+1","Immolate","True Grit+1","Power Through","Ghostly Armor","Shrug It Off","Rupture+1","Finesse","Inflame","Exhume","Shrug It Off+1","Feed+1","Combust","Limit Break+1","Combust+1","Limit Break"],"relics":["Burning Blood","Sundial","Akabeko","Red Skull","Golden Idol","CeramicFish","Magic Flower","Black Star","Centennial Puzzle","Bag of Marbles","Ancient Tea Set","Toolbox","Old Coin","Bag of Preparation","Regal Pillow","SlaversCollar","PreservedInsect","DollysMirror","Nunchaku","Eternal Feather","Molten Egg 2","Pear","Gremlin Horn","Dead Branch","Art of War"],"acts_visited":["Exordium","TheCity","TheBeyond"],"potions_floor_usage":[6,16,24,33,33,33,35,50,50],"damage_taken":[{"damage":8,"enemies":"Jaw Worm","floor":1,"turns":3},{"damage":7,"enemies":"Cultist","floor":3,"turns":4},{"damage":6,"enemies":"2 Louse","floor":4,"turns":2},{"damage":13,"enemies":"Large Slime","floor":5,"turns":4},{"damage":22,"enemies":"Lagavulin","floor":6,"turns":6},{"damage":11,"enemies":"Blue Slaver","floor":7,"turns":3},{"damage":2,"enemies":"3 Sentries","floor":12,"turns":3},{"damage":23,"enemies":"Lagavulin","floor":14,"turns":4},{"damage":32,"enemies":"Hexaghost","floor":16,"turns":5},{"damage":12,"enemies":"Spheric Guardian","floor":18,"turns":1},{"damage":22,"enemies":"Chosen","floor":20,"turns":6},{"damage":31,"enemies":"Snake Plant","floor":22,"turns":2},{"damage":28,"enemies":"Gremlin Leader","floor":24,"turns":5},{"damage":12,"enemies":"Centurion and Healer","floor":27,"turns":2},{"damage":33,"enemies":"Shelled Parasite and Fungi","floor":31,"turns":4},{"damage":73,"enemies":"Automaton","floor":33,"turns":9},{"damage":16,"enemies":"3 Darklings","floor":35,"turns":4},{"damage":11,"enemies":"Orb Walker","floor":37,"turns":2},{"damage":21,"enemies":"Jaw Worm Horde","floor":39,"turns":2},{"damage":6,"enemies":"Reptomancer","floor":40,"turns":4},{"damage":21,"enemies":"Giant Head","floor":42,"turns":4},{"damage":45,"enemies":"Maw","floor":44,"turns":5},{"damage":27,"enemies":"Sphere and 2 Shapes","floor":45,"turns":3},{"damage":16,"enemies":"Reptomancer","floor":46,"turns":3},{"damage":41,"enemies":"4 Shapes","floor":48,"turns":3},{"damage":55,"enemies":"Awakened One","floor":50,"turns":4}],"seed_played":"-1918784305459609590","potions_obtained":[{"floor":4,"key":"Strength Potion"},{"floor":5,"key":"SkillPotion"},{"floor":16,"key":"Swift Potion"},{"floor":18,"key":"SteroidPotion"},{"floor":22,"key":"AttackPotion"},{"floor":33,"key":"BlessingOfTheForge"},{"floor":37,"key":"LiquidBronze"},{"floor":40,"key":"Swift Potion"}],"is_trial":false,"path_per_floor":["M","?","M","M","M","E","M","$","T","?","?","E","R","E","R","B",null,"M","?","M","?","M","R","E","$","T","M","R","$","R","M","R","B",null,"M","?","M","$","M","E","R","E","T","M","M","E","$","M","R","B",null],"character_chosen":"IRONCLAD","items_purchased":["Shrug It Off","Sword Boomerang","Toolbox","Explosive Potion","Rupture","Bag of Preparation","Regal Pillow","Finesse","PreservedInsect","DollysMirror","Combust","Block Potion","DistilledChaos"],"campfire_rested":3,"item_purchase_floors":[8,8,25,25,29,29,29,29,38,38,38,38,47],"current_hp_per_floor":[70,70,72,75,71,58,56,56,56,38,38,45,72,58,58,41,84,87,87,80,80,64,64,51,51,51,54,54,54,104,86,86,28,102,95,95,93,93,99,108,126,130,130,100,94,93,93,79,167,121],"gold":77,"neow_bonus":"ONE_RANDOM_RARE_CARD","is_daily":false,"chose_seed":false,"campfire_upgraded":5,"win_rate":0.0,"timestamp":1611225443,"path_taken":["M","?","?","M","M","E","M","$","T","?","?","E","R","E","R","BOSS","M","?","M","?","M","R","E","$","T","M","R","$","R","M","R","BOSS","M","?","M","$","M","E","R","E","T","M","?","E","$","M","R","BOSS"],"items_purchased_type":["Card","Card","Relic","Potion","Card","Relic","Relic","Card","Relic","Relic","Card","Potion","Potion"],"build_version":"2020-12-22","purchased_purges":4,"victory":true,"max_hp_per_floor":[80,80,83,86,89,92,95,95,95,95,88,91,91,94,94,98,98,102,102,106,106,110,110,114,114,114,118,118,118,118,122,122,126,126,126,126,126,126,138,142,142,156,156,160,168,172,172,184,184,184],"card_choices":[{"not_picked":["Iron Wave","Armaments"],"picked":"Carnage","floor":1},{"not_picked":["Anger","Clothesline"],"picked":"Inflame","floor":3},{"not_picked":["Body Slam","Warcry"],"picked":"Thunderclap","floor":4},{"not_picked":["Uppercut","Thunderclap","Searing Blow"],"picked":"SKIP","floor":5},{"not_picked":["Sentinel","Pommel Strike"],"picked":"Battle Trance","floor":6},{"not_picked":["Wild Strike","Headbutt"],"picked":"Blood for Blood","floor":7},{"not_picked":["Burning Pact","Flex"],"picked":"Clothesline","floor":12},{"not_picked":["Sword Boomerang","Wild Strike"],"picked":"Offering","floor":14},{"not_picked":["Juggernaut","Brutality"],"picked":"Immolate","floor":16},{"not_picked":["Heavy Blade","Body Slam"],"picked":"True Grit+1","floor":18},{"not_picked":["Twin Strike","Sword Boomerang","Clash"],"picked":"SKIP","floor":20},{"not_picked":["Reckless Charge+1","Rampage+1"],"picked":"Power Through","floor":22},{"not_picked":["Infernal Blade","Flex"],"picked":"Ghostly Armor","floor":24},{"not_picked":["Whirlwind","Dark Embrace"],"picked":"Shrug It Off","floor":27},{"not_picked":["Headbutt+1","Reckless Charge"],"picked":"Inflame","floor":31},{"not_picked":["Immolate","Double Tap"],"picked":"Exhume","floor":33},{"not_picked":["Clash","True Grit"],"picked":"Shrug It Off+1","floor":35},{"not_picked":["Clothesline","Battle Trance","Perfected Strike"],"picked":"SKIP","floor":37},{"not_picked":["Uppercut+1","Armaments","Shrug It Off+1"],"picked":"SKIP","floor":39},{"not_picked":["Perfected Strike+1","Entrench"],"picked":"Limit Break","floor":40},{"not_picked":["Second Wind+1","Wild Strike+1","True Grit+1"],"picked":"SKIP","floor":42},{"not_picked":["Anger+1","Twin Strike+1"],"picked":"Combust+1","floor":44},{"not_picked":["Rampage+1","Body Slam+1","Clothesline+1"],"picked":"SKIP","floor":45},{"not_picked":["Clash+1","Thunderclap+1"],"picked":"Limit Break","floor":46},{"not_picked":["Headbutt+1","Metallicize","Pommel Strike+1"],"picked":"SKIP","floor":48}],"player_experience":1678954,"relics_obtained":[{"floor":6,"key":"Sundial"},{"floor":9,"key":"Akabeko"},{"floor":12,"key":"CeramicFish"},{"floor":14,"key":"Magic Flower"},{"floor":24,"key":"Bag of Marbles"},{"floor":24,"key":"Ancient Tea Set"},{"floor":26,"key":"Old Coin"},{"floor":40,"key":"Nunchaku"},{"floor":40,"key":"Eternal Feather"},{"floor":42,"key":"Molten Egg 2"},{"floor":42,"key":"Pear"},{"floor":43,"key":"Gremlin Horn"},{"floor":46,"key":"Dead Branch"},{"floor":46,"key":"Art of War"}],"event_choices":[{"damage_healed":0,"gold_gain":0,"player_choice":"2 cards matched","damage_taken":0,"max_hp_gain":0,"max_hp_loss":0,"event_name":"Match and Keep!","floor":2,"gold_loss":0,"cards_obtained":["Feed","Dramatic Entrance"]},{"damage_healed":0,"gold_gain":0,"player_choice":"Success","damage_taken":18,"relics_obtained":["Red Skull"],"max_hp_gain":0,"max_hp_loss":0,"event_name":"Scrap Ooze","floor":10,"gold_loss":0},{"damage_healed":0,"gold_gain":0,"player_choice":"Lose Max HP","damage_taken":0,"relics_obtained":["Golden Idol"],"max_hp_gain":0,"max_hp_loss":7,"event_name":"Golden Idol","floor":11,"gold_loss":0},{"damage_healed":0,"gold_gain":0,"player_choice":"Ignored","damage_taken":0,"max_hp_gain":0,"max_hp_loss":0,"event_name":"Vampires","floor":19,"gold_loss":0},{"damage_healed":0,"gold_gain":0,"player_choice":"Opened","damage_taken":0,"relics_obtained":["Centennial Puzzle"],"max_hp_gain":0,"max_hp_loss":0,"event_name":"The Mausoleum","floor":21,"gold_loss":0,"cards_obtained":["Writhe"]},{"damage_healed":0,"gold_gain":300,"player_choice":"Gold","damage_taken":0,"max_hp_gain":0,"max_hp_loss":0,"event_name":"Wheel of Change","floor":36,"gold_loss":0}],"is_beta":false,"boss_relics":[{"not_picked":["Runic Pyramid","Philosopher\u0027s Stone"],"picked":"Black Star"},{"not_picked":["Runic Dome","SacredBark"],"picked":"SlaversCollar"}],"items_purged_floors":[8,25,38,47],"is_endless":false,"potions_floor_spawned":[4,5,16,18,22,31,33,37,40,42],"ascension_level":8}}