{"host":"1c52r9kaxdyo25eq","time":1611239412,"event":{"mods":["AchievementEnabler","BaseMod","Minty Spire (QoL Compilation)","Rare Cards Sparkle","SuperFastMode","everything is the same but u backflip on backflip"],"gold_per_floor":[114,114,129,129,54,54,95,114,114,114,29,29,52,87,87,178,178,193,193,212,137,152,152,165,183,210,210,210],"floor_reached":27,"language":"KOR","playtime":667,"items_purged":[],"score":496,"play_id":"30389631-add4-49a3-ba53-d0cca49bb49f","local_time":"20210121233012","is_ascension_mode":true,"campfire_choices":[{"floor":6,"key":"REST"},{"floor":10,"key":"REST"},{"floor":15,"key":"REST"},{"floor":23,"key":"REST"}],"circlet_count":0,"master_deck":["AscendersBane","Defend_G","Defend_G+1","Survivor","Neutralize","Prepared","Acrobatics","Poisoned Stab","Deadly Poison+1","Tactician","After Image","Blur","Malaise","Bullet Time+1","Noxious Fumes+1","Predator+1","Dagger Throw","Footwork","Slice","Bouncing Flask","Prepared","Acrobatics","PiercingWail"],"relics":["Ring of the Snake","NeowsBlessing","Gremlin Horn","Golden Idol","Snake Skull","Art of War","Shuriken","Astrolabe","War Paint"],"acts_visited":["Exordium","TheCity"],"potions_floor_usage":[14,22,24,24],"damage_taken":[{"damage":0.0,"enemies":"Cultist","floor":1.0,"turns":1.0},{"damage":0,"enemies":"2 Louse","floor":3,"turns":1},{"damage":0,"enemies":"3 Sentries","floor":7,"turns":1},{"damage":7,"enemies":"Jaw Worm","floor":8,"turns":5},{"damage":4,"enemies":"Looter","floor":13,"turns":3},{"damage":24,"enemies":"Gremlin Nob","floor":14,"turns":4},{"damage":32,"enemies":"The Guardian","floor":16,"turns":11},{"damage":14,"enemies":"Chosen","floor":18,"turns":6},{"damage":9,"enemies":"Spheric Guardian","floor":20,"turns":5},{"damage":15,"enemies":"Centurion and Healer","floor":22,"turns":6},{"damage":2,"enemies":"3 Cultists","floor":24,"turns":5},{"damage":9,"enemies":"Snecko","floor":25,"turns":4},{"damage":13,"enemies":"Sentry and Sphere","floor":27,"turns":4}],"seed_played":"-1943526513006074435","potions_obtained":[{"floor":3,"key":"FairyPotion"},{"floor":13,"key":"ColorlessPotion"},{"floor":18,"key":"EssenceOfSteel"},{"floor":20,"key":"GhostInAJar"},{"floor":22,"key":"FearPotion"}],"is_trial":false,"path_per_floor":["M","?","M","?","?","R","E","M","T","R","$","?","M","E","R","B",null,"M","?","M","?","M","R","M","M","T","M"],"character_chosen":"THE_SILENT","items_purchased":["Tactician"],"campfire_rested":4,"item_purchase_floors":[11],"current_hp_per_floor":[59,3,3,3,3,21,21,14,14,32,32,32,28,4,22,15,49,35,35,26,26,11,29,27,18,18,5,5],"gold":210,"neow_bonus":"THREE_ENEMY_KILL","is_daily":false,"chose_seed":false,"campfire_upgraded":0,"win_rate":0.0,"timestamp":1611239412,"path_taken":["M","?","M","?","?","R","E","M","T","R","$","?","?","E","R","BOSS","M","?","M","?","M","R","M","M","T","M"],"items_purchased_type":["Card"],"build_version":"2020-12-22","purchased_purges":0,"victory":false,"max_hp_per_floor":[66,66,66,60,60,60,60,60,60,60,60,60,60,60,60,60,60,60,60,60,60,60,60,60,60,60,60,60],"card_choices":[{"not_picked":["Backflip","Dagger Throw"],"picked":"Prepared","floor":1.0},{"not_picked":["Catalyst","Setup"],"picked":"Acrobatics","floor":3},{"not_picked":["Dash","Outmaneuver"],"picked":"Poisoned Stab","floor":7},{"not_picked":["Choke","Quick Slash"],"picked":"Deadly Poison","floor":8},{"not_picked":["Outmaneuver","Backflip"],"picked":"After Image","floor":13},{"not_picked":["Flying Knee","Backflip"],"picked":"Blur","floor":14},{"not_picked":["Envenom","Unload"],"picked":"Malaise","floor":16},{"not_picked":["Choke","Slice"],"picked":"Dagger Throw","floor":18},{"not_picked":["Sucker Punch+1","Endless Agony"],"picked":"Bouncing Flask","floor":20},{"not_picked":["Blur","Underhanded Strike"],"picked":"Prepared","floor":22},{"not_picked":["Quick Slash","All Out Attack"],"picked":"Acrobatics","floor":24},{"not_picked":["Poisoned Stab+1","Acrobatics+1"],"picked":"PiercingWail","floor":25}],"player_experience":603825,"relics_obtained":[{"floor":7,"key":"Snake Skull"},{"floor":9,"key":"Art of War"},{"floor":14,"key":"Shuriken"},{"floor":26,"key":"War Paint"}],"event_choices":[{"damage_healed":0,"gold_gain":0,"player_choice":"Success","damage_taken":56,"relics_obtained":["Gremlin Horn"],"max_hp_gain":0,"max_hp_loss":0,"event_name":"Scrap Ooze","floor":2,"gold_loss":0},{"damage_healed":0,"gold_gain":0,"player_choice":"Lose Max HP","damage_taken":0,"relics_obtained":["Golden Idol"],"max_hp_gain":0,"max_hp_loss":6,"event_name":"Golden Idol","floor":4,"gold_loss":0},{"cards_removed":["Defend_G"],"damage_healed":0,"gold_gain":0,"player_choice":"Card Removal","damage_taken":0,"max_hp_gain":0,"max_hp_loss":0,"event_name":"The Cleric","floor":5,"gold_loss":75},{"cards_removed":["Strike_G"],"damage_healed":0,"gold_gain":0,"player_choice":"Forget","damage_taken":0,"max_hp_gain":0,"max_hp_loss":0,"event_name":"Living Wall","floor":12,"gold_loss":0},{"damage_healed":0,"gold_gain":0,"cards_transformed":["Strike_G","Strike_G"],"player_choice":"Became Test Subject","damage_taken":0,"max_hp_gain":0,"max_hp_loss":0,"event_name":"Drug Dealer","floor":19,"gold_loss":0,"cards_obtained":["Footwork","Slice"]},{"cards_removed":["Strike_G"],"damage_healed":0,"gold_gain":0,"player_choice":"Gave Gold","damage_taken":0,"max_hp_gain":0,"max_hp_loss":0,"event_name":"Beggar","floor":21,"gold_loss":75}],"is_beta":false,"boss_relics":[{"not_picked":["SacredBark","Snecko Eye"],"picked":"Astrolabe"}],"items_purged_floors":[],"is_endless":false,"potions_floor_spawned":[3,13,18,20,22],"killed_by":"Sentry and Sphere","ascension_level":20}}