{"host":"nbmmy2ys5j9alw05","time":1611215765,"event":{"mods":["AchievementEnabler","BaseMod","Bestiary","Better Vampires","Colored Map","Colored Powertips","Googly Eyes","Minty Spire (QoL Compilation)","Quick Restart","StSLib","The Hierophant","The IronCluck","everything is the same but u backflip on backflip"],"gold_per_floor":[110,129,141,63,13,88,98,132,205,61,61,61,93,93,93,191,241,256,256,275,275,275,275,306,330,330,245,258,40,58,73,73,73,73],"floor_reached":33,"language":"ENG","playtime":1198,"items_purged":["PiercingWail"],"score":438,"play_id":"b6aeec97-576b-422d-8295-e8f8fd7b4639","local_time":"20210120235605","is_ascension_mode":true,"campfire_choices":[{"data":"Riddle With Holes","floor":12,"key":"SMITH"},{"floor":15,"key":"REST"},{"data":"A Thousand Cuts","floor":23,"key":"SMITH"},{"data":"A Thousand Cuts","floor":32,"key":"SMITH"}],"circlet_count":0,"master_deck":["AscendersBane","Defend_G+1","Defend_G","Defend_G","Defend_G","Defend_G","Survivor","Neutralize","Flying Knee","Dash","Riddle With Holes+1","Footwork","A Thousand Cuts+1","Well Laid Plans","A Thousand Cuts+1","Deflect","Burst","Prepared+1","Bite","Bite","Bite","Bite","Adrenaline","Slice+1","Dramatic Entrance"],"relics":["Philosopher\u0027s Stone","Tough Bandages","HornCleat","Oddly Smooth Stone","Bronze Scales","Tiny House","MealTicket","Dream Catcher","Du-Vu Doll","Snake Skull"],"acts_visited":["Exordium","TheCity"],"potions_floor_usage":[8,13,20,20,21,33,33],"damage_taken":[{"damage":3,"enemies":"Cultist","floor":1,"turns":4},{"damage":1,"enemies":"Jaw Worm","floor":2,"turns":5},{"damage":12,"enemies":"2 Louse","floor":3,"turns":3},{"damage":0,"enemies":"2 Fungi Beasts","floor":7,"turns":4},{"damage":15,"enemies":"Gremlin Nob","floor":8,"turns":5},{"damage":5,"enemies":"Lagavulin","floor":13,"turns":5},{"damage":15,"enemies":"The Guardian","floor":16,"turns":13},{"damage":3,"enemies":"Shell Parasite","floor":18,"turns":5},{"damage":0,"enemies":"3 Byrds","floor":20,"turns":3},{"damage":4,"enemies":"Snecko","floor":21,"turns":4},{"damage":46,"enemies":"Book of Stabbing","floor":24,"turns":7},{"damage":6,"enemies":"Snake Plant","floor":28,"turns":4},{"damage":2,"enemies":"Cultist and Chosen","floor":30,"turns":4},{"damage":15,"enemies":"Centurion and Healer","floor":31,"turns":5},{"damage":22,"enemies":"Champ","floor":33,"turns":3}],"seed_played":"6471084414373672867","potions_obtained":[{"floor":2,"key":"SmokeBomb"},{"floor":7,"key":"Fire Potion"},{"floor":8,"key":"SteroidPotion"},{"floor":17,"key":"Explosive Potion"},{"floor":18,"key":"Explosive Potion"},{"floor":30,"key":"Energy Potion"},{"floor":31,"key":"Swift Potion"}],"is_trial":false,"path_per_floor":["M","M","M","$","?","?","M","E","T","$","?","R","E","?","R","B",null,"M","?","M","M","?","R","E","T","T","?","M","$","M","M","R","B"],"character_chosen":"THE_SILENT","items_purchased":["Footwork","Oddly Smooth Stone","SteroidPotion","Dramatic Entrance"],"campfire_rested":1,"item_purchase_floors":[4,10,29,29],"current_hp_per_floor":[60,59,47,47,47,36,36,21,21,21,44,44,39,39,60,45,69,66,66,66,62,57,57,17,17,17,17,17,32,36,33,33,17,17],"gold":73,"neow_bonus":"BOSS_RELIC","is_daily":false,"chose_seed":false,"campfire_upgraded":3,"win_rate":0.0,"timestamp":1611215765,"path_taken":["M","M","M","$","?","?","M","E","T","$","?","R","E","?","R","BOSS","M","?","M","?","?","R","E","?","T","?","M","$","M","M","R","BOSS"],"items_purchased_type":["Card","Relic","Potion","Card"],"build_version":"2020-12-22","purchased_purges":1,"victory":false,"max_hp_per_floor":[70,70,70,70,70,70,70,70,70,70,70,70,70,70,70,70,75,75,75,75,75,57,57,57,57,57,57,57,57,57,57,57,57,57],"card_choices":[{"not_picked":["Backflip","Flechettes"],"picked":"Flying Knee","floor":1},{"not_picked":["Backstab","Deadly Poison"],"picked":"Dash","floor":2},{"not_picked":["Eviscerate","Outmaneuver"],"picked":"Riddle With Holes","floor":3},{"not_picked":["Sucker Punch","Flying Knee"],"picked":"PiercingWail","floor":7},{"not_picked":["Skewer","Heel Hook"],"picked":"A Thousand Cuts","floor":8},{"not_picked":["Finisher","Crippling Poison"],"picked":"Well Laid Plans","floor":13},{"not_picked":["Grand Finale","Wraith Form v2"],"picked":"A Thousand Cuts","floor":16},{"not_picked":["Finisher","Dagger Throw+1"],"picked":"Deflect","floor":18},{"not_picked":["Quick Slash","Cloak And Dagger"],"picked":"Prepared+1","floor":20},{"not_picked":["Flechettes","Tactician"],"picked":"Adrenaline","floor":24},{"not_picked":["Poisoned Stab","Dodge and Roll+1"],"picked":"Slice+1","floor":28},{"not_picked":["PiercingWail","Backflip","Poisoned Stab"],"picked":"SKIP","floor":30},{"not_picked":["Accuracy","Bane+1","Deadly Poison"],"picked":"SKIP","floor":31}],"player_experience":516292,"relics_obtained":[{"floor":8,"key":"Tough Bandages"},{"floor":9,"key":"HornCleat"},{"floor":13,"key":"Bronze Scales"},{"floor":24,"key":"MealTicket"},{"floor":25,"key":"Dream Catcher"},{"floor":26,"key":"Du-Vu Doll"}],"event_choices":[{"cards_removed":["Strike_G"],"damage_healed":0,"gold_gain":0,"player_choice":"Card Removal","damage_taken":0,"max_hp_gain":0,"max_hp_loss":0,"event_name":"The Cleric","floor":5,"gold_loss":50},{"damage_healed":0,"gold_gain":75,"player_choice":"Gather Gold","damage_taken":11,"max_hp_gain":0,"max_hp_loss":0,"event_name":"World of Goop","floor":6,"gold_loss":0},{"damage_healed":23,"gold_gain":0,"player_choice":"Banana","damage_taken":0,"max_hp_gain":0,"max_hp_loss":0,"event_name":"Big Fish","floor":11,"gold_loss":0},{"damage_healed":0,"gold_gain":0,"player_choice":"Ignored","damage_taken":0,"max_hp_gain":0,"max_hp_loss":0,"event_name":"Liars Game","floor":14,"gold_loss":0},{"damage_healed":0,"gold_gain":0,"player_choice":"1 cards matched","damage_taken":0,"max_hp_gain":0,"max_hp_loss":0,"event_name":"Match and Keep!","floor":19,"gold_loss":0,"cards_obtained":["Burst"]},{"damage_healed":0,"gold_gain":0,"player_choice":"Became a vampire","damage_taken":0,"max_hp_gain":0,"max_hp_loss":18,"event_name":"Vampires","floor":22,"gold_loss":0,"cards_obtained":["Bite","Bite","Bite","Bite"]},{"damage_healed":0,"gold_gain":0,"player_choice":"Obtained Relic","damage_taken":0,"relics_obtained":["Snake Skull"],"max_hp_gain":0,"max_hp_loss":0,"event_name":"Addict","floor":27,"gold_loss":85}],"is_beta":false,"boss_relics":[{"not_picked":["Ectoplasm","SlaversCollar"],"picked":"Tiny House"}],"items_purged_floors":[29],"is_endless":false,"potions_floor_spawned":[2,7,8,18,21,30,31],"killed_by":"Champ","ascension_level":10}}