{"host":"sav7uxregyirlf69","time":1611210165,"event":{"mods":["AchievementEnabler","BaseMod","Colored Map","DeckTracker","Keyboard Shortcuts","Minty Spire (QoL Compilation)","READ ME - Guardian Mod","StSLib","SuperFastMode"],"gold_per_floor":[114,128,53,10,10,37,56,56,83,83,99,0,0,10,10,81,81,98,118,118,130,150,150,150,150],"floor_reached":24,"language":"KOR","playtime":328,"items_purged":["Defend_B"],"score":446,"play_id":"6b6580ef-ff57-4d23-8d63-6e0e5225b62f","local_time":"20210121152245","is_ascension_mode":true,"campfire_choices":[{"data":"Go for the Eyes","floor":10,"key":"SMITH"},{"data":"Dualcast","floor":13,"key":"SMITH"},{"data":"Rainbow","floor":15,"key":"SMITH"},{"floor":23,"key":"REST"}],"circlet_count":0,"master_deck":["AscendersBane","Strike_B","Strike_B","Strike_B","Defend_B","Defend_B","Defend_B","Zap+1","Dualcast+1","Undo","Gash","Glacier","Rainbow+1","Go for the Eyes+1","Gash","Leap","Turbo","Biased Cognition"],"relics":["Cracked Core","NeowsBlessing","Akabeko","Philosopher\u0027s Stone","Enchiridion"],"acts_visited":["Exordium","TheCity"],"potions_floor_usage":[16,21,24],"damage_taken":[{"damage":0,"enemies":"Jaw Worm","floor":1,"turns":1},{"damage":0,"enemies":"Cultist","floor":2,"turns":1},{"damage":0,"enemies":"Gremlin Nob","floor":6,"turns":1},{"damage":0,"enemies":"Small Slimes","floor":7,"turns":3},{"damage":0,"enemies":"Looter","floor":11,"turns":2},{"damage":0,"enemies":"2 Fungi Beasts","floor":14,"turns":4},{"damage":50,"enemies":"Hexaghost","floor":16,"turns":10},{"damage":4,"enemies":"Shell Parasite","floor":18,"turns":5},{"damage":24,"enemies":"2 Thieves","floor":19,"turns":4},{"damage":1,"enemies":"Snake Plant","floor":21,"turns":3},{"damage":3,"enemies":"Snecko","floor":22,"turns":5},{"damage":39,"enemies":"Masked Bandits","floor":24,"turns":3}],"seed_played":"5283540876526497278","potions_obtained":[{"floor":5,"key":"LiquidBronze"},{"floor":5,"key":"DuplicationPotion"},{"floor":18,"key":"SneckoOil"}],"is_trial":false,"path_per_floor":["M","M","?","$","?","E","M","?","T","R","M","$","R","M","R","B",null,"M","M","?","M","M","R","?"],"character_chosen":"DEFECT","items_purchased":["Glacier","Leap"],"campfire_rested":1,"item_purchase_floors":[4,12],"current_hp_per_floor":[64,64,64,64,64,64,64,64,64,64,64,64,64,64,64,14,57,53,29,8,7,4,25,0,0],"gold":150,"neow_bonus":"THREE_ENEMY_KILL","is_daily":false,"chose_seed":false,"campfire_upgraded":3,"win_rate":0.0,"timestamp":1611210165,"path_taken":["M","M","?","$","?","E","?","?","T","R","M","$","R","M","R","BOSS","M","M","?","M","M","R","?"],"items_purchased_type":["Card","Card"],"build_version":"2020-12-22","purchased_purges":1,"victory":false,"max_hp_per_floor":[71,71,71,71,71,71,71,71,71,71,71,71,71,71,71,71,71,71,71,71,71,71,71,71,71],"card_choices":[{"not_picked":["Hologram","Static Discharge"],"picked":"Undo","floor":1},{"not_picked":["Stack","Fusion"],"picked":"Gash","floor":2},{"not_picked":["Hologram","Compile Driver"],"picked":"Rainbow","floor":6},{"not_picked":["Coolheaded","Barrage"],"picked":"Go for the Eyes","floor":7},{"not_picked":["Cold Snap","Rebound"],"picked":"Gash","floor":11},{"not_picked":["Redo","Conserve Battery"],"picked":"Turbo","floor":14},{"not_picked":["Seek","Reboot"],"picked":"Biased Cognition","floor":16},{"not_picked":["Force Field+1","Turbo","Redo"],"picked":"SKIP","floor":18},{"not_picked":["Leap","Conserve Battery","Sweeping Beam"],"picked":"SKIP","floor":19},{"not_picked":["Gash","Undo","Turbo"],"picked":"SKIP","floor":21},{"not_picked":["Biased Cognition","Barrage","Darkness"],"picked":"SKIP","floor":22}],"player_experience":1341110,"relics_obtained":[{"floor":6,"key":"Akabeko"},{"floor":20,"key":"Enchiridion"}],"event_choices":[{"cards_removed":["Strike_B"],"damage_healed":0,"gold_gain":0,"player_choice":"Card Removal","damage_taken":0,"max_hp_gain":0,"max_hp_loss":0,"event_name":"The Cleric","floor":3,"gold_loss":75},{"damage_healed":0,"gold_gain":0,"player_choice":"Got Potions","damage_taken":0,"max_hp_gain":0,"max_hp_loss":0,"event_name":"Lab","floor":5,"gold_loss":0},{"damage_healed":0,"gold_gain":0,"player_choice":"Grow","damage_taken":0,"max_hp_gain":0,"max_hp_loss":0,"event_name":"Living Wall","floor":8,"gold_loss":0,"cards_upgraded":["Zap"]},{"damage_healed":0,"gold_gain":0,"player_choice":"Obtained Book","damage_taken":21,"max_hp_gain":0,"max_hp_loss":0,"event_name":"Cursed Tome","floor":20,"gold_loss":0},{"damage_healed":0,"gold_gain":0,"player_choice":"Fought Bandits","damage_taken":0,"max_hp_gain":0,"max_hp_loss":0,"event_name":"Masked Bandits","floor":24,"gold_loss":0}],"is_beta":false,"boss_relics":[{"not_picked":["Sozu","Fusion Hammer"],"picked":"Philosopher\u0027s Stone"}],"items_purged_floors":[12],"is_endless":false,"potions_floor_spawned":[7,18],"killed_by":"Masked Bandits","ascension_level":20}}