{"host":"reugk9pd1uotrglt","time":1611230886,"event":{"mods":["AchievementEnabler","BaseMod","BetterRewards","Colored Map","Custom Start","DeckTracker","Minty Spire (QoL Compilation)","Permanent Neow","Quick Restart","SuperFastMode"],"gold_per_floor":[118,118,134,134,146,146,157,157,157,157,234,54,72,106,106,106,106],"floor_reached":16,"language":"ENG","playtime":644,"items_purged":[],"score":300,"play_id":"5ba4a926-8e25-4d79-86f2-d188f8730d9f","local_time":"20210121130806","is_ascension_mode":true,"campfire_choices":[{"data":"Neutralize","floor":6.0,"key":"SMITH"},{"data":"Footwork","floor":8.0,"key":"SMITH"},{"data":"Leg Sweep","floor":10.0,"key":"SMITH"},{"data":"Madness","floor":15,"key":"SMITH"}],"circlet_count":0,"master_deck":["AscendersBane","Strike_G","Strike_G","Strike_G","Strike_G","Strike_G","Defend_G","Defend_G","Defend_G","Defend_G","Survivor","Neutralize+1","Finesse","Leg Sweep","Heel Hook","Leg Sweep+1","Underhanded Strike","Footwork+1","Madness+1","Escape Plan","Flying Knee","Dagger Spray"],"relics":["Ring of the Snake","TwistedFunnel","Gambling Chip","Turnip"],"acts_visited":[],"potions_floor_usage":[14],"damage_taken":[{"damage":0.0,"enemies":"Jaw Worm","floor":1.0,"turns":4.0},{"damage":0.0,"enemies":"Cultist","floor":3.0,"turns":4.0},{"damage":0.0,"enemies":"2 Louse","floor":5.0,"turns":2.0},{"damage":5.0,"enemies":"Large Slime","floor":7.0,"turns":6.0},{"damage":0.0,"enemies":"Exordium Thugs","floor":13.0,"turns":4.0},{"damage":19,"enemies":"Gremlin Nob","floor":14,"turns":4},{"damage":39,"enemies":"Slime Boss","floor":16,"turns":8}],"seed_played":"8492226929294630431","potions_obtained":[{"floor":1.0,"key":"PowerPotion"},{"floor":3.0,"key":"LiquidBronze"}],"is_trial":false,"path_per_floor":["M","?","M","?","M","R","M","R","T","R","?","$","M","E","R","B"],"character_chosen":"THE_SILENT","items_purchased":["TwistedFunnel","Finesse","Leg Sweep","Madness","Escape Plan"],"campfire_rested":0,"item_purchase_floors":[0,0,0,12,12],"current_hp_per_floor":[48,53,53,53,53,53,48,48,48,48,48,48,48,29,29,0,0],"gold":106,"neow_bonus":"","is_daily":false,"chose_seed":false,"campfire_upgraded":4,"win_rate":0.0,"timestamp":1611230886,"path_taken":["M","?","M","?","M","R","?","R","T","R","?","$","M","E","R","BOSS"],"items_purchased_type":["Relic","Card","Card","Card","Card"],"build_version":"2020-12-22","purchased_purges":0,"victory":false,"max_hp_per_floor":[66,71,71,71,71,71,71,71,71,71,71,71,71,71,71,71,71],"card_choices":[{"not_picked":["Cloak And Dagger","Prepared"],"picked":"Heel Hook","floor":1.0},{"not_picked":["Calculated Gamble","Outmaneuver","Infinite Blades"],"picked":"SKIP","floor":3.0},{"not_picked":["Bane","Concentrate"],"picked":"Underhanded Strike","floor":5.0},{"not_picked":["Eviscerate","Sucker Punch"],"picked":"Footwork","floor":7.0},{"not_picked":["Underhanded Strike","Prepared"],"picked":"Flying Knee","floor":13.0},{"not_picked":["Finisher","Concentrate"],"picked":"Dagger Spray","floor":14}],"player_experience":1501064,"relics_obtained":[{"floor":9.0,"key":"Gambling Chip"},{"floor":14,"key":"Turnip"}],"event_choices":[{"damage_healed":0.0,"max_hp_gain":5.0,"max_hp_loss":0.0,"gold_gain":0.0,"event_name":"Big Fish","player_choice":"Donut","floor":2.0,"gold_loss":0.0,"damage_taken":0.0},{"damage_healed":0.0,"max_hp_gain":0.0,"max_hp_loss":0.0,"gold_gain":0.0,"cards_transformed":["Defend_G"],"event_name":"Transmorgrifier","player_choice":"Transformed","floor":4.0,"gold_loss":0.0,"damage_taken":0.0,"cards_obtained":["Leg Sweep"]},{"damage_healed":0.0,"max_hp_gain":0.0,"max_hp_loss":0.0,"gold_gain":77.0,"event_name":"Golden Wing","player_choice":"Gained Gold","floor":11.0,"gold_loss":0.0,"damage_taken":0.0}],"is_beta":false,"boss_relics":[],"items_purged_floors":[],"is_endless":false,"potions_floor_spawned":[1,3,7,13],"killed_by":"Slime Boss","ascension_level":20}}