{"host":"xnrw1j8ho83czkv7","time":1611188892,"event":{"mods":["AchievementEnabler","BaseMod","Colored Map","Colored Powertips","Minty Spire (QoL Compilation)","Quick Restart","StSLib"],"gold_per_floor":[112,112,126,51,226,126,126,145,145,145,158,183,196,225,225,324,324,340,215,215,233,148,178,28,28,28,56,70,70,89,89,89],"floor_reached":31,"language":"ENG","playtime":2925,"items_purged":["Regret","Doubt","Strike_B","Strike_B"],"score":339,"play_id":"787da445-1b25-41f3-ac3f-b18ea542a4ff","local_time":"20210121002812","is_ascension_mode":true,"campfire_choices":[{"data":"Zap","floor":7,"key":"SMITH"},{"data":"Dualcast","floor":10,"key":"SMITH"},{"data":"Defragment","floor":15,"key":"SMITH"},{"data":"1","floor":25,"key":"LIFT"}],"circlet_count":0,"master_deck":["Strike_B","Strike_B","Defend_B","Defend_B","Defend_B","Defend_B","Zap+1","Dualcast+1","Ball Lightning","Defragment+1","Conserve Battery","Machine Learning","Reinforced Body+1","Lockon+1"],"relics":["Cracked Core","NeowsBlessing","FossilizedHelix","InkBottle","Nunchaku","Centennial Puzzle","Sozu","Enchiridion","Frozen Egg 2","Girya","TungstenRod","Pantograph","GremlinMask"],"acts_visited":["Exordium","TheCity"],"potions_floor_usage":[11,16,16],"damage_taken":[{"damage":0,"enemies":"2 Louse","floor":1,"turns":1},{"damage":0,"enemies":"Small Slimes","floor":3,"turns":1},{"damage":0,"enemies":"Jaw Worm","floor":8,"turns":1},{"damage":12,"enemies":"Exordium Thugs","floor":11,"turns":3},{"damage":13,"enemies":"Lagavulin","floor":12,"turns":5},{"damage":0,"enemies":"Large Slime","floor":13,"turns":4},{"damage":0,"enemies":"Gremlin Nob","floor":14,"turns":3},{"damage":10,"enemies":"Slime Boss","floor":16,"turns":7},{"damage":0,"enemies":"Spheric Guardian","floor":18,"turns":3},{"damage":17,"enemies":"2 Thieves","floor":21,"turns":3},{"damage":24,"enemies":"Gremlin Leader","floor":23,"turns":6},{"damage":5,"enemies":"Book of Stabbing","floor":27,"turns":5},{"damage":8,"enemies":"Centurion and Healer","floor":28,"turns":4},{"damage":0,"enemies":"Snake Plant","floor":30,"turns":4},{"damage":8,"enemies":"Gremlin Leader","floor":31,"turns":2}],"seed_played":"6084074699004910007","potions_obtained":[{"floor":1,"key":"Swift Potion"},{"floor":11,"key":"DuplicationPotion"},{"floor":14,"key":"AttackPotion"}],"is_trial":false,"path_per_floor":["M","?","M","$","?","$","R","M","T","R","M","E","M","E","R","B",null,"M","$","?","M","?","E","$","R","T","E","M","?","M","E"],"character_chosen":"DEFECT","items_purchased":[],"campfire_rested":0,"item_purchase_floors":[],"current_hp_per_floor":[75,75,75,75,75,75,75,75,75,75,63,50,50,50,50,40,75,75,75,59,42,42,18,18,18,18,13,5,5,5,0,0],"gold":89,"neow_bonus":"THREE_ENEMY_KILL","is_daily":false,"chose_seed":false,"campfire_upgraded":3,"win_rate":0.0,"timestamp":1611188892,"path_taken":["M","?","M","$","?","$","R","M","T","R","M","E","?","E","R","BOSS","M","$","?","M","?","E","?","R","T","E","M","?","M","E"],"items_purchased_type":[],"build_version":"2020-12-22","purchased_purges":4,"victory":false,"max_hp_per_floor":[75,75,75,75,75,75,75,75,75,75,75,75,75,75,75,75,75,75,75,75,75,75,75,75,75,75,75,75,75,75,75,75],"card_choices":[{"not_picked":["Fusion","Sunder","Redo"],"picked":"SKIP","floor":1},{"not_picked":["Redo","Leap"],"picked":"Ball Lightning","floor":3},{"not_picked":["Double Energy","Self Repair","Beam Cell"],"picked":"SKIP","floor":8},{"not_picked":["Turbo","Stack","Heatsinks"],"picked":"SKIP","floor":11},{"not_picked":["Gash","Recycle"],"picked":"Defragment","floor":12},{"not_picked":["Compile Driver","Barrage","Darkness"],"picked":"SKIP","floor":13},{"not_picked":["Cold Snap","Steam"],"picked":"Conserve Battery","floor":14},{"not_picked":["Seek","Rainbow"],"picked":"Machine Learning","floor":16},{"not_picked":["Undo","Heatsinks","Rebound"],"picked":"SKIP","floor":18},{"not_picked":["Leap","Barrage","Cold Snap+1"],"picked":"SKIP","floor":21},{"not_picked":["Gash","Core Surge"],"picked":"Reinforced Body+1","floor":23},{"not_picked":["Self Repair+1","Chill"],"picked":"Lockon+1","floor":27},{"not_picked":["Capacitor+1","Stack","Gash+1"],"picked":"SKIP","floor":28},{"not_picked":["Coolheaded","Capacitor+1","Genetic Algorithm"],"picked":"SKIP","floor":30}],"player_experience":46886,"relics_obtained":[{"floor":9,"key":"InkBottle"},{"floor":12,"key":"Nunchaku"},{"floor":14,"key":"Centennial Puzzle"},{"floor":20,"key":"Enchiridion"},{"floor":23,"key":"Girya"},{"floor":26,"key":"TungstenRod"},{"floor":27,"key":"Pantograph"}],"event_choices":[{"damage_healed":0,"gold_gain":0,"player_choice":"Box","damage_taken":0,"relics_obtained":["FossilizedHelix"],"max_hp_gain":0,"max_hp_loss":0,"event_name":"Big Fish","floor":2,"gold_loss":0,"cards_obtained":["Regret"]},{"damage_healed":0,"gold_gain":175,"player_choice":"AGREE","damage_taken":0,"max_hp_gain":0,"max_hp_loss":0,"event_name":"Liars Game","floor":5,"gold_loss":0,"cards_obtained":["Doubt"]},{"damage_healed":0,"gold_gain":0,"player_choice":"Obtained Book","damage_taken":16,"max_hp_gain":0,"max_hp_loss":0,"event_name":"Cursed Tome","floor":20,"gold_loss":0},{"damage_healed":0,"gold_gain":0,"player_choice":"Obtained Relic","damage_taken":0,"relics_obtained":["Frozen Egg 2"],"max_hp_gain":0,"max_hp_loss":0,"event_name":"Addict","floor":22,"gold_loss":85},{"damage_healed":0,"gold_gain":0,"player_choice":"Trade","damage_taken":0,"relics_obtained":["GremlinMask"],"max_hp_gain":0,"max_hp_loss":0,"event_name":"FaceTrader","floor":29,"gold_loss":0}],"is_beta":false,"boss_relics":[{"not_picked":["Coffee Dripper","Snecko Eye"],"picked":"Sozu"}],"items_purged_floors":[4,6,19,24],"is_endless":false,"potions_floor_spawned":[1,11,14,21,27,28],"killed_by":"Gremlin Leader","ascension_level":2}}