{"host":"dalyxm3kpwukgmp4","time":1611235292,"event":{"mods":["AchievementEnabler","Act Like it!","BaseMod","Colored Map","Colored Powertips","Decade(Õı–°√˜)","Hermit","KinomotoSakuraMod(ƒæ÷Æ±æ”£)","Minty Spire (QoL Compilation)","Prisma Mod","Quick Restart","Rare Cards Sparkle","Reimu£®≤©¿ˆ¡È√Œ£©","Remilia£®¿Ÿ√◊¿Ú—«£©","Replay The Spire","Shop Mod","Spicy Shops","StSLib","Td1madao Mod","Waifu the Spire","Youmu£®ªÍ∆«—˝√Œ£©","Yuri Mod"],"gold_per_floor":[117,133,133,143,161,189,33,44,44,44,55,55,68,86,86,187,187,199,87,109,145,167,235,235,303,327,327,358,482,506,557,557,666,666,695,721,721,741,215,215,215,215,215,281,339,143,70,88,88,92,92,92,20,81,105],"floor_reached":56,"language":"ZHS","playtime":14718,"items_purged":["MastersStateliness","Defend_RM","Strike_RM","Strike_RM"],"score":1391,"play_id":"27a2abc6-0388-45d0-9ff8-f764953298dd","local_time":"20210121212132","is_ascension_mode":false,"campfire_choices":[{"data":"ScarletNetherworld","floor":10.0,"key":"SMITH"},{"data":"Strike_RM","floor":15.0,"key":"PURGE"},{"data":"QueenOfMidnight","floor":24.0,"key":"SMITH"},{"floor":27.0,"key":"RECALL"},{"data":"SuperhumanBloodyKnife","floor":32.0,"key":"SMITH"},{"floor":40,"key":"DIG"},{"floor":42,"key":"DIG"},{"floor":49,"key":"DIG"},{"floor":52,"key":"DIG"}],"circlet_count":0,"master_deck":["Strike_RM+1","Defend_RM","Defend_RM","Defend_RM","RedMoon","ScarletShoot","BloodAndWine","UltimateOffering","MillenniumVampire","ScarletNetherworld+1","QueenOfMidnight+1","StarOfDavid+1","SuperhumanBloodyKnife+1","HellCatastrophe","BloodyMagicSquare","ForbiddenFruit+1","UnstableMagic","BloodyTrap+1","AfternoonTea+1","FavorOfDestiny+1","CurseOfVladTepes","ScarletImprint+1","Madness+1","Madness+1","NightDance+1","MillenniumVampire+1","FitfulNightmare+1","VampireFantasy+1"],"relics":["ScarletHat","Tiny Chest","Membership Card","Pocketwatch","Velvet Choker","Replay:Bandana","Replay:PocketPolymizer","Shovel","Gungnir","Toxic Egg 2","Replay:Mystery Machine","Runic Pyramid","BargainBundle","Pear","yuri:PortableGlitches","Bottled Lightning","Snack Pack","Toy Ornithopter","Replay:Bottled Flurry","Replay:Bottled Steam","Chameleon Ring","ScarletDevilRocket","Shuriken","Whetstone","PreservedInsect","Sundial","Replay:Baseball","ReplayTheSpireMod:Shallot"],"acts_visited":["Exordium","TheCity","TheBeyond","TheEnding"],"potions_floor_usage":[55],"damage_taken":[{"damage":0.0,"enemies":"2 Louse","floor":1.0,"turns":3.0},{"damage":0.0,"enemies":"Cultist","floor":2.0,"turns":6.0},{"damage":1.0,"enemies":"Jaw Worm","floor":4.0,"turns":5.0},{"damage":0.0,"enemies":"Blue Slaver","floor":5.0,"turns":8.0},{"damage":51.0,"enemies":"Gremlin Nob","floor":6.0,"turns":7.0},{"damage":0.0,"enemies":"Looter","floor":8.0,"turns":4.0},{"damage":12.0,"enemies":"Exordium Wildlife","floor":11.0,"turns":4.0},{"damage":0.0,"enemies":"Large Slime","floor":13.0,"turns":3.0},{"damage":6.0,"enemies":"Blue Slaver","floor":14.0,"turns":3.0},{"damage":7.0,"enemies":"Fading Forest","floor":16.0,"turns":11.0},{"damage":5.0,"enemies":"Shell Parasite","floor":18.0,"turns":5.0},{"damage":39.0,"enemies":"2 Thieves","floor":20.0,"turns":2.0},{"damage":39.0,"enemies":"3 Cultists","floor":21.0,"turns":4.0},{"damage":62.0,"enemies":"Chosen and Byrds","floor":22.0,"turns":2.0},{"damage":50.0,"enemies":"Gremlin Leader","floor":23.0,"turns":4.0},{"damage":39.0,"enemies":"Snecko","floor":25.0,"turns":5.0},{"damage":56.0,"enemies":"Book of Stabbing","floor":28.0,"turns":8.0},{"damage":46.0,"enemies":"Colosseum Slavers","floor":29.0,"turns":4.0},{"damage":41.0,"enemies":"Colosseum Nobs","floor":29.0,"turns":2.0},{"damage":45.0,"enemies":"Snake Plant","floor":30.0,"turns":4.0},{"damage":51.0,"enemies":"Gremlin Leader","floor":31.0,"turns":6.0},{"damage":88.0,"enemies":"Collector","floor":33.0,"turns":13.0},{"damage":47.0,"enemies":"3 Darklings","floor":35.0,"turns":5.0},{"damage":41.0,"enemies":"3 Shapes","floor":36.0,"turns":1.0},{"damage":56.0,"enemies":"Maw","floor":38.0,"turns":8.0},{"damage":67,"enemies":"R_Hoarder","floor":45,"turns":8},{"damage":52,"enemies":"4 Shapes","floor":48,"turns":1},{"damage":52,"enemies":"Time Eater","floor":50,"turns":8},{"damage":92,"enemies":"Shield and Spear","floor":54,"turns":5},{"damage":95,"enemies":"The Heart","floor":55,"turns":9}],"seed_played":"2497614198057617342","potions_obtained":[{"floor":4.0,"key":"Elixir"},{"floor":8.0,"key":"FairyPotion"},{"floor":11.0,"key":"ColorlessPotion"},{"floor":14.0,"key":"Adrenaline Potion"},{"floor":20.0,"key":"LiquidMemories"},{"floor":23.0,"key":"Explosive Potion"},{"floor":28.0,"key":"Adrenaline Potion"},{"floor":31.0,"key":"ZuzhouPotion:ReiMu"}],"is_trial":false,"path_per_floor":["M","M","?","M","M","E","$","M","T","R","M","?","M","M","R_BF","B",null,"M","$","M","M","M","E","R","M","T","R","E","?","M","E","R","B",null,"M","M","?","M","$","R","T","R","T","?","E","$","$","M","R","B",null,"R","$","E","B",null],"character_chosen":"REMILIA","items_purchased":["Membership Card","Replay:Bandana","BargainBundle","Pear","yuri:PortableGlitches","MillenniumVampire+1","FitfulNightmare+1","Bottled Lightning","Shuriken","Whetstone","Replay:Baseball"],"campfire_rested":0,"item_purchase_floors":[7,19,39,39,39,39,39,39,46,47,53],"current_hp_per_floor":[82,82,82,81,82,36,36,39,39,39,32,32,36,30,30,49,82,77,77,78,82,82,77,77,82,82,82,82,82,82,82,82,77,82,82,82,72,82,92,92,92,92,92,92,92,92,92,86,86,92,92,92,92,69,91],"gold":105,"neow_bonus":"TEN_PERCENT_HP_BONUS","is_daily":false,"chose_seed":false,"campfire_upgraded":3,"win_rate":0.0,"timestamp":1611235292,"path_taken":["M","M","?","M","?","E","$","M","T","R","M","?","M","M","R_BF","BOSS","M","$","M","M","M","E","R","M","T","R","E","?","M","E","R","BOSS","M","M","?","M","$","R","?","R","T","?","E","?","$","M","R","BOSS","R","$","E","BOSS"],"items_purchased_type":["Relic","Relic","Relic","Relic","Relic","Card","Card","Relic","Relic","Relic","Relic"],"build_version":"2020-12-22","purchased_purges":4,"victory":true,"max_hp_per_floor":[82,82,82,82,82,82,82,82,82,82,82,82,82,82,82,82,82,82,82,82,82,82,82,82,82,82,82,82,82,82,82,82,82,82,82,82,82,82,92,92,92,92,92,92,92,92,92,92,92,92,92,92,92,92,92],"card_choices":[{"not_picked":["ScarletDevil","StarOfDavid"],"picked":"BloodAndWine","floor":1.0},{"not_picked":["CharismaGuard","BlasphemousPunishment"],"picked":"EndlessAdversity","floor":2.0},{"not_picked":["StarOfDavid","MiserableFate"],"picked":"MillenniumVampire","floor":4.0},{"not_picked":["MastersStateliness","RedRainbow"],"picked":"ScarletNetherworld","floor":5.0},{"not_picked":["ScarletGensokyo","FavorOfDestiny"],"picked":"QueenOfMidnight","floor":6.0},{"not_picked":["RedRainbow","ScarletDream"],"picked":"MastersStateliness","floor":8.0},{"not_picked":["EndlessAdversity","GlobalNightmare"],"picked":"StarOfDavid","floor":11.0},{"not_picked":["EndlessAdversity","BombardNight"],"picked":"SuperhumanBloodyKnife","floor":13.0},{"not_picked":["NightDance","BloodAndWine","MastersStateliness"],"picked":"SKIP","floor":14.0},{"not_picked":["ChaoticDestiny","DemonKingCradle"],"picked":"HellCatastrophe","floor":16.0},{"not_picked":["RedRainbow","CharismaGuard"],"picked":"BloodyMagicSquare","floor":18.0},{"not_picked":["EndlessAdversity+1","BloodHunter","UnderTheZenith"],"picked":"SKIP","floor":20.0},{"not_picked":["MastersStateliness+1","VampireClaw+1"],"picked":"ForbiddenFruit+1","floor":21.0},{"not_picked":["DiffusionOfMisfortune","NightDance+1"],"picked":"UnstableMagic","floor":22.0},{"not_picked":["NightDance","BlasphemousPunishment"],"picked":"BloodyTrap+1","floor":23.0},{"not_picked":["HunterOfTheNight+1","EmergencyRegeneration","GlobalNightmare+1"],"picked":"SKIP","floor":25.0},{"not_picked":["VampireKiss+1","BombardNight","RedRainbow"],"picked":"SKIP","floor":28.0},{"not_picked":["RedNightlessCastle","ChainGang"],"picked":"AfternoonTea+1","floor":29.0},{"not_picked":["EmergencyRegeneration+1","MillenniumVampire+1"],"picked":"FavorOfDestiny+1","floor":30.0},{"not_picked":["RedNightlessCastle+1","Stigmanizer","VampirishNight+1"],"picked":"SKIP","floor":31.0},{"not_picked":["TransientEternity","ScarletMeister"],"picked":"CurseOfVladTepes","floor":33.0},{"not_picked":["VampirishNight+1","EndlessAdversity","BombardNight"],"picked":"SKIP","floor":35.0},{"not_picked":["RedRainbow","Ultimatum"],"picked":"ScarletImprint+1","floor":36.0},{"not_picked":["EndlessAdversity","BombardNight+1"],"picked":"NightDance","floor":38.0},{"not_picked":["Stigmanizer+1","UltimateOffering+1"],"picked":"VampireFantasy+1","floor":44},{"not_picked":["VampireClaw+1","DiffusionOfMisfortune","MiserableFate+1"],"picked":"SKIP","floor":45},{"not_picked":["UltimateOffering","LeisurelyOfLord","RedNightlessCastle+1"],"picked":"SKIP","floor":48},{"not_picked":["BloodyMagicSquare+1","MastersStateliness+1","ScarletSymphony+1"],"picked":"SKIP","floor":54}],"player_experience":287237,"relics_obtained":[{"floor":6.0,"key":"Tiny Chest"},{"floor":9.0,"key":"Pocketwatch"},{"floor":23.0,"key":"Replay:PocketPolymizer"},{"floor":28.0,"key":"Shovel"},{"floor":29.0,"key":"Gungnir"},{"floor":29.0,"key":"Toxic Egg 2"},{"floor":31.0,"key":"Replay:Mystery Machine"},{"floor":40,"key":"Snack Pack"},{"floor":41,"key":"Toy Ornithopter"},{"floor":42,"key":"Replay:Bottled Flurry"},{"floor":43,"key":"Replay:Bottled Steam"},{"floor":44,"key":"Chameleon Ring"},{"floor":45,"key":"ScarletDevilRocket"},{"floor":49,"key":"PreservedInsect"},{"floor":52,"key":"Sundial"},{"floor":54,"key":"ReplayTheSpireMod:Shallot"}],"event_choices":[{"damage_healed":0.0,"max_hp_gain":0.0,"max_hp_loss":0.0,"gold_gain":0.0,"cards_transformed":["EndlessAdversity"],"event_name":"Transmorgrifier","player_choice":"Transformed","floor":3.0,"gold_loss":0.0,"damage_taken":0.0,"cards_obtained":["UltimateOffering"]},{"damage_healed":0.0,"max_hp_gain":0.0,"max_hp_loss":0.0,"gold_gain":0.0,"event_name":"Colosseum","player_choice":"Fight","floor":29.0,"gold_loss":0.0,"damage_taken":0.0},{"damage_healed":0.0,"max_hp_gain":0.0,"max_hp_loss":0.0,"gold_gain":0.0,"event_name":"Colosseum","player_choice":"Fought Nobs","floor":29.0,"gold_loss":0.0,"damage_taken":0.0},{"damage_healed":0.0,"max_hp_gain":0.0,"max_hp_loss":0.0,"gold_gain":0.0,"event_name":"Winding Halls","player_choice":"Embrace Madness","floor":37.0,"gold_loss":0.0,"damage_taken":10.0,"cards_obtained":["Madness","Madness"]}],"is_beta":false,"boss_relics":[{"not_picked":["Busted Crown","Tiny House"],"picked":"Velvet Choker"},{"not_picked":["Runic Dome","Replay:Ancient Bell"],"picked":"Runic Pyramid"}],"items_purged_floors":[19,39,39,46],"is_endless":false,"potions_floor_spawned":[4,8,11,14,20,23,28,31,35,38],"ascension_level":0}}