{"host":"1s3n9odryuenogaq","time":1611250824,"event":{"mods":["AchievementEnabler","BaseMod","BetterRewards","Colored Map","Colored Powertips","Googly Eyes","GungeonMod","Minty Spire (QoL Compilation)","StSLib"],"gold_per_floor":[114,126,126,137,151,184,200,200,200,165,165,183,27,50,50,171,171,192,172,187,203,223,223,254,254,279,319,9,9,24,42,42,173,173,206,8,0,0,19,19,19,19,19,52,52,64,76,119,131,153,165,177,17,50,60],"floor_reached":56,"language":"ENG","playtime":13450,"items_purged":[],"score":1292,"play_id":"cac22a38-f8ab-4807-bd94-bc94f4944a01","local_time":"20210121174024","is_ascension_mode":false,"campfire_choices":[{"floor":11.0,"key":"REST"},{"floor":15.0,"key":"RECALL"},{"floor":23.0,"key":"REST"},{"floor":29.0,"key":"REST"},{"floor":32.0,"key":"REST"},{"data":"DemoMod:FullFirepower","floor":40.0,"key":"SMITH"},{"data":"DemoMod:TableSutra","floor":42.0,"key":"SMITH"},{"data":"DemoMod:Gungine","floor":49.0,"key":"SMITH"},{"data":"DemoMod:Invincible","floor":52.0,"key":"SMITH"}],"circlet_count":0,"master_deck":["DemoMod:Strike_Huntress+1","DemoMod:Strike_Huntress+1","DemoMod:Strike_Huntress+1","DemoMod:Defend_Huntress+1","DemoMod:Defend_Huntress+1","DemoMod:Defend_Huntress+1","DemoMod:Defend_Huntress+1","DemoMod:Roll","DemoMod:ManualReload","DemoMod:RustySidearm","DemoMod:CrossBow","DemoMod:ProbeStrike","DemoMod:SuppressiveFire","DemoMod:ZorGun","DemoMod:FullFirepower+1","DemoMod:TableSutra+1","DemoMod:SAA","DemoMod:Gungine+1","DemoMod:LifeOrb+1","DemoMod:SniperShot","DemoMod:ShadowBullets","DemoMod:TripleGun+1","DemoMod:FortunesFavor+1","DemoMod:HuntsMan","DemoMod:Invincible+1","DemoMod:BlankBullets","DemoMod:Polaris","DemoMod:FinishedGun","DemoMod:AWP+1","DemoMod:HungryBullets","DemoMod:HardPowerCard","DemoMod:JK47","DemoMod:JK47+1","DemoMod:ShadowBullets+1","Violence","DemoMod:FastSwitch+1"],"relics":["DemoMod:GnawedKey","Pen Nib","Golden Idol","MealTicket","DemoMod:ClearGuonStone","DemoMod:Wolf","DemoMod:Bottle","Gremlin Horn","Bag of Marbles","DemoMod:RiddleOfLead","Red Mask","WarpedTongs","Molten Egg 2","MawBank","Ice Cream","DemoMod:NanoMachines"],"acts_visited":["Exordium","TheCity","TheBeyond","TheEnding"],"potions_floor_usage":[55],"damage_taken":[{"damage":10.0,"enemies":"Cultist","floor":1.0,"turns":6.0},{"damage":3.0,"enemies":"Jaw Worm","floor":2.0,"turns":4.0},{"damage":0.0,"enemies":"2 Louse","floor":4.0,"turns":3.0},{"damage":3.0,"enemies":"Large Slime","floor":5.0,"turns":13.0},{"damage":42.0,"enemies":"Gremlin Nob","floor":6.0,"turns":6.0},{"damage":12.0,"enemies":"Red Slaver","floor":7.0,"turns":4.0},{"damage":10.0,"enemies":"Gremlin Gang","floor":12.0,"turns":8.0},{"damage":3.0,"enemies":"Blue Slaver","floor":14.0,"turns":6.0},{"damage":0.0,"enemies":"Slime Boss","floor":16.0,"turns":8.0},{"damage":9.0,"enemies":"2 Thieves","floor":18.0,"turns":3.0},{"damage":0.0,"enemies":"Spheric Guardian","floor":20.0,"turns":2.0},{"damage":4.0,"enemies":"Chosen and Byrds","floor":21.0,"turns":4.0},{"damage":10.0,"enemies":"Snake Plant","floor":22.0,"turns":3.0},{"damage":0.0,"enemies":"Gremlin Leader","floor":24.0,"turns":3.0},{"damage":56.0,"enemies":"Book of Stabbing","floor":27.0,"turns":5.0},{"damage":18.0,"enemies":"Sentry and Sphere","floor":30.0,"turns":4.0},{"damage":0.0,"enemies":"Cultist and Chosen","floor":31.0,"turns":4.0},{"damage":39.0,"enemies":"Automaton","floor":33.0,"turns":11.0},{"damage":0.0,"enemies":"3 Darklings","floor":35.0,"turns":3.0},{"damage":15.0,"enemies":"3 Shapes","floor":39.0,"turns":2.0},{"damage":0.0,"enemies":"Jaw Worm Horde","floor":44.0,"turns":3.0},{"damage":0.0,"enemies":"Giant Head","floor":48.0,"turns":5.0},{"damage":7.0,"enemies":"Awakened One","floor":50.0,"turns":11.0},{"damage":55,"enemies":"Shield and Spear","floor":54,"turns":8},{"damage":46,"enemies":"The Heart","floor":55,"turns":12}],"seed_played":"2521381680004424471","potions_obtained":[{"floor":4.0,"key":"FearPotion"},{"floor":6.0,"key":"ColorlessPotion"},{"floor":12.0,"key":"SkillPotion"},{"floor":14.0,"key":"AttackPotion"},{"floor":18.0,"key":"FairyPotion"},{"floor":19.0,"key":"PowerPotion"},{"floor":22.0,"key":"Fire Potion"},{"floor":27.0,"key":"SkillPotion"},{"floor":30.0,"key":"Energy Potion"},{"floor":33.0,"key":"DemoMod:BlankPotion"},{"floor":39.0,"key":"Strength Potion"},{"floor":44.0,"key":"PowerPotion"},{"floor":54,"key":"GamblersBrew"}],"is_trial":false,"path_per_floor":["M","M","?","M","M","E","M","?","T","?","R","M","$","M","R","B",null,"M","?","M","M","M","R","E","?","T","E","$","R","M","M","R","B",null,"M","$","?","?","M","R","?","R","T","M","T","$","?","E","R","B",null,"R","$","E","B",null],"character_chosen":"HUNTRESS","items_purchased":["DemoMod:GnawedKey","DemoMod:ClearGuonStone","Bag of Marbles","DemoMod:Invincible","EntropicBrew","DemoMod:HungryBullets","DemoMod:HardPowerCard","Violence"],"campfire_rested":4,"item_purchase_floors":[0,13,28,28,36,36,36,53],"current_hp_per_floor":[60,57,70,70,67,25,13,13,13,29,48,38,53,50,50,50,65,56,56,56,52,42,61,61,61,61,5,20,39,21,21,40,1,75,75,75,75,75,60,60,60,60,60,60,60,75,75,75,75,68,75,75,75,20,3],"gold":60,"neow_bonus":"","is_daily":false,"chose_seed":false,"campfire_upgraded":4,"win_rate":0.0,"timestamp":1611250824,"path_taken":["M","M","?","M","?","E","M","?","T","?","R","M","$","M","R","BOSS","M","?","?","M","?","R","E","?","T","E","?","R","?","M","R","BOSS","M","$","?","?","M","R","?","R","T","?","?","?","?","E","R","BOSS","R","$","E","BOSS"],"items_purchased_type":["Relic","Relic","Relic","Card","Potion","Card","Card","Card"],"build_version":"2020-12-22","purchased_purges":0,"victory":true,"max_hp_per_floor":[70,70,70,70,70,70,70,65,65,65,65,65,65,65,65,65,65,65,65,65,65,65,65,65,65,65,65,65,65,65,65,65,65,75,75,75,75,75,75,75,75,75,75,75,75,75,75,75,75,75,75,75,75,75,75],"card_choices":[{"not_picked":["DemoMod:MachoBrace","DemoMod:StickyCrossBow"],"picked":"DemoMod:Unmoved","floor":1.0},{"not_picked":["DemoMod:AWP","DemoMod:HungryBullets"],"picked":"DemoMod:Purify","floor":2.0},{"not_picked":["DemoMod:Rummage","DemoMod:SAA"],"picked":"DemoMod:DirectionalPad","floor":4.0},{"not_picked":["DemoMod:TripleGun","DemoMod:StickyCrossBow"],"picked":"DemoMod:ProbeStrike","floor":5.0},{"not_picked":["DemoMod:Evolver","DemoMod:Ejector"],"picked":"DemoMod:SuppressiveFire","floor":5.0},{"not_picked":["DemoMod:Elimentaler","DemoMod:HuntsMan"],"picked":"DemoMod:ZorGun","floor":6.0},{"not_picked":["DemoMod:ConditionalReflex","DemoMod:TripleGun"],"picked":"DemoMod:FullFirepower","floor":7.0},{"not_picked":["DemoMod:BattleInHaste","DemoMod:BoxingGlove"],"picked":"DemoMod:TableSutra","floor":12.0},{"not_picked":["DemoMod:BoxingGlove","DemoMod:AC15"],"picked":"DemoMod:SAA","floor":14.0},{"not_picked":["DemoMod:SuppressiveFire","DemoMod:Elimentaler"],"picked":"DemoMod:Gungine","floor":16.0},{"not_picked":["DemoMod:DirectionalPad+1","DemoMod:AC15+1"],"picked":"DemoMod:LifeOrb+1","floor":18.0},{"not_picked":["DemoMod:BoxingGlove","DemoMod:SAA"],"picked":"DemoMod:SniperShot","floor":20.0},{"not_picked":["DemoMod:AC15","DemoMod:StickyCrossBow"],"picked":"DemoMod:ShadowBullets","floor":21.0},{"not_picked":["DemoMod:SniperShot+1","DemoMod:DirectionalPad+1"],"picked":"DemoMod:TripleGun+1","floor":22.0},{"not_picked":["DemoMod:Rummage","DemoMod:Evolver"],"picked":"DemoMod:FortunesFavor+1","floor":24.0},{"not_picked":["DemoMod:Purify","DemoMod:DirectionalPad"],"picked":"DemoMod:HuntsMan","floor":27.0},{"not_picked":["DemoMod:AC15","DemoMod:Camera"],"picked":"DemoMod:BlankBullets","floor":30.0},{"not_picked":["DemoMod:BoxingGlove","DemoMod:ProbeStrike+1"],"picked":"DemoMod:Polaris","floor":31.0},{"not_picked":["DemoMod:BlackHoleGun","DemoMod:BlankBullets"],"picked":"DemoMod:FinishedGun","floor":33.0},{"not_picked":["DemoMod:ZorGun+1","DemoMod:HardPowerCard+1"],"picked":"DemoMod:AWP+1","floor":35.0},{"not_picked":["DemoMod:BoxingGlove+1","DemoMod:Polaris"],"picked":"DemoMod:JK47","floor":39.0},{"not_picked":["DemoMod:GunShield","DemoMod:HuntsMan+1"],"picked":"DemoMod:JK47+1","floor":44.0},{"not_picked":["DemoMod:EasyReloadBullets","DemoMod:FullFirepower"],"picked":"DemoMod:ShadowBullets+1","floor":48.0},{"not_picked":["DemoMod:MegaHand+1","DemoMod:TripleGun+1"],"picked":"DemoMod:FastSwitch+1","floor":54}],"player_experience":927062,"relics_obtained":[{"floor":6.0,"key":"Pen Nib"},{"floor":9.0,"key":"MealTicket"},{"floor":24.0,"key":"DemoMod:Bottle"},{"floor":27.0,"key":"Gremlin Horn"},{"floor":43.0,"key":"Molten Egg 2"},{"floor":45.0,"key":"MawBank"},{"floor":48.0,"key":"Ice Cream"},{"floor":54,"key":"DemoMod:NanoMachines"}],"event_choices":[{"cards_removed":["DemoMod:Purify"],"damage_healed":13.0,"max_hp_gain":0.0,"max_hp_loss":0.0,"gold_gain":0.0,"event_name":"Bonfire Elementals","player_choice":"Offered Uncommon","floor":3.0,"gold_loss":0.0,"damage_taken":0.0},{"damage_healed":0.0,"max_hp_gain":0.0,"max_hp_loss":5.0,"gold_gain":0.0,"event_name":"Golden Idol","player_choice":"Lose Max HP","floor":8.0,"gold_loss":0.0,"damage_taken":0.0,"relics_obtained":["Golden Idol"]},{"damage_healed":16.0,"max_hp_gain":0.0,"max_hp_loss":0.0,"gold_gain":0.0,"event_name":"The Cleric","player_choice":"Healed","floor":10.0,"gold_loss":35.0,"damage_taken":0.0},{"damage_healed":0.0,"max_hp_gain":0.0,"max_hp_loss":0.0,"gold_gain":0.0,"event_name":"The Woman in Blue","player_choice":"Bought 1 Potion","floor":19.0,"gold_loss":0.0,"damage_taken":0.0},{"damage_healed":0.0,"max_hp_gain":0.0,"max_hp_loss":0.0,"gold_gain":0.0,"event_name":"Back to Basics","player_choice":"Simplicity","floor":25.0,"gold_loss":0.0,"damage_taken":0.0,"cards_upgraded":["DemoMod:Strike_Huntress","DemoMod:Strike_Huntress","DemoMod:Strike_Huntress","DemoMod:Defend_Huntress","DemoMod:Defend_Huntress","DemoMod:Defend_Huntress","DemoMod:Defend_Huntress"]},{"damage_healed":0.0,"max_hp_gain":0.0,"max_hp_loss":0.0,"gold_gain":0.0,"event_name":"Tomb of Lord Red Mask","player_choice":"Paid","floor":37.0,"gold_loss":8.0,"damage_taken":0.0,"relics_obtained":["Red Mask"]},{"cards_removed":["DemoMod:Unmoved"],"damage_healed":0.0,"max_hp_gain":0.0,"max_hp_loss":0.0,"gold_gain":0.0,"event_name":"Falling","player_choice":"Removed Skill","floor":38.0,"gold_loss":0.0,"damage_taken":0.0},{"damage_healed":0.0,"max_hp_gain":0.0,"max_hp_loss":0.0,"gold_gain":0.0,"event_name":"Accursed Blacksmith","player_choice":"Rummage","floor":41.0,"gold_loss":0.0,"damage_taken":0.0,"relics_obtained":["WarpedTongs"],"cards_obtained":["Pain"]},{"cards_removed":["Pain"],"damage_healed":0.0,"max_hp_gain":0.0,"max_hp_loss":0.0,"gold_gain":0.0,"event_name":"Purifier","player_choice":"Purged","floor":47.0,"gold_loss":0.0,"damage_taken":0.0}],"is_beta":false,"boss_relics":[{"not_picked":["Runic Pyramid","SacredBark"],"picked":"DemoMod:Wolf"},{"not_picked":["DemoMod:Test1","Calling Bell"],"picked":"DemoMod:RiddleOfLead"}],"items_purged_floors":[],"is_endless":false,"potions_floor_spawned":[4,6,12,14,18,22,27,30,33,39,44,54],"ascension_level":0}}