{"host":"w3q5ijqu8eoknil3","time":1611250189,"event":{"mods":["AchievementEnabler","BaseMod","Block Reminder","Colored Map","Colored Powertips","Curses Come First","Dark Map","Minty Spire (QoL Compilation)","Quick Restart","Relic Stats","StSLib","ojb\u0027s Better Paths Mod","ojb\u0027s Info Mod","slay the spire mod where everything is the same but ironclad has a cowboy hat"],"gold_per_floor":[118,118,132,145,42,73,73,99,179,179,179],"floor_reached":10,"language":"ENG","playtime":269,"items_purged":[],"score":144,"play_id":"16cd7206-803e-44e1-9031-5164226b7d97","local_time":"20210121172949","is_ascension_mode":true,"campfire_choices":[{"data":"Poisoned Stab","floor":7,"key":"SMITH"}],"circlet_count":0,"master_deck":["AscendersBane","Strike_G","Strike_G","Strike_G","Strike_G","Defend_G","Defend_G","Defend_G","Defend_G","Defend_G","Survivor","Neutralize","Dagger Spray","Sucker Punch","Backflip","Deadly Poison","Skewer","Poisoned Stab+1"],"relics":["Ring of the Snake","NeowsBlessing","TungstenRod","Regal Pillow","StrikeDummy"],"acts_visited":["Exordium"],"potions_floor_usage":[8,8],"damage_taken":[{"damage":0,"enemies":"Jaw Worm","floor":1,"turns":1},{"damage":0,"enemies":"Cultist","floor":3,"turns":1},{"damage":0,"enemies":"Small Slimes","floor":4,"turns":1},{"damage":39,"enemies":"Gremlin Nob","floor":6,"turns":5},{"damage":8,"enemies":"3 Sentries","floor":8,"turns":7},{"damage":20,"enemies":"Lagavulin","floor":10,"turns":3}],"seed_played":"-8114855179772953826","potions_obtained":[{"floor":1,"key":"SpeedPotion"},{"floor":3,"key":"EssenceOfSteel"},{"floor":6,"key":"Fire Potion"}],"is_trial":false,"path_per_floor":["M","?","M","M","$","E","R","E","T","E"],"character_chosen":"THE_SILENT","items_purchased":["Deadly Poison","Skewer"],"campfire_rested":0,"item_purchase_floors":[5,5],"current_hp_per_floor":[59,59,59,59,59,20,20,12,12,0,0],"gold":179,"neow_bonus":"THREE_ENEMY_KILL","is_daily":false,"chose_seed":false,"campfire_upgraded":1,"win_rate":0.0,"timestamp":1611250189,"path_taken":["M","?","?","M","$","E","R","E","T","E"],"items_purchased_type":["Card","Card"],"build_version":"2020-12-22","purchased_purges":0,"victory":false,"max_hp_per_floor":[66,66,66,66,66,66,66,66,66,66,66],"relic_stats":{"Regal Pillow":0,"counters":[6,18],"obtain_stats":[{"Regal Pillow":8,"NeowsBlessing":0,"StrikeDummy":9,"TungstenRod":6,"Ring of the Snake":0},{"Regal Pillow":5,"NeowsBlessing":0,"StrikeDummy":5,"TungstenRod":4,"Ring of the Snake":0},{"Regal Pillow":15,"NeowsBlessing":0,"StrikeDummy":15,"TungstenRod":8,"Ring of the Snake":0}],"TungstenRod":5,"Ring of the Snake":[12]},"card_choices":[{"not_picked":["Expertise","Escape Plan"],"picked":"Dagger Spray","floor":1},{"not_picked":["Terror","PiercingWail"],"picked":"Sucker Punch","floor":3},{"not_picked":["Quick Slash","Endless Agony"],"picked":"Backflip","floor":4},{"not_picked":["Bane","Flying Knee"],"picked":"Poisoned Stab","floor":6},{"not_picked":["Distraction","Underhanded Strike","Caltrops"],"picked":"SKIP","floor":8}],"player_experience":1007436,"relics_obtained":[{"floor":6,"key":"TungstenRod"},{"floor":8,"key":"Regal Pillow"},{"floor":9,"key":"StrikeDummy"}],"event_choices":[{"cards_removed":["Strike_G"],"damage_healed":0,"gold_gain":0,"player_choice":"Offered Basic","damage_taken":0,"max_hp_gain":0,"max_hp_loss":0,"event_name":"Bonfire Elementals","floor":2,"gold_loss":0}],"is_beta":false,"boss_relics":[],"items_purged_floors":[],"is_endless":false,"potions_floor_spawned":[1,3,4,6],"killed_by":"Lagavulin","ascension_level":18}}