{"host":"ga4s3hj9m6nkn6gp","time":1611260445,"event":{"mods":["AchievementEnabler","BaseMod","Bestiary","Colored Powertips","Highlight Path","Minty Spire (QoL Compilation)","Relic Stats","everything is the same but u backflip on backflip"],"gold_per_floor":[119,35,35,110,57,57,85,103,103,103,103,119,119,151,151,253,253,267,12,26,41,60,60,86,11,11,11,11],"floor_reached":27,"language":"ENG","playtime":1138,"items_purged":[],"score":448,"play_id":"d148035d-61cd-4ed3-9e0a-15dae7ca6034","local_time":"20210121212045","is_ascension_mode":true,"campfire_choices":[{"data":"Discovery","floor":6,"key":"SMITH"},{"data":"Hyperbeam","floor":10,"key":"SMITH"},{"data":"Gash","floor":13,"key":"SMITH"},{"data":"Gash","floor":15,"key":"SMITH"},{"data":"Hologram","floor":23,"key":"SMITH"}],"circlet_count":0,"master_deck":["AscendersBane","Strike_B","Strike_B","Strike_B","Defend_B","Defend_B","Defend_B","Defend_B","Zap","Dualcast","Go for the Eyes","Discovery+1","Go for the Eyes+1","Hyperbeam+1","Gash+1","Gash+1","Reboot","CurseOfTheBell","Beam Cell","Hologram+1","Undo","Steam Power","Hologram"],"relics":["Cracked Core","NeowsBlessing","Ornamental Fan","MealTicket","Gremlin Horn","Dead Branch","Calling Bell","Potion Belt","Singing Bowl","Prayer Wheel","Medical Kit","Symbiotic Virus","Molten Egg 2"],"acts_visited":["Exordium","TheCity"],"potions_floor_usage":[21,24],"damage_taken":[{"damage":0,"enemies":"Cultist","floor":1,"turns":1},{"damage":0,"enemies":"Gremlin Nob","floor":7,"turns":1},{"damage":0,"enemies":"2 Louse","floor":8,"turns":1},{"damage":0,"enemies":"Small Slimes","floor":12,"turns":2},{"damage":0,"enemies":"3 Sentries","floor":14,"turns":3},{"damage":9,"enemies":"Slime Boss","floor":16,"turns":6},{"damage":13,"enemies":"Shell Parasite","floor":18,"turns":6},{"damage":0,"enemies":"Chosen","floor":20,"turns":4},{"damage":4,"enemies":"Sentry and Sphere","floor":21,"turns":4},{"damage":13,"enemies":"Snake Plant","floor":22,"turns":5},{"damage":44,"enemies":"Slavers","floor":24,"turns":4},{"damage":23,"enemies":"Book of Stabbing","floor":27,"turns":3}],"seed_played":"-5780859150464772621","potions_obtained":[{"floor":12,"key":"Block Potion"},{"floor":21,"key":"Strength Potion"}],"is_trial":false,"path_per_floor":["M","$","T","?","$","R","E","M","T","R","?","M","R","E","R","B",null,"M","$","M","M","M","R","E","?","T","E"],"character_chosen":"DEFECT","items_purchased":["Discovery","Go for the Eyes","Hologram","Undo","Medical Kit"],"campfire_rested":0,"item_purchase_floors":[2,5,19,19,19],"current_hp_per_floor":[68,68,68,57,57,57,57,57,57,57,57,57,57,57,57,48,68,57,72,74,74,65,65,21,21,21,0,0],"gold":11,"neow_bonus":"THREE_ENEMY_KILL","is_daily":false,"chose_seed":false,"campfire_upgraded":5,"win_rate":0.0,"timestamp":1611260445,"path_taken":["M","$","?","?","$","R","E","M","T","R","?","?","R","E","R","BOSS","M","?","M","M","?","R","E","?","T","E"],"items_purchased_type":["Card","Card","Card","Card","Relic"],"build_version":"2020-12-22","purchased_purges":0,"victory":false,"max_hp_per_floor":[75,75,75,75,75,75,75,75,75,75,75,75,75,75,75,75,75,77,77,79,83,87,87,87,87,87,87,87],"relic_stats":{"Gremlin Horn":[7,7],"Singing Bowl":12,"counters":[12,40],"Ornamental Fan":[80],"Dead Branch":[17],"MealTicket":15,"Prayer Wheel":4,"Medical Kit":[1],"obtain_stats":[{"Potion Belt":17,"NeowsBlessing":0,"Gremlin Horn":9,"Singing Bowl":17,"Dead Branch":14,"Medical Kit":19,"Calling Bell":17,"Ornamental Fan":3,"MealTicket":7,"Prayer Wheel":17,"Molten Egg 2":26,"Cracked Core":0,"Symbiotic Virus":24},{"Potion Belt":6,"NeowsBlessing":0,"Gremlin Horn":3,"Singing Bowl":6,"Dead Branch":5,"Medical Kit":7,"Calling Bell":6,"Ornamental Fan":1,"MealTicket":2,"Prayer Wheel":6,"Molten Egg 2":11,"Cracked Core":0,"Symbiotic Virus":11},{"Potion Belt":14,"NeowsBlessing":0,"Gremlin Horn":3,"Singing Bowl":14,"Dead Branch":8,"Medical Kit":20,"Calling Bell":14,"Ornamental Fan":1,"MealTicket":2,"Prayer Wheel":14,"Molten Egg 2":37,"Cracked Core":0,"Symbiotic Virus":37}]},"card_choices":[{"not_picked":["Compile Driver","Scrape"],"picked":"Go for the Eyes","floor":1},{"not_picked":["Cold Snap","Beam Cell"],"picked":"Hyperbeam","floor":7},{"not_picked":["Rebound","Conserve Battery"],"picked":"Gash","floor":8},{"not_picked":["Heatsinks","Sweeping Beam"],"picked":"Gash","floor":12},{"not_picked":["Turbo","Heatsinks","Self Repair"],"picked":"SKIP","floor":14},{"not_picked":["Amplify","Biased Cognition"],"picked":"Reboot","floor":16},{"not_picked":["Gash","Multi-Cast"],"picked":"Beam Cell","floor":18},{"not_picked":["Defragment","Melter","Conserve Battery"],"picked":"Singing Bowl","floor":18},{"not_picked":["White Noise","Reinforced Body"],"picked":"Steam Power","floor":20},{"not_picked":["Rebound+1","Aggregate","Ball Lightning+1"],"picked":"Singing Bowl","floor":20},{"not_picked":["Go for the Eyes","Rebound","Lockon"],"picked":"Singing Bowl","floor":21},{"not_picked":["Doom and Gloom","Sweeping Beam","Darkness"],"picked":"Singing Bowl","floor":21},{"not_picked":["Leap","Coolheaded+1","Storm"],"picked":"Singing Bowl","floor":22},{"not_picked":["Scrape+1","Go for the Eyes+1","Buffer"],"picked":"Singing Bowl","floor":22},{"not_picked":["Compile Driver+1","Hello World+1"],"picked":"Hologram","floor":24}],"player_experience":656641,"relics_obtained":[{"floor":3,"key":"Ornamental Fan"},{"floor":7,"key":"MealTicket"},{"floor":9,"key":"Gremlin Horn"},{"floor":14,"key":"Dead Branch"},{"floor":17,"key":"Potion Belt"},{"floor":17,"key":"Singing Bowl"},{"floor":17,"key":"Prayer Wheel"},{"floor":24,"key":"Symbiotic Virus"},{"floor":26,"key":"Molten Egg 2"}],"event_choices":[{"damage_healed":0,"gold_gain":75,"player_choice":"Gather Gold","damage_taken":11,"max_hp_gain":0,"max_hp_loss":0,"event_name":"World of Goop","floor":4,"gold_loss":0},{"damage_healed":0,"gold_gain":0,"player_choice":"Upgraded","damage_taken":0,"max_hp_gain":0,"max_hp_loss":0,"event_name":"Upgrade Shrine","floor":11,"gold_loss":0,"cards_upgraded":["Go for the Eyes"]},{"cards_removed":["Strike_B"],"damage_healed":0,"gold_gain":0,"player_choice":"Gave Gold","damage_taken":0,"max_hp_gain":0,"max_hp_loss":0,"event_name":"Beggar","floor":25,"gold_loss":75}],"is_beta":false,"boss_relics":[{"not_picked":["Astrolabe","Runic Pyramid"],"picked":"Calling Bell"}],"items_purged_floors":[],"is_endless":false,"potions_floor_spawned":[12,21],"killed_by":"Book of Stabbing","ascension_level":11}}