{"host":"TheShotgunBoss","time":1611202115,"event":{"mods":["AchievementEnabler","Always Whale","Aspiration","BaseMod","Beaked The Cultist","Colored Map","Colored Powertips","Colorless Booster Pack","Conspire","Downfall","Energized Spire","FetchMod","GifTheSpireLib","Halation","Hubris","Infinite Spire","Jedi Mod","Minty Spire (QoL Compilation)","Poor People Problems","Quick Restart","RNG!","Relic Sorter","SacredBarkPlus","Shop Mod","Spikes Relics","StSLib","Stuff the Spire","The Blue Laboratory","The Construct","Uncapped","Unceasing Turn Reminder","everything is the same but u backflip on backflip","vexMod","??????REMEMod"],"gold_per_floor":[99,118,130,130,130,130,130,40,56,87,105,136,136,136,147,244,244,244,255,274,64,64,80,80,80,95,95,95,108,108,138,149,245,245,245,256,39,39,39,73,73,73,49,49,49,62,62,82,98,98],"floor_reached":51,"language":"ENG","playtime":2128,"items_purged":["Slimebound:Strike_Slimebound","Pain","Slimebound:TongueLash+1"],"score":842,"play_id":"f2858965-b731-4213-a2a3-8629bd72f6ac","local_time":"20210120230835","is_ascension_mode":true,"campfire_choices":[{"data":"Slimebound:PrepareCrush","floor":1,"key":"SMITH"},{"data":"Slimebound:DuplicatedForm","floor":13,"key":"SMITH"},{"data":"Vault","floor":18,"key":"SMITH"},{"data":"Slimebound:CheckThePlaybook","floor":28,"key":"SMITH"},{"data":"Slimebound:RainOfGoop","floor":30,"key":"SMITH"},{"data":"Slimebound:CheckThePlaybook","floor":35,"key":"SMITH"},{"data":"expansioncontent:DashGenerateEvil","floor":45,"key":"SMITH"},{"data":"StuffTheSpire:BrainWave","floor":47,"key":"SMITH"}],"circlet_count":0,"master_deck":["Slimebound:Tackle","Slimebound:Defend_Slimebound","Slimebound:Defend_Slimebound","Slimebound:Defend_Slimebound","Slimebound:Split","Slimebound:CorrosiveSpit","Slimebound:PrepareCrush+1","Vault+1","Slimebound:RainOfGoop+1","Slimebound:FinishingTackle","Slimebound:GoopTackle","Slimebound:RollThrough","Slimebound:DuplicatedForm+1","Slimebound:RollThrough","Slimebound:CheckThePlaybook+1","Slimebound:OneTwoCombo+1","Slimebound:Prepare+1","Slimebound:RollThrough+1","Slimebound:GoopSpray","expansioncontent:AwakenDeath","Vault+1","Slimebound:CheckThePlaybook+1","Slimebound:FormOfPuddle","expansioncontent:DashGenerateEvil+1","StuffTheSpire:BrainWave+1","Slimebound:GoopSpray","Slimebound:RollThrough+1"],"relics":["Slimebound:AbsorbEndCombat","hubris:Icosahedron","REME_ComplimentaryCards","conspire:DeflatedDodgeball","downfall:ShatteredFragment","hubris:Towel","Pantograph","Bag of Marbles","WarpedTongs","Astrolabe","Philosopher\u0027s Stone","infinitespire:FocusingShard","Matryoshka","Sozu","Juzu Bracelet","infinitespire:PuzzleCube","Shovel","Anchor"],"acts_visited":["Exordium","TheCity","TheBeyond"],"potions_floor_usage":[12,50],"damage_taken":[{"damage":6,"enemies":"Jaw Worm","floor":2,"turns":2},{"damage":0,"enemies":"2 Louse","floor":3,"turns":3},{"damage":3,"enemies":"downfall:FleeingMerchant","floor":8,"turns":5},{"damage":5,"enemies":"Small Slimes","floor":9,"turns":3},{"damage":0,"enemies":"3 Sentries","floor":10,"turns":5},{"damage":9,"enemies":"Blue Slaver","floor":11,"turns":3},{"damage":32,"enemies":"Lagavulin","floor":12,"turns":6},{"damage":14,"enemies":"2 Fungi Beasts","floor":15,"turns":3},{"damage":47,"enemies":"SI_SHIV_ARCHETYPE","floor":16,"turns":6},{"damage":18,"enemies":"3 Byrds","floor":19,"turns":4},{"damage":30,"enemies":"Centurion and Healer","floor":20,"turns":4},{"damage":20,"enemies":"downfall:FleeingMerchant","floor":21,"turns":5},{"damage":22,"enemies":"Sentry and Sphere","floor":23,"turns":4},{"damage":41,"enemies":"Snake Plant","floor":26,"turns":7},{"damage":18,"enemies":"3 Cultists","floor":29,"turns":3},{"damage":23,"enemies":"Nightmare","floor":31,"turns":6},{"damage":15,"enemies":"Centurion and Healer","floor":32,"turns":3},{"damage":15,"enemies":"WA_ARCHETYPE_CALM","floor":33,"turns":5},{"damage":2,"enemies":"Orb Walker","floor":36,"turns":3},{"damage":0,"enemies":"downfall:FleeingMerchant","floor":37,"turns":2},{"damage":45,"enemies":"Nemesis","floor":40,"turns":3},{"damage":15,"enemies":"3 Darklings","floor":46,"turns":2},{"damage":15,"enemies":"Maw","floor":48,"turns":3},{"damage":15,"enemies":"4 Shapes","floor":49,"turns":4},{"damage":36,"enemies":"DF_ARCHETYPE_ORBS","floor":50,"turns":6}],"seed_played":"857363862456460874","potions_obtained":[{"floor":2,"key":"Strength Potion"},{"floor":9,"key":"AttackPotion"},{"floor":12,"key":"REME_GoldPotion"},{"floor":19,"key":"Fire Potion"}],"is_trial":false,"path_per_floor":["R","M","M","?","?","?","T","$","M","E","M","E","R","?","M","B",null,"R","M","M","$","AVR","M","T","?","M","?","R","M","R","NM","M","B",null,"R","M","$","?","?","E","T","?","$","AVR","R","M","R","M","M","B",null],"character_chosen":"SLIMEBOUND","items_purchased":["expansioncontent:AwakenDeath","Juzu Bracelet","Slimebound:FormOfPuddle","expansioncontent:DashGenerateEvil","Slimebound:GoopSpray"],"campfire_rested":0,"item_purchase_floors":[21,37,37,37,43],"current_hp_per_floor":[65,59,61,61,43,43,43,46,45,47,40,52,52,52,38,39,65,65,55,40,41,41,25,25,25,62,62,62,61,61,44,48,65,65,65,65,65,65,65,41,41,41,41,41,41,47,47,53,61,46],"gold":98,"neow_bonus":"ONE_RANDOM_RARE_CARD","is_daily":false,"chose_seed":false,"campfire_upgraded":8,"win_rate":0.0,"timestamp":1611202115,"path_taken":["R","M","M","?","?","?","T","$","M","E","M","E","R","?","M","BOSS","R","M","M","?","AVR","M","T","?","?","?","R","M","R","NM","M","BOSS","R","M","?","?","?","E","T","?","?","AVR","R","M","R","M","M","BOSS"],"items_purchased_type":["Card","Relic","Card","Card","Card"],"build_version":"2020-12-18","purchased_purges":3,"victory":true,"max_hp_per_floor":[65,65,65,65,65,65,65,65,65,65,65,65,65,65,65,65,65,65,65,65,65,65,65,65,65,65,65,65,65,65,65,65,65,65,65,65,65,65,65,65,65,65,65,65,65,65,65,65,65,65],"card_choices":[{"not_picked":["Slimebound:FinishingTackle","Slimebound:LivingWall","Slimebound:SamplingLick"],"picked":"SKIP","floor":2},{"not_picked":["Slimebound:LivingWall","Slimebound:Schlurp"],"picked":"Slimebound:RainOfGoop","floor":3},{"not_picked":["Slimebound:SlimeSpikes","Slimebound:SlimeBarrage"],"picked":"Slimebound:FinishingTackle","floor":8},{"not_picked":["Slimebound:Prepare","Slimebound:ForwardTackle"],"picked":"Slimebound:GoopTackle","floor":9},{"not_picked":["Slimebound:SlimeBrawl","Slimebound:ProtectTheBoss","Slimebound:LeadByExample"],"picked":"SKIP","floor":10},{"not_picked":["Slimebound:SplitLeeching","Slimebound:SplitAcid"],"picked":"Slimebound:RollThrough","floor":11},{"not_picked":["Slimebound:SlimeTap","Slimebound:SplitMire"],"picked":"Slimebound:DuplicatedForm","floor":12},{"not_picked":["Slimebound:Prepare","Slimebound:ItLooksTasty"],"picked":"Slimebound:RollThrough","floor":15},{"not_picked":["Slimebound:OozeBath","Slimebound:DuplicatedForm"],"picked":"Slimebound:CheckThePlaybook","floor":16},{"not_picked":["Slimebound:LeechEnergy+1","Slimebound:LivingWall+1"],"picked":"Slimebound:RollThrough+1","floor":19},{"not_picked":["Slimebound:SplitMire","Slimebound:ProtectTheBoss"],"picked":"Slimebound:GoopSpray","floor":20},{"not_picked":["Slimebound:AcidTongue","Slimebound:ProtectTheBoss+1","Slimebound:ViciousTackle"],"picked":"SKIP","floor":21},{"not_picked":["Slimebound:Prepare","Slimebound:RainOfGoop+1","Slimebound:ComboTackle"],"picked":"SKIP","floor":23},{"not_picked":["Slimebound:LeechingTouch+1","Slimebound:SplitAcid","Slimebound:SlimeTap"],"picked":"SKIP","floor":26},{"not_picked":["Slimebound:LeechEnergy+1","Slimebound:HauntingLick","Slimebound:RollThrough"],"picked":"SKIP","floor":29},{"not_picked":["Slimebound:Nibble+1","Slimebound:SplitBruiser","Slimebound:SplitAcid+1"],"picked":"SKIP","floor":31},{"not_picked":["Slimebound:SplitAcid","Slimebound:SplitMire","Slimebound:ComboTackle"],"picked":"SKIP","floor":32},{"not_picked":["Slimebound:LeechLife","Slimebound:RallyTheTroops"],"picked":"Slimebound:CheckThePlaybook","floor":33},{"not_picked":["Slimebound:ProtectTheBoss","Slimebound:SlimeSpikes","Slimebound:SplitMire"],"picked":"SKIP","floor":36},{"not_picked":["Slimebound:OozeBath","Slimebound:SplitMire+1","Slimebound:GrowthPunch+1"],"picked":"SKIP","floor":37},{"not_picked":["Slimebound:ProtectTheBoss","Slimebound:SlimeSpikes+1","Slimebound:PressTheAttack"],"picked":"SKIP","floor":40},{"not_picked":["StuffTheSpire:Ambrosia","StuffTheSpire:Harmony"],"picked":"StuffTheSpire:BrainWave","floor":42},{"not_picked":["Slimebound:SlimeSlap","Slimebound:Repurpose+1"],"picked":"Slimebound:RollThrough+1","floor":46},{"not_picked":["Slimebound:LivingWall+1","Slimebound:SplitLeeching","Slimebound:GoopTackle"],"picked":"SKIP","floor":48},{"not_picked":["Slimebound:SlimeBrawl","Slimebound:TongueLash","Slimebound:LevelUp+1"],"picked":"SKIP","floor":49}],"player_experience":274205,"relics_obtained":[{"floor":4,"key":"conspire:DeflatedDodgeball"},{"floor":7,"key":"Pantograph"},{"floor":10,"key":"Bag of Marbles"},{"floor":12,"key":"halation:Pancakes"},{"floor":24,"key":"infinitespire:FocusingShard"},{"floor":31,"key":"Matryoshka"},{"floor":40,"key":"infinitespire:PuzzleCube"},{"floor":41,"key":"Shovel"},{"floor":41,"key":"Anchor"}],"event_choices":[{"damage_healed":0,"gold_gain":0,"player_choice":"Rummage","damage_taken":0,"relics_obtained":["WarpedTongs"],"max_hp_gain":0,"max_hp_loss":0,"event_name":"Accursed Blacksmith","floor":14,"gold_loss":0,"cards_obtained":["Pain"]}],"is_beta":true,"boss_relics":[{"not_picked":["halation:MonkeysPaw","halation:CatFaceCupcake"],"picked":"Astrolabe"},{"not_picked":["beaked:SacredDeck","halation:Yufonium"],"picked":"Sozu"}],"items_purged_floors":[8,21,37],"is_endless":false,"potions_floor_spawned":[2,9,12,19,23,32,33,36,48,49],"ascension_level":1}}