{"host":"ELF","time":1611240061,"event":{"mods":["BaseMod","Bestiary","Minty Spire (QoL Compilation)","Relic Stats","Slay the Relics Exporter"],"gold_per_floor":[115,128,98,15,35,64,64,75,75,75,93,58,90,140,140,214,214,232,247,247,247,87,119,119,119,119],"floor_reached":25,"language":"ENG","playtime":973,"items_purged":[],"score":508,"play_id":"3f855ad1-3bfc-45f5-86a8-4cb9f1e6155c","local_time":"20210121084101","is_ascension_mode":true,"campfire_choices":[{"floor":7.0,"key":"REST"},{"floor":10.0,"key":"REST"},{"data":"Catalyst","floor":15,"key":"SMITH"},{"floor":24,"key":"REST"}],"circlet_count":0,"master_deck":["AscendersBane","Strike_G","Strike_G","Strike_G","Defend_G","Defend_G","Defend_G","Defend_G","Defend_G","Survivor","Neutralize","Blade Dance","Deadly Poison","Catalyst+1","Crippling Poison","Caltrops","Deadly Poison","Deadly Poison","Wraith Form v2","Calculated Gamble","Catalyst","Dash","Noxious Fumes","Distraction","Blade Dance","PiercingWail","PiercingWail","Die Die Die"],"relics":["Ring of the Snake","NeowsBlessing","Thread and Needle","Pantograph","Blue Candle","Philosopher\u0027s Stone","Orrery","Vajra"],"acts_visited":["Exordium","TheCity"],"potions_floor_usage":[16,18,19,25],"damage_taken":[{"damage":0.0,"enemies":"Small Slimes","floor":1.0,"turns":1.0},{"damage":0.0,"enemies":"Cultist","floor":2.0,"turns":1.0},{"damage":0.0,"enemies":"2 Louse","floor":5.0,"turns":1.0},{"damage":39.0,"enemies":"Gremlin Nob","floor":6.0,"turns":4.0},{"damage":10.0,"enemies":"Large Slime","floor":8.0,"turns":7.0},{"damage":11.0,"enemies":"Exordium Thugs","floor":11.0,"turns":6.0},{"damage":24.0,"enemies":"3 Sentries","floor":13.0,"turns":8.0},{"damage":6,"enemies":"Hexaghost","floor":16,"turns":7},{"damage":25,"enemies":"2 Thieves","floor":18,"turns":5},{"damage":0,"enemies":"Spheric Guardian","floor":19,"turns":5},{"damage":41,"enemies":"Slavers","floor":23,"turns":6},{"damage":33,"enemies":"Book of Stabbing","floor":25,"turns":4}],"seed_played":"-5225264635424452656","potions_obtained":[{"floor":1.0,"key":"EssenceOfSteel"},{"floor":3.0,"key":"SkillPotion"},{"floor":3.0,"key":"Strength Potion"},{"floor":6.0,"key":"DuplicationPotion"},{"floor":8.0,"key":"Fruit Juice"},{"floor":16,"key":"Weak Potion"},{"floor":18,"key":"Regen Potion"},{"floor":23,"key":"Dexterity Potion"}],"is_trial":false,"path_per_floor":["M","M","?","$","M","E","R","M","T","R","M","?","E","?","R","B",null,"M","M","?","?","$","E","R","E"],"character_chosen":"THE_SILENT","items_purchased":["Catalyst","Orrery"],"campfire_rested":3,"item_purchase_floors":[4,22],"current_hp_per_floor":[59,59,59,59,59,20,39,29,29,48,37,53,29,23,23,42,60,35,50,50,50,50,9,28,0,0],"gold":119,"neow_bonus":"THREE_ENEMY_KILL","is_daily":false,"chose_seed":false,"campfire_upgraded":1,"win_rate":0.0,"timestamp":1611240061,"path_taken":["M","M","?","$","?","E","R","M","T","R","M","?","E","?","R","BOSS","M","M","?","?","$","E","R","E"],"items_purchased_type":["Card","Relic"],"build_version":"2020-12-18","purchased_purges":0,"victory":false,"max_hp_per_floor":[66,66,66,66,66,66,66,66,66,66,66,66,66,66,66,66,66,66,66,66,66,66,66,66,71,71],"relic_stats":{"counters":[12,55],"Pantograph":25,"Blue Candle":[0],"obtain_stats":[{"NeowsBlessing":0,"Pantograph":9,"Blue Candle":13,"Orrery":22,"Vajra":23,"Thread and Needle":6,"Philosopher\u0027s Stone":17,"Ring of the Snake":0},{"NeowsBlessing":0,"Pantograph":5,"Blue Candle":7,"Orrery":10,"Vajra":11,"Thread and Needle":4,"Philosopher\u0027s Stone":8,"Ring of the Snake":0},{"NeowsBlessing":0,"Pantograph":14,"Blue Candle":28,"Orrery":45,"Vajra":51,"Thread and Needle":7,"Philosopher\u0027s Stone":35,"Ring of the Snake":0}],"Ring of the Snake":[24]},"card_choices":[{"not_picked":["Finisher","Well Laid Plans"],"picked":"Blade Dance","floor":1.0},{"not_picked":["Blade Dance","Dodge and Roll"],"picked":"Deadly Poison","floor":2.0},{"not_picked":["Cloak And Dagger","Caltrops"],"picked":"Crippling Poison","floor":5.0},{"not_picked":["Unload","Sucker Punch","All Out Attack"],"picked":"SKIP","floor":6.0},{"not_picked":["Sucker Punch","Bane"],"picked":"Caltrops","floor":8.0},{"not_picked":["Sucker Punch","Expertise"],"picked":"Deadly Poison","floor":11.0},{"not_picked":["Masterful Stab","Dagger Throw"],"picked":"Deadly Poison","floor":13.0},{"not_picked":["Doppelganger","Malaise"],"picked":"Wraith Form v2","floor":16},{"not_picked":["Flying Knee+1","Masterful Stab","Quick Slash"],"picked":"SKIP","floor":18},{"not_picked":["Dagger Throw","All Out Attack+1"],"picked":"Calculated Gamble","floor":19},{"not_picked":["Underhanded Strike","Flechettes"],"picked":"Distraction","floor":22},{"not_picked":["Accuracy","Poisoned Stab"],"picked":"Blade Dance","floor":22},{"not_picked":["Grand Finale","Heel Hook"],"picked":"PiercingWail","floor":22},{"not_picked":["Poisoned Stab","Acrobatics"],"picked":"PiercingWail","floor":22},{"not_picked":["Prepared","Choke"],"picked":"Die Die Die","floor":22},{"not_picked":["Skewer","Deadly Poison","Grand Finale"],"picked":"SKIP","floor":23}],"player_experience":3251283,"relics_obtained":[{"floor":6.0,"key":"Thread and Needle"},{"floor":9.0,"key":"Pantograph"},{"floor":13.0,"key":"Blue Candle"},{"floor":23,"key":"Vajra"}],"event_choices":[{"damage_healed":0.0,"max_hp_gain":0.0,"max_hp_loss":0.0,"gold_gain":0.0,"event_name":"The Woman in Blue","player_choice":"Bought 2 Potions","floor":3.0,"gold_loss":0.0,"damage_taken":0.0},{"damage_healed":16.0,"max_hp_gain":0.0,"max_hp_loss":0.0,"gold_gain":0.0,"event_name":"The Cleric","player_choice":"Healed","floor":12.0,"gold_loss":35.0,"damage_taken":0.0},{"damage_healed":0,"gold_gain":50,"player_choice":"Touch","damage_taken":6,"max_hp_gain":0,"max_hp_loss":0,"event_name":"FaceTrader","floor":14,"gold_loss":0},{"damage_healed":0,"gold_gain":0,"cards_transformed":["Strike_G","Strike_G"],"player_choice":"Became Test Subject","damage_taken":0,"max_hp_gain":0,"max_hp_loss":0,"event_name":"Drug Dealer","floor":20,"gold_loss":0,"cards_obtained":["Catalyst","Dash"]},{"damage_healed":0,"gold_gain":0,"player_choice":"Read","damage_taken":0,"max_hp_gain":0,"max_hp_loss":0,"event_name":"The Library","floor":21,"gold_loss":0,"cards_obtained":["Noxious Fumes"]}],"is_beta":true,"boss_relics":[{"not_picked":["SacredBark","Calling Bell"],"picked":"Philosopher\u0027s Stone"}],"items_purged_floors":[],"is_endless":false,"potions_floor_spawned":[1,6,8,16,18,23],"killed_by":"Book of Stabbing","ascension_level":20}}