{"host":"0x0gr83ly0vxzjzg","time":1611246955,"event":{"mods":["BaseMod","Bestiary","Better Skull","Curses Come First","Hubris","Infinite Spire","Minty Spire (QoL Compilation)","Shop Mod","StSLib","The Cursed","The Servant 0.9.4"],"gold_per_floor":[117,117,179,109,125,154,154,168,168,168,281,281,301,328,328,427,427,437,437,450,461,87,118,128,128,128,152,152,166,192,220,220,324,324,334,344,344,360,59,70,80,60,137,106,131,156,5,25,25,25,25],"floor_reached":50,"language":"ENG","playtime":3434,"items_purged":[],"score":624,"play_id":"83bcc487-34e6-4336-99c4-df2b86641fc2","local_time":"20210121113555","is_ascension_mode":false,"campfire_choices":[{"data":"Entrench","floor":10.0,"key":"SMITH"},{"data":"Armaments","floor":12.0,"key":"SMITH"},{"data":"Reaper","floor":15.0,"key":"SMITH"},{"floor":28.0,"key":"REST"},{"data":"hubris:InfiniteBlow","floor":32.0,"key":"SMITH"},{"floor":49,"key":"REST"}],"circlet_count":0,"master_deck":["Strike_R","Strike_R","Strike_R","Strike_R","Strike_R","Defend_R","Defend_R","Defend_R","Defend_R","Heavy Blade","Metallicize","Reaper+1","Armaments+1","Entrench+1","Whirlwind","Battle Trance","Feed","Anger+1","hubris:InfiniteBlow+2","Inflame","Shrug It Off","Second Wind","Fire Breathing","Impervious","Flex","infinitespire:Starlight","Iron Wave","Barricade","Dark Embrace+1","Impervious+1","Armaments+1","True Grit","Inflame","Flex","Reaper+1","Parasite","Heavy Blade","Iron Wave","Reaper","hubris:SharpeningStone+1","Body Slam","True Grit"],"relics":["Burning Blood","NeowsBlessing","hubris:Icosahedron","Bag of Marbles","Tiny Chest","TungstenRod","infinitespire:Burning Sword","Meat on the Bone","Ice Cream","infinitespire:Joker Card","infinitespire:CheckeredPen","Ancient Tea Set","Pen Nib","infinitespire:PuzzleCube","Astrolabe","infinitespire:EmpoweringShard","Red Skull","DollysMirror","Ornamental Fan","Ginger","Dream Catcher","Lantern"],"acts_visited":["Exordium","TheCity","TheBeyond"],"potions_floor_usage":[48,50],"damage_taken":[{"damage":0.0,"enemies":"Jaw Worm","floor":1.0,"turns":1.0},{"damage":0.0,"enemies":"2 Louse","floor":5.0,"turns":1.0},{"damage":0.0,"enemies":"Gremlin Nob","floor":6.0,"turns":1.0},{"damage":9.0,"enemies":"Cultist","floor":8.0,"turns":3.0},{"damage":0.0,"enemies":"Exordium Wildlife","floor":11.0,"turns":3.0},{"damage":12.0,"enemies":"2 Fungi Beasts","floor":13.0,"turns":3.0},{"damage":31.0,"enemies":"3 Sentries","floor":14.0,"turns":9.0},{"damage":57.0,"enemies":"Slime Boss","floor":16.0,"turns":14.0},{"damage":6.0,"enemies":"Spheric Guardian","floor":18.0,"turns":3.0},{"damage":16.0,"enemies":"Shell Parasite","floor":20.0,"turns":5.0},{"damage":48.0,"enemies":"Chosen and Byrds","floor":21.0,"turns":7.0},{"damage":45.0,"enemies":"Nightmare","floor":23.0,"turns":8.0},{"damage":9.0,"enemies":"Snecko","floor":24.0,"turns":3.0},{"damage":1.0,"enemies":"Snake Plant","floor":29.0,"turns":2.0},{"damage":3.0,"enemies":"Gremlin Leader","floor":31.0,"turns":4.0},{"damage":95.0,"enemies":"Automaton","floor":33.0,"turns":7.0},{"damage":70.0,"enemies":"3 Darklings","floor":35.0,"turns":5.0},{"damage":9.0,"enemies":"Orb Walker","floor":36.0,"turns":4.0},{"damage":13.0,"enemies":"4 Shapes","floor":38.0,"turns":4.0},{"damage":0.0,"enemies":"Writhing Mass","floor":40.0,"turns":2.0},{"damage":64.0,"enemies":"Sphere and 2 Shapes","floor":41.0,"turns":5.0},{"damage":17.0,"enemies":"4 Shapes","floor":44.0,"turns":6.0},{"damage":0,"enemies":"Nemesis","floor":45,"turns":1},{"damage":54,"enemies":"Maw","floor":48,"turns":8},{"damage":123,"enemies":"hubris:GrandSnecko","floor":50,"turns":8}],"seed_played":"6861091078471130468","potions_obtained":[{"floor":8.0,"key":"SneckoOil"},{"floor":11.0,"key":"PowerPotion"},{"floor":13.0,"key":"Weak Potion"},{"floor":14.0,"key":"Explosive Potion"},{"floor":21.0,"key":"LiquidMemories"},{"floor":23.0,"key":"BlessingOfTheForge"},{"floor":29.0,"key":"FearPotion"},{"floor":31.0,"key":"Explosive Potion"},{"floor":35.0,"key":"Weak Potion"},{"floor":42.0,"key":"Dexterity Potion"},{"floor":45,"key":"LiquidMemories"},{"floor":48,"key":"EssenceOfSteel"}],"is_trial":false,"path_per_floor":["M","?","?","$","M","E","?","M","T","R","M","R","M","E","R","B",null,"M","?","M","M","$","NM","M","AVR","T","T","R","M","T","E","R","B",null,"M","M","AVR","M","$","M","M","?","T","M","E","T","$","M","R","B"],"character_chosen":"IRONCLAD","items_purchased":["Metallicize","Second Wind","Meat on the Bone","Fire Breathing","Red Skull","DollysMirror","Lantern"],"campfire_rested":2,"item_purchase_floors":[4,22,22,22,39,39,47],"current_hp_per_floor":[80,80,80,80,80,80,80,77,77,77,80,80,78,64,64,28,80,80,80,70,38,38,23,32,32,32,32,56,71,71,83,83,42,83,42,57,57,63,63,69,63,63,63,59,65,65,65,60,88,0,0],"gold":25,"neow_bonus":"THREE_ENEMY_KILL","is_daily":false,"chose_seed":false,"campfire_upgraded":4,"win_rate":0.0,"timestamp":1611246955,"path_taken":["M","?","?","$","M","E","?","M","T","R","M","R","M","E","R","BOSS","M","?","M","M","?","NM","M","AVR","T","?","R","M","?","E","R","BOSS","M","M","AVR","M","$","M","M","?","T","?","E","?","$","M","R","BOSS"],"items_purchased_type":["Card","Card","Relic","Card","Relic","Relic","Relic"],"build_version":"2020-12-22","purchased_purges":0,"victory":false,"max_hp_per_floor":[80,80,80,80,80,80,80,80,80,80,80,80,80,80,80,80,80,80,80,80,80,80,80,80,80,80,80,80,80,80,83,83,83,83,83,86,86,89,89,89,93,93,93,96,96,96,96,96,96,96,96],"card_choices":[{"not_picked":["hubris:ReadiedAction","Perfected Strike"],"picked":"Heavy Blade","floor":1.0},{"not_picked":["Entrench","Disarm"],"picked":"Reaper","floor":5.0},{"not_picked":["Rupture","Seeing Red"],"picked":"Armaments","floor":6.0},{"not_picked":["Clash","Cleave"],"picked":"Intimidate","floor":8.0},{"not_picked":["True Grit","Cleave"],"picked":"Armaments","floor":11.0},{"not_picked":["Clash","Thunderclap"],"picked":"Whirlwind","floor":13.0},{"not_picked":["Bloodletting","Feel No Pain"],"picked":"Battle Trance","floor":14.0},{"not_picked":["Double Tap","hubris:StunningStrike"],"picked":"Feed","floor":16.0},{"not_picked":["Pommel Strike+1","Twin Strike"],"picked":"Anger+1","floor":18.0},{"not_picked":["Warcry","Anger+1"],"picked":"Inflame","floor":20.0},{"not_picked":["Burning Pact","Perfected Strike"],"picked":"Shrug It Off","floor":21.0},{"not_picked":["Reckless Charge+1","Shrug It Off+1"],"picked":"Impervious","floor":23.0},{"not_picked":["Rupture","hubris:ReadiedAction"],"picked":"Flex","floor":24.0},{"not_picked":["Cleave","Dropkick"],"picked":"Iron Wave","floor":29.0},{"not_picked":["Thunderclap","Feel No Pain"],"picked":"Ghostly Armor","floor":31.0},{"not_picked":["Corruption","hubris:StunningStrike"],"picked":"Barricade","floor":33.0},{"not_picked":["Heavy Blade+1","Clothesline"],"picked":"True Grit","floor":35.0},{"not_picked":["Twin Strike+1","Shockwave+1"],"picked":"Inflame","floor":36.0},{"not_picked":["Clothesline+1","Pommel Strike"],"picked":"Flex","floor":38.0},{"not_picked":["Second Wind+1","Clash+1"],"picked":"Heavy Blade","floor":40.0},{"not_picked":["Cleave","Searing Blow+1"],"picked":"Iron Wave","floor":41.0},{"not_picked":["Armaments+1","Heavy Blade"],"picked":"Reaper","floor":44},{"not_picked":["Power Through+1","Seeing Red+1"],"picked":"hubris:SharpeningStone+1","floor":45},{"not_picked":["Dark Embrace","Intimidate+1"],"picked":"Body Slam","floor":48},{"not_picked":["Sword Boomerang","Perfected Strike"],"picked":"True Grit","floor":49}],"player_experience":108017,"relics_obtained":[{"floor":6.0,"key":"Bag of Marbles"},{"floor":9.0,"key":"Tiny Chest"},{"floor":14.0,"key":"TungstenRod"},{"floor":23.0,"key":"Ice Cream"},{"floor":26.0,"key":"infinitespire:CheckeredPen"},{"floor":27.0,"key":"Ancient Tea Set"},{"floor":30.0,"key":"Pen Nib"},{"floor":31.0,"key":"infinitespire:PuzzleCube"},{"floor":43.0,"key":"Ornamental Fan"},{"floor":45,"key":"Ginger"},{"floor":46,"key":"Dream Catcher"}],"event_choices":[{"damage_healed":0.0,"max_hp_gain":0.0,"max_hp_loss":0.0,"gold_gain":62.0,"event_name":"Golden Wing","player_choice":"Gained Gold","floor":3.0,"gold_loss":0.0,"damage_taken":0.0},{"cards_removed":["Armaments"],"damage_healed":0.0,"max_hp_gain":0.0,"max_hp_loss":0.0,"gold_gain":0.0,"event_name":"NoteForYourself","player_choice":"Took Card","floor":19.0,"gold_loss":0.0,"damage_taken":0.0,"cards_obtained":["hubris:InfiniteBlow"]},{"damage_healed":0.0,"max_hp_gain":0.0,"max_hp_loss":0.0,"gold_gain":0.0,"event_name":"The Woman in Blue","player_choice":"Bought 1 Potion","floor":42.0,"gold_loss":0.0,"damage_taken":0.0}],"is_beta":false,"boss_relics":[{"not_picked":["Black Star","Philosopher\u0027s Stone"],"picked":"infinitespire:Burning Sword"},{"not_picked":["infinitespire:Cupcake","Coffee Dripper"],"picked":"Astrolabe"}],"items_purged_floors":[],"is_endless":true,"potions_floor_spawned":[8,11,13,14,21,23,29,31,35,45,48],"killed_by":"hubris:GrandSnecko","ascension_level":0}}