{"host":"wogey4gsknv4ot2d","time":1611221804,"event":{"mods":["2.2 Compatiblity","AchievementEnabler","Act Like it!","Alarm Clock","BaseMod","Bestiary","Better Match","Better Third Choice","Colored Map","Colored Powertips","Googly Eyes","Key Reminder","Minty Spire (QoL Compilation)","Permanent Neow","Rare Cards Sparkle","Relic Stats","StSLib"],"gold_per_floor":[112,128,128,147,163,163,163],"floor_reached":6,"language":"ENG","playtime":232,"items_purged":[],"score":42,"play_id":"265e4d76-c219-4c5b-98e0-5c756d09a03f","local_time":"20210121033644","is_ascension_mode":true,"campfire_choices":[],"circlet_count":0,"master_deck":["Strike_B","Strike_B","Strike_B","Strike_B","Defend_B","Defend_B","Defend_B","Defend_B","Zap","Dualcast","Blizzard","Conserve Battery","Sweeping Beam"],"relics":["Cracked Core"],"acts_visited":["Exordium"],"potions_floor_usage":[0,5,6,6],"damage_taken":[{"damage":5,"enemies":"2 Louse","floor":1,"turns":3},{"damage":10,"enemies":"Cultist","floor":2,"turns":5},{"damage":2,"enemies":"Jaw Worm","floor":4,"turns":4},{"damage":17,"enemies":"3 Louse","floor":5,"turns":4},{"damage":57,"enemies":"Gremlin Nob","floor":6,"turns":5}],"seed_played":"-2542594410288994639","potions_obtained":[{"floor":0,"key":"DistilledChaos"},{"floor":0,"key":"Fruit Juice"},{"floor":1,"key":"PowerPotion"},{"floor":5,"key":"Weak Potion"}],"is_trial":false,"path_per_floor":["M","M","?","M","M","E"],"character_chosen":"DEFECT","items_purchased":[],"campfire_rested":0,"item_purchase_floors":[],"current_hp_per_floor":[75,65,65,63,46,0,0],"gold":163,"neow_bonus":"THREE_SMALL_POTIONS","is_daily":false,"chose_seed":false,"campfire_upgraded":0,"win_rate":0.0,"timestamp":1611221804,"path_taken":["M","M","?","M","M","E"],"items_purchased_type":[],"build_version":"2020-12-22","purchased_purges":0,"victory":false,"max_hp_per_floor":[80,80,80,80,80,80,80],"relic_stats":{"counters":[5,21],"obtain_stats":[{"Cracked Core":0},{"Cracked Core":0},{"Cracked Core":0}]},"card_choices":[{"not_picked":["Go for the Eyes","Turbo"],"picked":"Blizzard","floor":1},{"not_picked":["Steam","Beam Cell"],"picked":"Conserve Battery","floor":2},{"not_picked":["Fission","Compile Driver","Heatsinks"],"picked":"SKIP","floor":4},{"not_picked":["Gash","Darkness"],"picked":"Sweeping Beam","floor":5}],"player_experience":65902,"relics_obtained":[],"event_choices":[{"damage_healed":0,"gold_gain":0,"player_choice":"Leave","damage_taken":0,"max_hp_gain":0,"max_hp_loss":0,"event_name":"The Cleric","floor":3,"gold_loss":0}],"is_beta":false,"boss_relics":[],"items_purged_floors":[],"is_endless":false,"potions_floor_spawned":[1,5],"killed_by":"Gremlin Nob","ascension_level":2}}