{"host":"fkig9nrckec4xsh0","time":1611262019,"event":{"mods":["BaseMod","Colored Map","Minty Spire (QoL Compilation)","Quick Restart","Replay The Spire","StSLib"],"gold_per_floor":[109,109,34,51,61,61,87,87,111,146,71,101,284,329,329,415,415,455,492,39,39,81,105,105],"floor_reached":23,"language":"ENG","playtime":1020,"items_purged":["Strike_R"],"score":398,"play_id":"6501567d-00fb-465c-a6ea-493c33716e90","local_time":"20210121154659","is_ascension_mode":true,"campfire_choices":[{"data":"Bloodletting","floor":6.0,"key":"SMITH"},{"data":"Whirlwind","floor":8.0,"key":"SMITH"}],"circlet_count":0,"master_deck":["AscendersBane","Strike_R","Strike_R","Strike_R","Strike_R","Defend_R","Defend_R","Defend_R","Defend_R","Bash","Whirlwind+1","Bloodletting+1","Fire Breathing+1","Warcry","Carnage","Uppercut+1","Pain","Evolve","Replay:Many Hands+1","AbeCurse","Battle Trance","Wild Strike"],"relics":["Burning Blood","NeowsBlessing","Replay:Rubber Ducky","Replay:Bandana","Replay:Bottled Flurry","King of Hearts","Replay:Grab Bag","Abe\u0027s Treasure","Mark of Pain","SacredBark","Matryoshka","Guide Book","Replay:Baseball"],"acts_visited":["Exordium","TheCity"],"potions_floor_usage":[18,23],"damage_taken":[{"damage":0.0,"enemies":"2 Louse","floor":1.0,"turns":1.0},{"damage":0.0,"enemies":"Cultist","floor":4.0,"turns":1.0},{"damage":0.0,"enemies":"Jaw Worm","floor":5.0,"turns":1.0},{"damage":30.0,"enemies":"Lagavulin","floor":7.0,"turns":5.0},{"damage":22.0,"enemies":"3 Sentries","floor":10.0,"turns":5.0},{"damage":8.0,"enemies":"Blue Slaver","floor":12.0,"turns":3.0},{"damage":34.0,"enemies":"Fading Forest","floor":16.0,"turns":13.0},{"damage":18,"enemies":"Spheric Guardian","floor":18,"turns":6},{"damage":5,"enemies":"2 Thieves","floor":19,"turns":1},{"damage":16,"enemies":"Centurion and Healer","floor":22,"turns":4},{"damage":215,"enemies":"Book of Stabbing","floor":23,"turns":5}],"seed_played":"3246849428961367836","potions_obtained":[{"floor":2.0,"key":"CultistPotion"},{"floor":2.0,"key":"AttackPotion"},{"floor":4.0,"key":"Explosive Potion"},{"floor":7.0,"key":"LifebloodPotion"},{"floor":19,"key":"BloodPotion"}],"is_trial":false,"path_per_floor":["M","?","$","M","M","R","E","R","T","E","$","M","?","T","R_BF","B",null,"M","M","$","?","M","E"],"character_chosen":"IRONCLAD","items_purchased":["Bloodletting","Matryoshka","Guide Book"],"campfire_rested":0,"item_purchase_floors":[3,20,20],"current_hp_per_floor":[74,74,74,75,75,75,51,51,51,35,35,33,33,33,55,49,69,57,58,58,58,48,0,0],"gold":105,"neow_bonus":"THREE_ENEMY_KILL","is_daily":false,"chose_seed":false,"campfire_upgraded":2,"win_rate":0.0,"timestamp":1611262019,"path_taken":["M","?","$","?","M","R","E","R","T","E","?","?","?","?","R_BF","BOSS","M","M","$","?","M","E"],"items_purchased_type":["Card","Relic","Relic"],"build_version":"2020-12-22","purchased_purges":1,"victory":false,"max_hp_per_floor":[75,75,75,75,75,75,75,75,75,75,75,75,75,75,75,75,75,75,75,75,75,75,75,75],"card_choices":[{"not_picked":["Warcry","Run Through"],"picked":"Whirlwind","floor":1.0},{"not_picked":["Warcry","Clothesline"],"picked":"Fire Breathing","floor":4.0},{"not_picked":["ReplayTheSpireMod:Muscle Training","Twin Strike"],"picked":"Warcry","floor":5.0},{"not_picked":["Whirlwind","Iron Wave","Clothesline"],"picked":"SKIP","floor":7.0},{"not_picked":["Demon Form","Shrug It Off"],"picked":"Carnage","floor":10.0},{"not_picked":["Clash","Anger"],"picked":"Uppercut","floor":12.0},{"not_picked":["Run Through","Rage"],"picked":"Evolve","floor":13.0},{"not_picked":["Barricade","Exhume"],"picked":"Replay:Many Hands","floor":16.0},{"not_picked":["Body Slam","Sword Boomerang","Clash"],"picked":"SKIP","floor":18},{"not_picked":["ReplayTheSpireMod:Limb From Limb+1","Clothesline"],"picked":"Battle Trance","floor":19},{"not_picked":["Heavy Blade","ReplayTheSpireMod:Strike From Hell"],"picked":"Wild Strike","floor":22}],"player_experience":380264,"relics_obtained":[{"floor":7.0,"key":"Replay:Rubber Ducky"},{"floor":9.0,"key":"Replay:Bandana"},{"floor":10.0,"key":"Replay:Bottled Flurry"},{"floor":14.0,"key":"King of Hearts"}],"event_choices":[{"damage_healed":0.0,"max_hp_gain":0.0,"max_hp_loss":0.0,"gold_gain":0.0,"event_name":"Lab","player_choice":"Got Potions","floor":2.0,"gold_loss":0.0,"damage_taken":0.0}],"is_beta":false,"boss_relics":[{"not_picked":["Replay:Bronze Core","Cursed Key"],"picked":"Replay:Grab Bag"},{"not_picked":["ReplayTheSpireMod:DimensionalGlitch","Coffee Dripper"],"picked":"Abe\u0027s Treasure"},{"not_picked":["Fusion Hammer","ChewingGum"],"picked":"Mark of Pain"},{"not_picked":["Kintsugi","Snecko Eye"],"picked":"SacredBark"}],"items_purged_floors":[11],"is_endless":false,"potions_floor_spawned":[4,7,19],"killed_by":"Book of Stabbing","ascension_level":20}}