{"host":"g8ufh7m4frdlkxwv","time":1611204971,"event":{"mods":["AchievementEnabler","BaseMod","Colored Map","Dark Map","Minty Spire (QoL Compilation)","Relic Stats","StSLib","ojb\u0027s Info Mod"],"gold_per_floor":[115,115,131,149,224,224,253,253,253,279,298,317,344,363,363,437,437,452,11,29,29,47,47,79,79,103,103,133,33,33,33,33,107,107,126,176,176,191,203,203,220,254,254,273,298,324,354,354,354,354,354,354],"floor_reached":51,"language":"ENG","playtime":3314,"items_purged":["Strike_G","Strike_G"],"score":1786,"play_id":"c3e1be9c-6664-4263-af70-4de32036d461","local_time":"20210121055611","is_ascension_mode":true,"campfire_choices":[{"data":"Neutralize","floor":6.0,"key":"SMITH"},{"data":"Crippling Poison","floor":8.0,"key":"SMITH"},{"floor":15.0,"key":"REST"},{"data":"Corpse Explosion","floor":23.0,"key":"SMITH"},{"data":"Catalyst","floor":25.0,"key":"SMITH"},{"data":"Venomology","floor":27.0,"key":"SMITH"},{"data":"Ghostly","floor":32.0,"key":"SMITH"},{"data":"Wraith Form v2","floor":40,"key":"SMITH"},{"floor":49,"key":"RECALL"}],"circlet_count":0,"master_deck":["AscendersBane","Survivor","Neutralize+1","Slice","Expertise","Slice","Flying Knee","Crippling Poison+1","Corpse Explosion+1","Footwork","Backstab","Venomology+1","Dodge and Roll","Catalyst+1","Acrobatics","Escape Plan","Ghostly+1","Ghostly","Ghostly+1","Wraith Form v2+1","Footwork","Dagger Spray","Quick Slash","Unload","Endless Agony","Grand Finale","Escape Plan","Cloak And Dagger+1","Dodge and Roll+1","Backflip","Acrobatics+1","Leg Sweep"],"relics":["Ring of the Snake","Whetstone","Incense Burner","StoneCalendar","Oddly Smooth Stone","Tiny Chest","Coffee Dripper","Potion Belt","Medical Kit","GremlinMask","Ginger","Ornamental Fan","The Specimen","Pandora\u0027s Box","Ice Cream","Centennial Puzzle","Bottled Tornado","Question Card","Toy Ornithopter","InkBottle","Pantograph"],"acts_visited":["Exordium","TheCity","TheBeyond"],"potions_floor_usage":[38,42,42,44,45,47,50,51,51,51,51,51,51,51],"damage_taken":[{"damage":2.0,"enemies":"Jaw Worm","floor":1.0,"turns":5.0},{"damage":0.0,"enemies":"2 Louse","floor":3.0,"turns":3.0},{"damage":0.0,"enemies":"Cultist","floor":4.0,"turns":3.0},{"damage":19.0,"enemies":"Gremlin Nob","floor":7.0,"turns":4.0},{"damage":13.0,"enemies":"3 Sentries","floor":10.0,"turns":7.0},{"damage":0.0,"enemies":"2 Fungi Beasts","floor":11.0,"turns":2.0},{"damage":1.0,"enemies":"Blue Slaver","floor":12.0,"turns":4.0},{"damage":7.0,"enemies":"Lagavulin","floor":13.0,"turns":7.0},{"damage":3.0,"enemies":"Large Slime","floor":14.0,"turns":7.0},{"damage":1.0,"enemies":"The Guardian","floor":16.0,"turns":9.0},{"damage":8.0,"enemies":"Chosen","floor":18.0,"turns":4.0},{"damage":12.0,"enemies":"Spheric Guardian","floor":20.0,"turns":5.0},{"damage":0.0,"enemies":"3 Cultists","floor":22.0,"turns":3.0},{"damage":5.0,"enemies":"Slavers","floor":24.0,"turns":2.0},{"damage":0.0,"enemies":"Gremlin Leader","floor":28.0,"turns":6.0},{"damage":12.0,"enemies":"Collector","floor":33.0,"turns":7.0},{"damage":0.0,"enemies":"3 Shapes","floor":35.0,"turns":3.0},{"damage":0.0,"enemies":"2 Orb Walkers","floor":36.0,"turns":4.0},{"damage":6,"enemies":"3 Darklings","floor":38,"turns":4},{"damage":3,"enemies":"Maw","floor":39,"turns":7},{"damage":0,"enemies":"4 Shapes","floor":41,"turns":5},{"damage":0,"enemies":"Nemesis","floor":42,"turns":7},{"damage":0,"enemies":"Sphere and 2 Shapes","floor":44,"turns":4},{"damage":0,"enemies":"Reptomancer","floor":45,"turns":6},{"damage":5,"enemies":"Giant Head","floor":47,"turns":7},{"damage":0,"enemies":"Donu and Deca","floor":50,"turns":7},{"damage":56,"enemies":"Time Eater","floor":51,"turns":14}],"seed_played":"128854515837835358","potions_obtained":[{"floor":3.0,"key":"DuplicationPotion"},{"floor":7.0,"key":"BlessingOfTheForge"},{"floor":10.0,"key":"SteroidPotion"},{"floor":13.0,"key":"SkillPotion"},{"floor":16.0,"key":"Poison Potion"},{"floor":18.0,"key":"EssenceOfSteel"},{"floor":20.0,"key":"Fire Potion"},{"floor":35.0,"key":"BlessingOfTheForge"},{"floor":42,"key":"LiquidMemories"},{"floor":44,"key":"ColorlessPotion"}],"is_trial":false,"path_per_floor":["M","?","M","M","?","R","E","R","T","E","M","M","E","M","R","B",null,"M","$","M","?","M","R","E","R","T","R","E","$","?","T","R","B",null,"M","?","?","M","M","R","M","E","T","M","E","T","E","T","R","B","B"],"character_chosen":"THE_SILENT","items_purchased":["Potion Belt","Catalyst","Medical Kit"],"campfire_rested":1,"item_purchase_floors":[19,19,19],"current_hp_per_floor":[57,57,57,57,46,46,27,27,27,14,14,13,6,3,22,21,55,47,47,35,35,35,35,30,30,30,30,30,30,30,30,30,18,29,29,29,29,23,20,20,20,20,20,20,20,20,20,20,20,33,0,0],"gold":354,"neow_bonus":"RANDOM_COMMON_RELIC","is_daily":false,"chose_seed":false,"campfire_upgraded":7,"win_rate":0.0,"timestamp":1611204971,"path_taken":["M","?","M","M","?","R","E","R","T","E","M","?","E","M","R","BOSS","M","$","M","?","M","R","E","R","T","R","E","?","?","?","R","BOSS","M","?","?","?","M","R","M","E","T","M","E","?","E","?","R","BOSS","BOSS"],"items_purchased_type":["Relic","Card","Relic"],"build_version":"2020-12-22","purchased_purges":2,"victory":false,"max_hp_per_floor":[66,66,66,66,66,66,66,66,66,66,66,66,66,66,66,66,66,66,66,66,66,66,66,66,66,66,66,66,66,33,33,33,33,33,33,33,33,33,33,33,33,33,33,33,33,33,33,33,33,33,33,33],"relic_stats":{"counters":[27,146],"StoneCalendar":[445],"Whetstone":["Strike_G","Strike_G"],"Ginger":[31],"Medical Kit":[14],"Question Card":1,"Centennial Puzzle":[6],"Ornamental Fan":[144],"Pantograph":13,"Tiny Chest":2,"Pandora\u0027s Box":["Wraith Form v2","Footwork","Dagger Spray","Quick Slash","Unload","Endless Agony","Grand Finale"],"obtain_stats":[{"Potion Belt":19,"Ice Cream":36,"The Specimen":31,"Oddly Smooth Stone":10,"StoneCalendar":9,"GremlinMask":21,"Incense Burner":7,"Whetstone":0,"Ginger":24,"Bottled Tornado":43,"Medical Kit":19,"Question Card":45,"Centennial Puzzle":42,"Ornamental Fan":28,"Pantograph":48,"Tiny Chest":13,"Pandora\u0027s Box":34,"Coffee Dripper":17,"Toy Ornithopter":46,"InkBottle":47,"Ring of the Snake":0},{"Potion Belt":11,"Ice Cream":18,"The Specimen":15,"Oddly Smooth Stone":5,"StoneCalendar":4,"GremlinMask":12,"Incense Burner":4,"Whetstone":0,"Ginger":14,"Bottled Tornado":22,"Medical Kit":11,"Question Card":24,"Centennial Puzzle":22,"Ornamental Fan":15,"Pantograph":25,"Tiny Chest":8,"Pandora\u0027s Box":16,"Coffee Dripper":10,"Toy Ornithopter":24,"InkBottle":25,"Ring of the Snake":0},{"Potion Belt":55,"Ice Cream":85,"The Specimen":71,"Oddly Smooth Stone":22,"StoneCalendar":15,"GremlinMask":60,"Incense Burner":15,"Whetstone":0,"Ginger":65,"Bottled Tornado":108,"Medical Kit":55,"Question Card":118,"Centennial Puzzle":108,"Ornamental Fan":71,"Pantograph":125,"Tiny Chest":35,"Pandora\u0027s Box":78,"Coffee Dripper":51,"Toy Ornithopter":118,"InkBottle":125,"Ring of the Snake":0}],"Toy Ornithopter":27,"InkBottle":[11],"Ring of the Snake":[55]},"card_choices":[{"not_picked":["PiercingWail","Dodge and Roll"],"picked":"Slice","floor":1.0},{"not_picked":["Dagger Throw","Cloak And Dagger"],"picked":"Slice","floor":3.0},{"not_picked":["Blade Dance","Blur"],"picked":"Flying Knee","floor":4.0},{"not_picked":["Endless Agony","Poisoned Stab"],"picked":"Crippling Poison","floor":7.0},{"not_picked":["Noxious Fumes","Escape Plan"],"picked":"Corpse Explosion","floor":10.0},{"not_picked":["Bane","Dagger Spray","Masterful Stab"],"picked":"SKIP","floor":11.0},{"not_picked":["Accuracy","Slice"],"picked":"Footwork","floor":12.0},{"not_picked":["Sucker Punch","Storm of Steel"],"picked":"Backstab","floor":13.0},{"not_picked":["Prepared","Eviscerate","Dagger Throw"],"picked":"SKIP","floor":14.0},{"not_picked":["Grand Finale","Glass Knife"],"picked":"Venomology","floor":16.0},{"not_picked":["Deadly Poison","Underhanded Strike"],"picked":"Dodge and Roll","floor":18.0},{"not_picked":["Dagger Throw","PiercingWail"],"picked":"Acrobatics","floor":20.0},{"not_picked":["Slice","Underhanded Strike"],"picked":"Escape Plan","floor":22.0},{"not_picked":["Unload","Cloak And Dagger","Underhanded Strike"],"picked":"SKIP","floor":24.0},{"not_picked":["Blade Dance","Crippling Poison","Quick Slash+1"],"picked":"SKIP","floor":28.0},{"not_picked":["Dagger Spray","Crippling Poison","Deadly Poison"],"picked":"SKIP","floor":35.0},{"not_picked":["Deflect","Prepared"],"picked":"Escape Plan","floor":36.0},{"not_picked":["Concentrate","Terror+1"],"picked":"Cloak And Dagger+1","floor":38},{"not_picked":["Deflect","Footwork"],"picked":"Dodge and Roll+1","floor":39},{"not_picked":["Sucker Punch+1","Outmaneuver","Quick Slash+1"],"picked":"SKIP","floor":41},{"not_picked":["Sucker Punch+1","Outmaneuver","Quick Slash+1"],"picked":"SKIP","floor":41},{"not_picked":["Acrobatics","Dagger Spray"],"picked":"Backflip","floor":42},{"not_picked":["Footwork","Poisoned Stab"],"picked":"Acrobatics+1","floor":44},{"not_picked":["Escape Plan","Flechettes","Acrobatics"],"picked":"SKIP","floor":45},{"not_picked":["Corpse Explosion","Crippling Poison","Accuracy"],"picked":"Leg Sweep","floor":47}],"player_experience":1053700,"relics_obtained":[{"floor":7.0,"key":"Incense Burner"},{"floor":9.0,"key":"StoneCalendar"},{"floor":10.0,"key":"Oddly Smooth Stone"},{"floor":13.0,"key":"Tiny Chest"},{"floor":24.0,"key":"Ginger"},{"floor":28.0,"key":"Ornamental Fan"},{"floor":31.0,"key":"The Specimen"},{"floor":36.0,"key":"Ice Cream"},{"floor":42,"key":"Centennial Puzzle"},{"floor":43,"key":"Bottled Tornado"},{"floor":45,"key":"Question Card"},{"floor":46,"key":"Toy Ornithopter"},{"floor":47,"key":"InkBottle"},{"floor":48,"key":"Pantograph"}],"event_choices":[{"damage_healed":0.0,"max_hp_gain":0.0,"max_hp_loss":0.0,"gold_gain":0.0,"cards_transformed":["Strike_G"],"event_name":"Living Wall","player_choice":"Change","floor":2.0,"gold_loss":0.0,"damage_taken":0.0,"cards_obtained":["Expertise"]},{"damage_healed":0.0,"max_hp_gain":0.0,"max_hp_loss":0.0,"gold_gain":75.0,"event_name":"World of Goop","player_choice":"Gather Gold","floor":5.0,"gold_loss":0.0,"damage_taken":11.0},{"damage_healed":0.0,"max_hp_gain":0.0,"max_hp_loss":0.0,"gold_gain":0.0,"event_name":"FaceTrader","player_choice":"Trade","floor":21.0,"gold_loss":0.0,"damage_taken":0.0,"relics_obtained":["GremlinMask"]},{"damage_healed":0.0,"max_hp_gain":0.0,"max_hp_loss":33.0,"gold_gain":0.0,"event_name":"Ghosts","player_choice":"Became a Ghost","floor":30.0,"gold_loss":0.0,"damage_taken":0.0,"cards_obtained":["Ghostly","Ghostly","Ghostly"]},{"damage_healed":0.0,"max_hp_gain":0.0,"max_hp_loss":0.0,"gold_gain":0.0,"event_name":"Mysterious Sphere","player_choice":"Fight","floor":36.0,"gold_loss":0.0,"damage_taken":0.0},{"damage_healed":0.0,"max_hp_gain":0.0,"max_hp_loss":0.0,"gold_gain":0.0,"event_name":"Accursed Blacksmith","player_choice":"Forge","floor":37.0,"gold_loss":0.0,"damage_taken":0.0,"cards_upgraded":["Ghostly"]}],"is_beta":false,"boss_relics":[{"not_picked":["Astrolabe","SacredBark"],"picked":"Coffee Dripper"},{"not_picked":["Philosopher\u0027s Stone","Runic Dome"],"picked":"Pandora\u0027s Box"}],"items_purged_floors":[19,29],"is_endless":false,"potions_floor_spawned":[3,7,10,13,16,18,20,35,42,44,45],"killed_by":"Time Eater","ascension_level":20}}