{"host":"t7mx8yfj1no5p62f","time":1611187823,"event":{"mods":["BaseMod","Bestiary","Colored Map","Colored Powertips","Minty Spire (QoL Compilation)","Relic Stats","StSLib"],"gold_per_floor":[118,129,145,145,170,170,211,227,227,227,261,261,261,277,277,277,277],"floor_reached":16,"language":"ENG","playtime":435,"items_purged":[],"score":224,"play_id":"8f5da4b6-0fa5-438d-a7f6-bc2a98bd134e","local_time":"20210120191023","is_ascension_mode":true,"campfire_choices":[{"data":"Carnage","floor":6,"key":"SMITH"},{"floor":10,"key":"REST"},{"data":"Inflame","floor":12,"key":"SMITH"},{"data":"True Grit","floor":15,"key":"SMITH"}],"circlet_count":0,"master_deck":["AscendersBane","Strike_R","Strike_R","Strike_R","Strike_R","Strike_R","Defend_R","Defend_R","Defend_R","Defend_R","Bash","Twin Strike","Anger","Cleave","Carnage+1","Burning Pact","Power Through","Inflame+1","True Grit+1"],"relics":["Burning Blood","Peace Pipe","Golden Idol","Pen Nib","Ancient Tea Set","Lantern","Eternal Feather"],"acts_visited":["Exordium"],"potions_floor_usage":[7,8],"damage_taken":[{"damage":23,"enemies":"Jaw Worm","floor":1,"turns":7},{"damage":9,"enemies":"2 Louse","floor":2,"turns":2},{"damage":7,"enemies":"Small Slimes","floor":3,"turns":4},{"damage":7,"enemies":"Exordium Wildlife","floor":5,"turns":4},{"damage":25,"enemies":"3 Sentries","floor":7,"turns":7},{"damage":14,"enemies":"Exordium Thugs","floor":8,"turns":6},{"damage":11,"enemies":"Gremlin Nob","floor":11,"turns":3},{"damage":0,"enemies":"Blue Slaver","floor":14,"turns":3},{"damage":21,"enemies":"The Guardian","floor":16,"turns":8}],"seed_played":"6063460804767500112","potions_obtained":[{"floor":1,"key":"SpeedPotion"},{"floor":5,"key":"Explosive Potion"},{"floor":14,"key":"Dexterity Potion"}],"is_trial":false,"path_per_floor":["M","M","M","?","M","R","E","M","T","R","E","R","?","M","R","B"],"character_chosen":"IRONCLAD","items_purchased":[],"campfire_rested":1,"item_purchase_floors":[],"current_hp_per_floor":[51,48,47,47,46,46,27,19,19,37,32,32,6,12,21,0,0],"gold":277,"neow_bonus":"ONE_RARE_RELIC","is_daily":false,"chose_seed":false,"campfire_upgraded":3,"win_rate":0.0,"timestamp":1611187823,"path_taken":["M","M","M","?","M","R","E","M","T","R","E","R","?","M","R","BOSS"],"items_purchased_type":[],"build_version":"2020-12-22","purchased_purges":0,"victory":false,"max_hp_per_floor":[68,68,68,62,62,62,62,62,62,62,62,62,62,62,62,62,62],"relic_stats":{"Peace Pipe":0,"counters":[9,44],"Golden Idol":26,"Eternal Feather":9,"Pen Nib":[3],"obtain_stats":[{"Peace Pipe":0,"Lantern":11,"Golden Idol":4,"Eternal Feather":13,"Pen Nib":7,"Ancient Tea Set":9,"Burning Blood":0},{"Peace Pipe":0,"Lantern":7,"Golden Idol":3,"Eternal Feather":7,"Pen Nib":5,"Ancient Tea Set":6,"Burning Blood":0},{"Peace Pipe":0,"Lantern":33,"Golden Idol":13,"Eternal Feather":33,"Pen Nib":24,"Ancient Tea Set":30,"Burning Blood":0}],"Burning Blood":48},"card_choices":[{"not_picked":["Hemokinesis","Clash"],"picked":"Twin Strike","floor":1},{"not_picked":["Flex","Dual Wield","Anger"],"picked":"SKIP","floor":2},{"not_picked":["Flex","Dual Wield"],"picked":"Anger","floor":2},{"not_picked":["Dual Wield","Twin Strike"],"picked":"Cleave","floor":3},{"not_picked":["Twin Strike","Bludgeon"],"picked":"Carnage","floor":5},{"not_picked":["Perfected Strike","Dark Embrace"],"picked":"Burning Pact","floor":7},{"not_picked":["Dropkick","Heavy Blade"],"picked":"Power Through","floor":8},{"not_picked":["Whirlwind","Brutality"],"picked":"Inflame","floor":11},{"not_picked":["Wild Strike","Blood for Blood"],"picked":"True Grit","floor":14}],"player_experience":1802879,"relics_obtained":[{"floor":7,"key":"Pen Nib"},{"floor":9,"key":"Ancient Tea Set"},{"floor":11,"key":"Lantern"}],"event_choices":[{"damage_healed":0,"gold_gain":0,"player_choice":"Lose Max HP","damage_taken":0,"relics_obtained":["Golden Idol"],"max_hp_gain":0,"max_hp_loss":6,"event_name":"Golden Idol","floor":4,"gold_loss":0},{"damage_healed":0,"gold_gain":0,"player_choice":"Success","damage_taken":26,"relics_obtained":["Eternal Feather"],"max_hp_gain":0,"max_hp_loss":0,"event_name":"Scrap Ooze","floor":13,"gold_loss":0}],"is_beta":false,"boss_relics":[],"items_purged_floors":[],"is_endless":false,"potions_floor_spawned":[1,5,14],"killed_by":"The Guardian","ascension_level":20}}