{"host":"qekv59dthhdg54sz","time":1611216306,"event":{"mods":["AchievementEnabler","BaseMod","Colored Map","DeckTracker","KOR Keyword Fix","Minty Spire (QoL Compilation)","Rare Cards Sparkle","StSLib","SuperFastMode"],"gold_per_floor":[117,132,132,132,132,152,152,152,152,227,239,239,34,51,51,123,123,135,135,135,153,153,153,153,153],"floor_reached":24,"language":"KOR","playtime":388,"items_purged":["Defend_P"],"score":468,"play_id":"9bc9fce6-3ea0-451c-8e34-d35a9489873f","local_time":"20210121170506","is_ascension_mode":true,"campfire_choices":[{"data":"Meditate","floor":7.0,"key":"SMITH"},{"data":"SashWhip","floor":12.0,"key":"SMITH"},{"floor":15.0,"key":"REST"},{"floor":23.0,"key":"REST"}],"circlet_count":0,"master_deck":["AscendersBane","Strike_P","Strike_P+1","Strike_P","Strike_P","Defend_P","Defend_P+1","Defend_P+1","Eruption+1","Vigilance","Meditate+1","SashWhip+1","Swivel","EmptyBody","WheelKick","InnerPeace","LessonLearned","Vengeance","MentalFortress","FearNoEvil"],"relics":["PureWater","NeowsBlessing","Yang","Letter Opener","SlaversCollar"],"acts_visited":["Exordium","TheCity"],"potions_floor_usage":[],"damage_taken":[{"damage":0.0,"enemies":"Small Slimes","floor":1.0,"turns":1.0},{"damage":0.0,"enemies":"Jaw Worm","floor":2.0,"turns":1.0},{"damage":0.0,"enemies":"2 Louse","floor":6.0,"turns":1.0},{"damage":5.0,"enemies":"2 Fungi Beasts","floor":11.0,"turns":2.0},{"damage":0.0,"enemies":"Looter","floor":14.0,"turns":4.0},{"damage":0.0,"enemies":"Slime Boss","floor":16.0,"turns":5.0},{"damage":9.0,"enemies":"Chosen","floor":18.0,"turns":3.0},{"damage":18.0,"enemies":"2 Thieves","floor":21.0,"turns":5.0},{"damage":33,"enemies":"3 Cultists","floor":24,"turns":5}],"seed_played":"9013918867429895172","potions_obtained":[{"floor":1.0,"key":"LiquidBronze"},{"floor":14.0,"key":"PowerPotion"}],"is_trial":false,"path_per_floor":["M","M","?","?","?","M","R","?","T","?","M","R","$","M","R","B",null,"M","?","?","M","?","R","M"],"character_chosen":"WATCHER","items_purchased":["WheelKick","InnerPeace"],"campfire_rested":2,"item_purchase_floors":[13,13],"current_hp_per_floor":[61,61,61,41,63,63,63,45,45,34,29,29,29,29,49,49,63,54,35,35,17,17,38,5,5],"gold":153,"neow_bonus":"THREE_ENEMY_KILL","is_daily":false,"chose_seed":false,"campfire_upgraded":2,"win_rate":0.0,"timestamp":1611216306,"path_taken":["M","M","?","?","?","M","R","?","T","?","M","R","$","M","R","BOSS","M","?","?","M","?","R","?"],"items_purchased_type":["Card","Card"],"build_version":"2020-12-22","purchased_purges":1,"victory":false,"max_hp_per_floor":[68,68,68,68,68,68,68,68,68,68,68,68,68,68,68,68,68,68,73,73,73,73,73,73,73],"card_choices":[{"not_picked":["Swivel","JustLucky"],"picked":"Meditate","floor":1.0},{"not_picked":["WaveOfTheHand","Perseverance"],"picked":"SashWhip","floor":2.0},{"not_picked":["Protect","Conclude"],"picked":"Swivel","floor":6.0},{"not_picked":["FlyingSleeves","LikeWater"],"picked":"EmptyBody","floor":11.0},{"not_picked":["EmptyFist","Halt","ClearTheMind"],"picked":"SKIP","floor":14.0},{"not_picked":["DeusExMachina","Blasphemy"],"picked":"LessonLearned","floor":16.0},{"not_picked":["InnerPeace","ThirdEye"],"picked":"Vengeance","floor":18.0},{"not_picked":["Protect","JustLucky"],"picked":"FearNoEvil","floor":21.0}],"player_experience":793593,"relics_obtained":[{"floor":9.0,"key":"Letter Opener"}],"event_choices":[{"damage_healed":0.0,"max_hp_gain":0.0,"max_hp_loss":0.0,"gold_gain":0.0,"event_name":"Living Wall","player_choice":"Grow","floor":3.0,"gold_loss":0.0,"damage_taken":0.0,"cards_upgraded":["Eruption"]},{"damage_healed":0.0,"max_hp_gain":0.0,"max_hp_loss":0.0,"gold_gain":0.0,"event_name":"Shining Light","player_choice":"Entered Light","floor":4.0,"gold_loss":0.0,"damage_taken":20.0,"cards_upgraded":["Strike_P","Defend_P"]},{"damage_healed":22.0,"max_hp_gain":0.0,"max_hp_loss":0.0,"gold_gain":0.0,"event_name":"Big Fish","player_choice":"Banana","floor":5.0,"gold_loss":0.0,"damage_taken":0.0},{"damage_healed":0.0,"max_hp_gain":0.0,"max_hp_loss":0.0,"gold_gain":0.0,"event_name":"Scrap Ooze","player_choice":"Success","floor":8.0,"gold_loss":0.0,"damage_taken":18.0,"relics_obtained":["Yang"]},{"damage_healed":0.0,"max_hp_gain":0.0,"max_hp_loss":0.0,"gold_gain":75.0,"event_name":"World of Goop","player_choice":"Gather Gold","floor":10.0,"gold_loss":0.0,"damage_taken":11.0},{"damage_healed":0.0,"max_hp_gain":5.0,"max_hp_loss":0.0,"gold_gain":0.0,"event_name":"Forgotten Altar","player_choice":"Shed Blood","floor":19.0,"gold_loss":0.0,"damage_taken":24.0},{"damage_healed":0.0,"max_hp_gain":0.0,"max_hp_loss":0.0,"gold_gain":0.0,"event_name":"The Library","player_choice":"Read","floor":20.0,"gold_loss":0.0,"damage_taken":0.0,"cards_obtained":["MentalFortress"]},{"damage_healed":0.0,"max_hp_gain":0.0,"max_hp_loss":0.0,"gold_gain":0.0,"event_name":"FaceTrader","player_choice":"Leave","floor":22.0,"gold_loss":0.0,"damage_taken":0.0}],"is_beta":false,"boss_relics":[{"not_picked":["Sozu","Snecko Eye"],"picked":"SlaversCollar"}],"items_purged_floors":[13],"is_endless":false,"potions_floor_spawned":[1,14,16],"killed_by":"3 Cultists","ascension_level":20}}