{"host":"sy26bfguqtls01um","time":1611238222,"event":{"mods":["BaseMod","DeckTracker","Hermit","Minty Spire (QoL Compilation)","Random Character Button","StSLib","SuperFastMode","The Hierophant","The Necromancer","The Servant 0.9.4","The Wild Card"],"gold_per_floor":[118,118,43,17,32,65,82,107,161,178,178,192,192,207,207,207,207],"floor_reached":16,"language":"KOR","playtime":9256,"items_purged":[],"score":274,"play_id":"abfb4fe2-4312-42cc-804c-78a6315ef071","local_time":"20210121231022","is_ascension_mode":true,"campfire_choices":[{"floor":11,"key":"REST"},{"data":"TimeWarp","floor":13,"key":"SMITH"},{"floor":15,"key":"REST"}],"circlet_count":0,"master_deck":["AscendersBane","Strike_S","Strike_S","Strike_S","Defend_S","Defend_S","Defend_S","KidneyShot","Exchange","Ricochet+1","TimeWarp+1","TimeWarp+1","Defy","Defy","BottledTime","Contraction"],"relics":["Uniform","NeowsBlessing","The Courier","Whetstone","Dream Catcher"],"acts_visited":["Exordium"],"potions_floor_usage":[8,16,16],"damage_taken":[{"damage":0,"enemies":"Small Slimes","floor":1,"turns":1},{"damage":0,"enemies":"Jaw Worm","floor":5,"turns":1},{"damage":0,"enemies":"3 Sentries","floor":6,"turns":1},{"damage":1,"enemies":"Cultist","floor":7,"turns":4},{"damage":36,"enemies":"Gremlin Nob","floor":8,"turns":5},{"damage":6,"enemies":"3 Louse","floor":10,"turns":4},{"damage":6,"enemies":"Blue Slaver","floor":12,"turns":4},{"damage":18,"enemies":"Exordium Wildlife","floor":14,"turns":4},{"damage":27,"enemies":"The Guardian","floor":16,"turns":17}],"seed_played":"-5794088150886587031","potions_obtained":[{"floor":1,"key":"SneckoOil"},{"floor":5,"key":"EssenceOfSteel"},{"floor":6,"key":"Strength Potion"},{"floor":8,"key":"Swift Potion"}],"is_trial":false,"path_per_floor":["M","?","?","$","M","E","M","E","T","M","R","M","R","M","R","B"],"character_chosen":"THE_SERVANT","items_purchased":["TimeWarp"],"campfire_rested":2,"item_purchase_floors":[4],"current_hp_per_floor":[54,54,54,54,54,54,53,17,17,11,29,23,23,5,23,0,0],"gold":207,"neow_bonus":"THREE_ENEMY_KILL","is_daily":false,"chose_seed":false,"campfire_upgraded":1,"win_rate":0.0,"timestamp":1611238222,"path_taken":["M","?","?","?","M","E","M","E","T","M","R","M","R","M","R","BOSS"],"items_purchased_type":["Card"],"build_version":"2020-12-22","purchased_purges":0,"victory":false,"max_hp_per_floor":[60,60,60,60,60,60,60,60,60,60,60,60,60,60,60,60,60],"card_choices":[{"not_picked":["Revamp","MoonPhase"],"picked":"Ricochet","floor":1},{"not_picked":["Ricochet","Spin","Snipe"],"picked":"SKIP","floor":5},{"not_picked":["ReturningBlade","Rearm"],"picked":"TimeWarp","floor":6},{"not_picked":["Potential","BottledTime"],"picked":"Defy","floor":7},{"not_picked":["SurpressingFire","Sabotage"],"picked":"Defy","floor":8},{"not_picked":["Starlight","Unruled","Snipe"],"picked":"SKIP","floor":10},{"not_picked":["Revamp","Spin"],"picked":"BottledTime","floor":12},{"not_picked":["RealityMarble","Sabotage","Rewind"],"picked":"SKIP","floor":14},{"not_picked":["Replace","Spin"],"picked":"Contraction","floor":15}],"player_experience":1873105,"relics_obtained":[{"floor":6,"key":"The Courier"},{"floor":8,"key":"Whetstone"},{"floor":9,"key":"Dream Catcher"}],"event_choices":[{"cards_removed":["Strike_S"],"damage_healed":0,"gold_gain":0,"player_choice":"Forget","damage_taken":0,"max_hp_gain":0,"max_hp_loss":0,"event_name":"Living Wall","floor":2,"gold_loss":0},{"cards_removed":["Defend_S"],"damage_healed":0,"gold_gain":0,"player_choice":"Card Removal","damage_taken":0,"max_hp_gain":0,"max_hp_loss":0,"event_name":"The Cleric","floor":3,"gold_loss":75}],"is_beta":false,"boss_relics":[],"items_purged_floors":[],"is_endless":false,"potions_floor_spawned":[1,5,6,8],"killed_by":"The Guardian","ascension_level":20}}