{"host":"lv7etzzgwahaenh9","time":1611213770,"event":{"mods":["AchievementEnabler","BaseMod","Colored Map","Colored Powertips","Highlight Path","Minty Spire (QoL Compilation)","Permanent Neow","Quick Restart","Random Character Button","StSLib"],"gold_per_floor":[116,126,137,155,155,187,187,207,207,233,233,233,247,266,266,365,365,378,378,8,21,31,56,56,86,86,98,98,23,56,67,67,170,170,187,187,203,203,213,213,241,253,253,253,253,307,307,34,34,34],"floor_reached":51,"language":"ENG","playtime":2656,"items_purged":["Rebound","Reboot"],"score":1026,"play_id":"fc2bfa3b-1f6c-441e-b830-a16f066c3e82","local_time":"20210120232250","is_ascension_mode":true,"campfire_choices":[{"floor":7.0,"key":"REST"},{"floor":12.0,"key":"REST"},{"data":"Dualcast","floor":15.0,"key":"SMITH"},{"floor":28.0,"key":"REST"},{"data":"Fission","floor":32.0,"key":"SMITH"},{"data":"Seek","floor":40,"key":"SMITH"},{"data":"Self Repair","floor":44,"key":"SMITH"},{"floor":47,"key":"DIG"},{"floor":49,"key":"DIG"}],"circlet_count":0,"master_deck":["Zap+1","Dualcast+1","Self Repair+1","Rip and Tear+1","Ball Lightning","Consume+1","Conserve Battery","Steam","Cold Snap","Glacier","Fission+1","Blizzard","Glacier","Chill","Defragment+1","Seek+1","Recycle+1","Hologram+1","Blizzard+1"],"relics":["Cracked Core","Bronze Scales","Bottled Tornado","Letter Opener","Pandora\u0027s Box","Strawberry","Lantern","Pen Nib","Potion Belt","Bottled Flame","Frozen Egg 2","SacredBark","Regal Pillow","Singing Bowl","Shovel","Nunchaku","Sundial"],"acts_visited":["Exordium","TheCity","TheBeyond"],"potions_floor_usage":[41,41,46,50,50,50,50],"damage_taken":[{"damage":3.0,"enemies":"2 Louse","floor":1.0,"turns":3.0},{"damage":3.0,"enemies":"Small Slimes","floor":2.0,"turns":4.0},{"damage":1.0,"enemies":"Cultist","floor":3.0,"turns":3.0},{"damage":12.0,"enemies":"2 Fungi Beasts","floor":4.0,"turns":2.0},{"damage":25.0,"enemies":"Lagavulin","floor":6.0,"turns":5.0},{"damage":12.0,"enemies":"Looter","floor":8.0,"turns":3.0},{"damage":33.0,"enemies":"3 Sentries","floor":10.0,"turns":4.0},{"damage":4.0,"enemies":"Red Slaver","floor":13.0,"turns":3.0},{"damage":8.0,"enemies":"Exordium Wildlife","floor":14.0,"turns":3.0},{"damage":13.0,"enemies":"Hexaghost","floor":16.0,"turns":7.0},{"damage":0.0,"enemies":"Spheric Guardian","floor":18.0,"turns":3.0},{"damage":0.0,"enemies":"3 Byrds","floor":21.0,"turns":3.0},{"damage":3.0,"enemies":"Shelled Parasite and Fungi","floor":22.0,"turns":6.0},{"damage":51.0,"enemies":"Gremlin Leader","floor":23.0,"turns":5.0},{"damage":32.0,"enemies":"Slavers","floor":25.0,"turns":4.0},{"damage":0.0,"enemies":"Snake Plant","floor":27.0,"turns":3.0},{"damage":8.0,"enemies":"Book of Stabbing","floor":30.0,"turns":6.0},{"damage":0.0,"enemies":"Sentry and Sphere","floor":31.0,"turns":4.0},{"damage":20,"enemies":"Champ","floor":33,"turns":15},{"damage":0,"enemies":"Orb Walker","floor":35,"turns":4},{"damage":3,"enemies":"3 Shapes","floor":37,"turns":3},{"damage":0,"enemies":"Sphere and 2 Shapes","floor":39,"turns":9},{"damage":27,"enemies":"Nemesis","floor":41,"turns":7},{"damage":4,"enemies":"3 Darklings","floor":42,"turns":6},{"damage":0,"enemies":"2 Orb Walkers","floor":46,"turns":2},{"damage":57,"enemies":"Time Eater","floor":50,"turns":10}],"seed_played":"-7045558173348318542","potions_obtained":[{"floor":1.0,"key":"EssenceOfSteel"},{"floor":3.0,"key":"PowerPotion"},{"floor":6.0,"key":"GamblersBrew"},{"floor":10.0,"key":"EssenceOfDarkness"},{"floor":16.0,"key":"FocusPotion"},{"floor":21.0,"key":"LiquidBronze"},{"floor":23.0,"key":"Strength Potion"},{"floor":27.0,"key":"ColorlessPotion"},{"floor":30.0,"key":"SpeedPotion"},{"floor":33,"key":"PowerPotion"},{"floor":37,"key":"CultistPotion"},{"floor":42,"key":"DistilledChaos"},{"floor":46,"key":"Dexterity Potion"}],"is_trial":false,"path_per_floor":["M","M","M","M","?","E","R","M","T","E","?","R","M","M","R","B",null,"M","?","$","M","M","E","?","E","T","M","R","$","E","M","R","B",null,"M","?","M","?","M","R","E","M","T","R","?","?","R","$","R","B",null],"character_chosen":"DEFECT","items_purchased":["Blizzard","Strawberry","Lantern","CultistPotion","DuplicationPotion"],"campfire_rested":3,"item_purchase_floors":[20,20,20,48,48],"current_hp_per_floor":[47,51,57,52,37,19,41,36,36,10,10,32,35,34,34,28,63,70,70,77,77,81,37,37,12,12,19,43,43,42,49,49,36,71,78,78,82,82,82,82,62,58,58,58,58,70,70,70,70,23],"gold":34,"neow_bonus":"REMOVE_TWO","is_daily":false,"chose_seed":false,"campfire_upgraded":4,"win_rate":0.0,"timestamp":1611213770,"path_taken":["M","M","M","M","?","E","R","M","T","E","?","R","?","M","R","BOSS","M","?","$","M","M","E","?","E","T","M","R","$","E","?","R","BOSS","M","?","M","?","M","R","E","?","T","R","?","?","R","?","R","BOSS"],"items_purchased_type":["Card","Relic","Relic","Potion","Potion"],"build_version":"2020-12-22","purchased_purges":2,"victory":true,"max_hp_per_floor":[75,75,75,75,75,75,75,75,75,75,75,75,75,75,75,75,75,75,75,82,82,82,82,82,82,82,82,82,82,82,82,82,82,82,82,82,82,82,82,82,82,82,82,82,82,84,84,84,84,84],"card_choices":[{"not_picked":["Static Discharge","Recycle"],"picked":"Self Repair","floor":1.0},{"not_picked":["Conserve Battery","Heatsinks"],"picked":"Rip and Tear","floor":2.0},{"not_picked":["Barrage","Stack"],"picked":"Rebound","floor":3.0},{"not_picked":["Streamline","Barrage"],"picked":"Ball Lightning","floor":4.0},{"not_picked":["Defragment","Redo"],"picked":"Consume","floor":6.0},{"not_picked":["Barrage","Multi-Cast"],"picked":"Conserve Battery","floor":8.0},{"not_picked":["Conserve Battery","Go for the Eyes"],"picked":"Steam","floor":10.0},{"not_picked":["Storm","Coolheaded"],"picked":"Cold Snap","floor":13.0},{"not_picked":["Barrage","Cold Snap"],"picked":"Glacier","floor":14.0},{"not_picked":["Machine Learning","Creative AI"],"picked":"Fission","floor":16.0},{"not_picked":["Redo","FTL"],"picked":"Hologram+1","floor":18.0},{"not_picked":["Barrage+1","Compile Driver+1","Go for the Eyes"],"picked":"SKIP","floor":21.0},{"not_picked":["Leap","Darkness","Streamline"],"picked":"SKIP","floor":22.0},{"not_picked":["Blizzard","Meteor Strike","Hologram"],"picked":"SKIP","floor":23.0},{"not_picked":["Static Discharge","Beam Cell"],"picked":"Chill","floor":25.0},{"not_picked":["Stack","Sweeping Beam","Turbo"],"picked":"SKIP","floor":27.0},{"not_picked":["Turbo","Hologram","Hyperbeam"],"picked":"SKIP","floor":30.0},{"not_picked":["Turbo","Hello World+1"],"picked":"Defragment+1","floor":31.0},{"not_picked":["Creative AI+1","Hyperbeam"],"picked":"Seek","floor":33},{"not_picked":["Conserve Battery+1","Scrape"],"picked":"Recycle+1","floor":35},{"not_picked":["Turbo+1","Redo"],"picked":"Hologram+1","floor":37},{"not_picked":["Rebound","Stack"],"picked":"Blizzard+1","floor":39},{"not_picked":["Cold Snap","Streamline"],"picked":"Reboot","floor":41},{"not_picked":["Storm+1","Tempest+1","Leap+1"],"picked":"SKIP","floor":42},{"not_picked":["Hologram+1","Rip and Tear","Ball Lightning+1"],"picked":"Singing Bowl","floor":46}],"player_experience":306225,"relics_obtained":[{"floor":6.0,"key":"Bronze Scales"},{"floor":9.0,"key":"Bottled Tornado"},{"floor":10.0,"key":"Letter Opener"},{"floor":23.0,"key":"Pen Nib"},{"floor":25.0,"key":"Potion Belt"},{"floor":26.0,"key":"Bottled Flame"},{"floor":30.0,"key":"Frozen Egg 2"},{"floor":41,"key":"Regal Pillow"},{"floor":43,"key":"Singing Bowl"},{"floor":46,"key":"Shovel"},{"floor":47,"key":"Nunchaku"},{"floor":49,"key":"Sundial"}],"event_choices":[{"damage_healed":0.0,"max_hp_gain":0.0,"max_hp_loss":0.0,"gold_gain":0.0,"event_name":"Shining Light","player_choice":"Entered Light","floor":5.0,"gold_loss":0.0,"damage_taken":15.0,"cards_upgraded":["Rip and Tear","Strike_B"]},{"damage_healed":0.0,"max_hp_gain":0.0,"max_hp_loss":0.0,"gold_gain":0.0,"event_name":"Upgrade Shrine","player_choice":"Upgraded","floor":11.0,"gold_loss":0.0,"damage_taken":0.0,"cards_upgraded":["Zap"]},{"damage_healed":0.0,"max_hp_gain":0.0,"max_hp_loss":0.0,"gold_gain":0.0,"event_name":"Ghosts","player_choice":"Ignored","floor":19.0,"gold_loss":0.0,"damage_taken":0.0},{"damage_healed":0.0,"max_hp_gain":0.0,"max_hp_loss":0.0,"gold_gain":0.0,"event_name":"Duplicator","player_choice":"Copied","floor":24.0,"gold_loss":0.0,"damage_taken":0.0,"cards_obtained":["Glacier"]},{"cards_removed":["Hologram"],"damage_healed":0,"gold_gain":0,"player_choice":"Removed Skill","damage_taken":0,"max_hp_gain":0,"max_hp_loss":0,"event_name":"Falling","floor":36,"gold_loss":0},{"damage_healed":0,"gold_gain":0,"player_choice":"Upgraded","damage_taken":0,"max_hp_gain":0,"max_hp_loss":0,"event_name":"Upgrade Shrine","floor":38,"gold_loss":0,"cards_upgraded":["Consume"]},{"damage_healed":0,"gold_gain":0,"player_choice":"Ignored","damage_taken":0,"max_hp_gain":0,"max_hp_loss":0,"event_name":"Tomb of Lord Red Mask","floor":45,"gold_loss":0},{"damage_healed":0,"gold_gain":0,"player_choice":"Fight","damage_taken":0,"max_hp_gain":0,"max_hp_loss":0,"event_name":"Mysterious Sphere","floor":46,"gold_loss":0}],"is_beta":false,"boss_relics":[{"not_picked":["Calling Bell","Inserter"],"picked":"Pandora\u0027s Box"},{"not_picked":["Nuclear Battery","Fusion Hammer"],"picked":"SacredBark"}],"items_purged_floors":[29,48],"is_endless":false,"potions_floor_spawned":[1,3,6,10,16,21,23,27,30,33,37,42,46],"ascension_level":8}}