{"host":"yfdtuf6ojcxn06xg","time":1611195146,"event":{"mods":["2.2 Compatiblity","AchievementEnabler","BaseMod","Colored Map","Colored Powertips","Curses Come First","Hermit","JesterMod","Jorbs\u0027s Wanderer Trilogy","Minty Spire (QoL Compilation)","Quick Restart","Rare Cards Sparkle","Relic Stats","Replay The Spire","StSLib","The Cursed","The Disciple","The Hierophant","The Jungle","The Marked","The Necromancer","The Servant 0.9.4"],"gold_per_floor":[112,112,37,37,54,80,80,9,9,9,9,9,40,40,40,40,40],"floor_reached":16,"language":"ENG","playtime":295,"items_purged":["hermit:Strike_Hermit"],"score":135,"play_id":"6d407b83-4b8e-4411-8d96-625143873e8f","local_time":"20210120211226","is_ascension_mode":true,"campfire_choices":[{"data":"hermit:Covet","floor":7,"key":"SMITH"},{"floor":12,"key":"RECALL"},{"data":"hermit:Determination","floor":15,"key":"SMITH"},{"data":"hermit:FlashPowder","floor":15,"key":"SMITH"}],"circlet_count":0,"master_deck":["hermit:Strike_Hermit","hermit:Strike_Hermit","hermit:Strike_Hermit","hermit:Defend_Hermit","hermit:Defend_Hermit","hermit:Defend_Hermit","hermit:Defend_Hermit","hermit:Snapshot","hermit:Covet+1","hermit:Misfire","Pain","hermit:Misfire","hermit:Determination+1","hermit:FlashPowder+1"],"relics":["hermit:Momento","NeowsBlessing","WarpedTongs","Blue Candle","Replay:Arrowhead","NlothsMask","ReplayTheSpireMod:Ninjato"],"acts_visited":["Exordium"],"potions_floor_usage":[16],"damage_taken":[{"damage":0,"enemies":"Small Slimes","floor":1,"turns":1},{"damage":0,"enemies":"2 Louse","floor":5,"turns":1},{"damage":0,"enemies":"3 Sentries","floor":6,"turns":1},{"damage":25,"enemies":"Gremlin Nob","floor":13,"turns":4},{"damage":56,"enemies":"The Guardian","floor":16,"turns":8}],"seed_played":"3761913922491642273","potions_obtained":[{"floor":13,"key":"BlessingOfTheForge"}],"is_trial":false,"path_per_floor":["M","?","$","?","M","E","R","$","T","?","$","R","E","?","R","B"],"character_chosen":"HERMIT","items_purchased":["hermit:Determination"],"campfire_rested":0,"item_purchase_floors":[8],"current_hp_per_floor":[75,80,80,80,80,80,80,80,80,80,80,80,55,55,55,0,0],"gold":40,"neow_bonus":"THREE_ENEMY_KILL","is_daily":false,"chose_seed":false,"campfire_upgraded":3,"win_rate":0.0,"timestamp":1611195146,"path_taken":["M","?","$","?","?","E","R","$","T","?","?","R","E","?","R","BOSS"],"items_purchased_type":["Card"],"build_version":"2020-12-22","purchased_purges":1,"victory":false,"max_hp_per_floor":[75,80,80,80,80,80,80,80,80,80,80,80,80,80,80,80,80],"relic_stats":{"counters":[5,15],"Blue Candle":[0],"obtain_stats":[{"ReplayTheSpireMod:Ninjato":13,"NeowsBlessing":0,"Blue Candle":6,"hermit:Momento":0,"Replay:Arrowhead":9,"WarpedTongs":4,"NlothsMask":10},{"ReplayTheSpireMod:Ninjato":4,"NeowsBlessing":0,"Blue Candle":3,"hermit:Momento":0,"Replay:Arrowhead":3,"WarpedTongs":1,"NlothsMask":3},{"ReplayTheSpireMod:Ninjato":7,"NeowsBlessing":0,"Blue Candle":3,"hermit:Momento":0,"Replay:Arrowhead":3,"WarpedTongs":1,"NlothsMask":3}],"WarpedTongs":[11]},"card_choices":[{"not_picked":["hermit:Dive","hermit:Headshot"],"picked":"hermit:Misfire","floor":1},{"not_picked":["hermit:WideOpen","hermit:Coalescence","hermit:HighCaliber"],"picked":"SKIP","floor":5},{"not_picked":["hermit:HighNoon","hermit:Showdown"],"picked":"hermit:Misfire","floor":6},{"not_picked":["hermit:Shortfuse","hermit:LowProfile"],"picked":"hermit:FlashPowder","floor":13}],"player_experience":214428,"relics_obtained":[{"floor":6,"key":"Blue Candle"},{"floor":9,"key":"Replay:Arrowhead"},{"floor":13,"key":"ReplayTheSpireMod:Ninjato"}],"event_choices":[{"damage_healed":0,"gold_gain":0,"player_choice":"Donut","damage_taken":0,"max_hp_gain":5,"max_hp_loss":0,"event_name":"Big Fish","floor":2,"gold_loss":0},{"damage_healed":0,"gold_gain":0,"player_choice":"Rummage","damage_taken":0,"relics_obtained":["WarpedTongs"],"max_hp_gain":0,"max_hp_loss":0,"event_name":"Accursed Blacksmith","floor":4,"gold_loss":0,"cards_obtained":["Pain"]},{"damage_healed":0,"gold_gain":0,"player_choice":"Trade","damage_taken":0,"relics_obtained":["NlothsMask"],"max_hp_gain":0,"max_hp_loss":0,"event_name":"FaceTrader","floor":10,"gold_loss":0},{"damage_healed":0,"gold_gain":0,"player_choice":"Ignored","damage_taken":0,"max_hp_gain":0,"max_hp_loss":0,"event_name":"Fountain of Cleansing","floor":14,"gold_loss":0}],"is_beta":false,"boss_relics":[],"items_purged_floors":[3],"is_endless":false,"potions_floor_spawned":[13],"killed_by":"The Guardian","ascension_level":1}}