{"host":"auzdvixyoignpx0j","time":1611220029,"event":{"mods":["BaseMod","Better Altar","Better Skull","Better Third Choice","Colored Powertips","Googly Eyes","Minty Spire (QoL Compilation)","Spicy Shops","StSLib","The IronCluck"],"gold_per_floor":[119,7,7,7,7,47,47,86,86,110,189,117,142,161,161,289,289,305,305,305,355,380,424,424,424],"floor_reached":24,"language":"ENG","playtime":1483,"items_purged":[],"score":286,"play_id":"0e45dfd1-6d45-485a-9220-4e1786d0aff5","local_time":"20210121010709","is_ascension_mode":true,"campfire_choices":[{"data":"Bash","floor":7,"key":"SMITH"},{"data":"Armaments","floor":15,"key":"SMITH"}],"circlet_count":0,"master_deck":["Strike_R","Strike_R","Strike_R","Strike_R","Strike_R","Defend_R","Defend_R","Defend_R","Defend_R","Bash+1","Shrug It Off","Heavy Blade","Finesse","Burn","Armaments+1","Clash","Evolve","Wild Strike","Dual Wield","Cleave","Demon Form","Sword Boomerang","Iron Wave+1"],"relics":["Burning Blood","NeowsBlessing","InkBottle","Golden Idol","Red Skull","Gambling Chip","Eternal Feather","HornCleat","Cursed Key","Self Forming Clay","Turnip"],"acts_visited":["Exordium","TheCity"],"potions_floor_usage":[16,16,23,23],"damage_taken":[{"damage":0,"enemies":"Cultist","floor":1,"turns":1},{"damage":0,"enemies":"Lagavulin","floor":6,"turns":1},{"damage":0,"enemies":"Gremlin Nob","floor":8,"turns":1},{"damage":3,"enemies":"Jaw Worm","floor":10,"turns":3},{"damage":3,"enemies":"2 Louse","floor":13,"turns":2},{"damage":9,"enemies":"Looter","floor":14,"turns":4},{"damage":74,"enemies":"The Guardian","floor":16,"turns":14},{"damage":20,"enemies":"2 Thieves","floor":18,"turns":4},{"damage":19,"enemies":"Spheric Guardian","floor":22,"turns":4},{"damage":48,"enemies":"Slavers","floor":23,"turns":6},{"damage":11,"enemies":"3 Cultists","floor":24,"turns":4}],"seed_played":"7421604992524598329","potions_obtained":[{"floor":6,"key":"FearPotion"},{"floor":13,"key":"SpeedPotion"},{"floor":14,"key":"DuplicationPotion"},{"floor":16,"key":"SkillPotion"},{"floor":22,"key":"Block Potion"},{"floor":23,"key":"Fire Potion"}],"is_trial":false,"path_per_floor":["M","$","T","?","?","E","R","E","T","M","T","$","M","M","R","B",null,"M","?","?","?","M","E","M"],"character_chosen":"IRONCLAD","items_purchased":["Heavy Blade","Finesse","Wild Strike"],"campfire_rested":0,"item_purchase_floors":[2,2,12],"current_hp_per_floor":[80,80,80,60,60,66,66,72,72,75,75,75,78,75,80,12,80,66,66,66,66,53,11,0,0],"gold":424,"neow_bonus":"THREE_ENEMY_KILL","is_daily":false,"chose_seed":false,"campfire_upgraded":2,"win_rate":0.0,"timestamp":1611220029,"path_taken":["M","$","?","?","?","E","R","E","T","M","?","$","M","M","R","BOSS","M","?","?","?","M","E","M"],"items_purchased_type":["Card","Card","Card"],"build_version":"2020-12-22","purchased_purges":0,"victory":false,"max_hp_per_floor":[80,80,80,80,80,80,80,80,80,80,80,80,80,80,80,80,80,80,80,80,80,80,80,80,80],"card_choices":[{"not_picked":["Headbutt","Body Slam"],"picked":"Shrug It Off","floor":1},{"not_picked":["Impervious","Wild Strike"],"picked":"Armaments","floor":6},{"not_picked":["Dark Embrace","Seeing Red"],"picked":"Clash","floor":8},{"not_picked":["Pummel","Wild Strike"],"picked":"Evolve","floor":10},{"not_picked":["Body Slam","Disarm"],"picked":"Dual Wield","floor":13},{"not_picked":["Heavy Blade","Armaments"],"picked":"Cleave","floor":14},{"not_picked":["Reaper","Exhume"],"picked":"Demon Form","floor":16},{"not_picked":["Flex+1","Thunderclap+1"],"picked":"Sword Boomerang","floor":18},{"not_picked":["Thunderclap","Twin Strike"],"picked":"Iron Wave+1","floor":22},{"not_picked":["Body Slam+1","Flex","Shrug It Off"],"picked":"SKIP","floor":23}],"player_experience":379191,"relics_obtained":[{"floor":3,"key":"InkBottle"},{"floor":6,"key":"Red Skull"},{"floor":8,"key":"Gambling Chip"},{"floor":9,"key":"Eternal Feather"},{"floor":11,"key":"HornCleat"},{"floor":23,"key":"Turnip"}],"event_choices":[{"damage_healed":0,"gold_gain":0,"player_choice":"Take Damage","damage_taken":20,"relics_obtained":["Golden Idol"],"max_hp_gain":0,"max_hp_loss":0,"event_name":"Golden Idol","floor":4,"gold_loss":0},{"damage_healed":60,"gold_gain":0,"player_choice":"Embrace Burn","damage_taken":0,"max_hp_gain":0,"max_hp_loss":80,"event_name":"betterThird:BetterShining","floor":5,"gold_loss":0},{"damage_healed":0,"gold_gain":0,"player_choice":"Opened","damage_taken":0,"relics_obtained":["Self Forming Clay"],"max_hp_gain":0,"max_hp_loss":0,"event_name":"The Mausoleum","floor":19,"gold_loss":0},{"damage_healed":0,"gold_gain":0,"player_choice":"Ignored","damage_taken":0,"max_hp_gain":0,"max_hp_loss":0,"event_name":"Vampires","floor":20,"gold_loss":0},{"damage_healed":0,"gold_gain":100,"player_choice":"Bet on Murderer","damage_taken":0,"max_hp_gain":0,"max_hp_loss":0,"event_name":"The Joust","floor":21,"gold_loss":50}],"is_beta":false,"boss_relics":[{"not_picked":["Runic Cube","SacredBark"],"picked":"Cursed Key"}],"items_purged_floors":[],"is_endless":false,"potions_floor_spawned":[6,13,14,16,22,23],"killed_by":"3 Cultists","ascension_level":1}}