{"host":"d9m9v0h6vo0edadb","time":1611235327,"event":{"mods":["BaseMod","Hermit","Keyboard Shortcuts","Minty Spire (QoL Compilation)","StSLib","SuperFastMode","The Cursed"],"gold_per_floor":[18,38,38,54,54,54,85,85,85,119,142,142,175,193,193,292,292,275,298,321,321,246,277,277,313,313,331,362,377,377,401,401,496,496,512,531,546,357,690,690,745,745,790,809,829,541,552,582,582,582,582],"floor_reached":50,"language":"KOR","playtime":1175,"items_purged":["Strike_G","Strike_G","Strike_G"],"score":1433,"play_id":"25ed7c9c-c8d1-4bea-8160-603d47554e0a","local_time":"20210121222207","is_ascension_mode":true,"campfire_choices":[{"data":"Venomology","floor":6.0,"key":"SMITH"},{"data":"Noxious Fumes","floor":8.0,"key":"SMITH"},{"floor":12.0,"key":"REST"},{"data":"Dagger Throw","floor":15.0,"key":"SMITH"},{"data":"Burst","floor":24.0,"key":"SMITH"},{"data":"Noxious Fumes","floor":30.0,"key":"SMITH"},{"floor":32.0,"key":"REST"},{"floor":40.0,"key":"REST"},{"data":"Catalyst","floor":42.0,"key":"SMITH"},{"floor":49,"key":"REST"}],"circlet_count":0,"master_deck":["AscendersBane","Strike_G+1","Strike_G","Defend_G","Defend_G","Defend_G","Defend_G","Defend_G","Survivor+1","Neutralize","Venomology+1","Masterful Stab","Dagger Throw+1","Noxious Fumes+1","Escape Plan","Dagger Throw","Catalyst+1","PiercingWail","Malaise","Poisoned Stab","Poisoned Stab+1","Burst+1","Noxious Fumes+1","Blade Dance","Acrobatics","Blade Dance+1","Flash of Steel","Acrobatics+1"],"relics":["Ring of the Snake","Ninja Scroll","Potion Belt","Regal Pillow","The Specimen","HoveringKite","Bottled Tornado","Question Card","Mummified Hand","Kunai","Lizard Tail","Blood Vial","Snake Skull","Juzu Bracelet"],"acts_visited":["Exordium","TheCity","TheBeyond"],"potions_floor_usage":[48,50,50,50],"damage_taken":[{"damage":3.0,"enemies":"Cultist","floor":1.0,"turns":6.0},{"damage":0.0,"enemies":"2 Louse","floor":2.0,"turns":2.0},{"damage":2.0,"enemies":"Small Slimes","floor":4.0,"turns":4.0},{"damage":0.0,"enemies":"Gremlin Nob","floor":7.0,"turns":3.0},{"damage":12.0,"enemies":"3 Sentries","floor":10.0,"turns":8.0},{"damage":6.0,"enemies":"Exordium Thugs","floor":11.0,"turns":3.0},{"damage":4.0,"enemies":"Lagavulin","floor":13.0,"turns":5.0},{"damage":4.0,"enemies":"Large Slime","floor":14.0,"turns":5.0},{"damage":0.0,"enemies":"Slime Boss","floor":16.0,"turns":4.0},{"damage":1.0,"enemies":"2 Thieves","floor":18.0,"turns":4.0},{"damage":0.0,"enemies":"3 Byrds","floor":19.0,"turns":3.0},{"damage":0.0,"enemies":"Centurion and Healer","floor":20.0,"turns":4.0},{"damage":0.0,"enemies":"Gremlin Leader","floor":23.0,"turns":5.0},{"damage":0.0,"enemies":"Slavers","floor":25.0,"turns":3.0},{"damage":6.0,"enemies":"Snake Plant","floor":27.0,"turns":5.0},{"damage":10.0,"enemies":"Gremlin Leader","floor":28.0,"turns":5.0},{"damage":3.0,"enemies":"Snecko","floor":29.0,"turns":5.0},{"damage":8.0,"enemies":"Centurion and Healer","floor":31.0,"turns":5.0},{"damage":12.0,"enemies":"Champ","floor":33.0,"turns":10.0},{"damage":11.0,"enemies":"3 Darklings","floor":35.0,"turns":7.0},{"damage":20.0,"enemies":"3 Shapes","floor":36.0,"turns":3.0},{"damage":16.0,"enemies":"3 Darklings","floor":37.0,"turns":4.0},{"damage":49.0,"enemies":"2 Orb Walkers","floor":41.0,"turns":4.0},{"damage":42.0,"enemies":"Spire Growth","floor":44.0,"turns":4.0},{"damage":16.0,"enemies":"Jaw Worm Horde","floor":45.0,"turns":4.0},{"damage":0.0,"enemies":"Maw","floor":47.0,"turns":4.0},{"damage":9,"enemies":"Reptomancer","floor":48,"turns":5},{"damage":46,"enemies":"Donu and Deca","floor":50,"turns":5}],"seed_played":"1138371560115054818","potions_obtained":[{"floor":7.0,"key":"Block Potion"},{"floor":10.0,"key":"PowerPotion"},{"floor":16.0,"key":"DuplicationPotion"},{"floor":18.0,"key":"Poison Potion"},{"floor":23.0,"key":"Explosive Potion"},{"floor":28.0,"key":"Fire Potion"},{"floor":31.0,"key":"FairyPotion"},{"floor":41.0,"key":"Energy Potion"},{"floor":44.0,"key":"Weak Potion"},{"floor":48,"key":"DistilledChaos"}],"is_trial":false,"path_per_floor":["M","M","?","M","?","R","E","R","T","E","M","R","E","M","R","B",null,"M","M","M","?","$","E","R","E","T","M","E","M","R","M","R","B",null,"M","M","M","$","?","R","?","R","T","M","M","$","M","E","R","B"],"character_chosen":"THE_SILENT","items_purchased":["Flash of Steel","Snake Skull"],"campfire_rested":4,"item_purchase_floors":[38,46],"current_hp_per_floor":[56,56,56,54,36,36,36,36,36,24,18,51,47,43,43,43,56,55,55,55,55,55,55,55,55,55,49,39,36,36,28,60,48,57,46,26,10,10,10,43,18,18,18,30,16,16,18,11,44,0,0],"gold":582,"neow_bonus":"THREE_RARE_CARDS","is_daily":false,"chose_seed":false,"campfire_upgraded":6,"win_rate":0.0,"timestamp":1611235327,"path_taken":["M","M","?","M","?","R","E","R","T","E","M","R","E","M","R","BOSS","M","M","M","?","$","E","R","E","T","M","E","M","R","M","R","BOSS","M","M","M","$","?","R","?","R","T","M","M","$","M","E","R","BOSS"],"items_purchased_type":["Card","Relic"],"build_version":"2020-12-22","purchased_purges":3,"victory":false,"max_hp_per_floor":[66,66,60,60,60,60,60,60,60,60,60,60,60,60,60,60,60,60,60,60,60,60,60,60,60,60,60,60,60,60,60,60,60,60,60,60,60,60,60,60,60,60,60,60,60,60,60,60,60,60,60],"card_choices":[{"not_picked":["Doppelganger","Bullet Time"],"picked":"Venomology","floor":0.0},{"not_picked":["Catalyst","Acrobatics"],"picked":"Masterful Stab","floor":1.0},{"not_picked":["Poisoned Stab","Caltrops"],"picked":"Dagger Throw","floor":2.0},{"not_picked":["Slice","Flying Knee"],"picked":"Noxious Fumes","floor":4.0},{"not_picked":["Flying Knee","Predator"],"picked":"Escape Plan","floor":7.0},{"not_picked":["Caltrops","Sucker Punch","Outmaneuver"],"picked":"SKIP","floor":10.0},{"not_picked":["Sucker Punch","Dash"],"picked":"Dagger Throw","floor":11.0},{"not_picked":["Quick Slash","Sucker Punch"],"picked":"Catalyst","floor":13.0},{"not_picked":["Eviscerate","Accuracy"],"picked":"PiercingWail","floor":14.0},{"not_picked":["Unload","A Thousand Cuts"],"picked":"Malaise","floor":16.0},{"not_picked":["Sucker Punch","Quick Slash"],"picked":"Poisoned Stab","floor":18.0},{"not_picked":["Backflip","Deflect"],"picked":"Poisoned Stab+1","floor":19.0},{"not_picked":["PiercingWail","Choke","Crippling Poison"],"picked":"SKIP","floor":20.0},{"not_picked":["Blade Dance","Masterful Stab"],"picked":"Burst","floor":23.0},{"not_picked":["Well Laid Plans","Predator","Backstab"],"picked":"SKIP","floor":25.0},{"not_picked":["Outmaneuver","Bane","Choke","Endless Agony"],"picked":"SKIP","floor":27.0},{"not_picked":["Envenom","Backflip","Footwork"],"picked":"Noxious Fumes","floor":28.0},{"not_picked":["Eviscerate","Setup","Heel Hook+1"],"picked":"Blade Dance","floor":29.0},{"not_picked":["Underhanded Strike+1","Outmaneuver","Concentrate"],"picked":"Acrobatics","floor":31.0},{"not_picked":["Acrobatics","Slice","Dagger Spray"],"picked":"Blade Dance+1","floor":35.0},{"not_picked":["PiercingWail+1","Slice","Dagger Throw","Dodge and Roll"],"picked":"SKIP","floor":36.0},{"not_picked":["Glass Knife","Poisoned Stab","Terror","PiercingWail"],"picked":"SKIP","floor":37.0},{"not_picked":["Dagger Throw+1","Deadly Poison","Predator"],"picked":"Acrobatics+1","floor":41.0},{"not_picked":["PiercingWail+1","Blade Dance+1","Acrobatics","Bane+1"],"picked":"SKIP","floor":44.0},{"not_picked":["Slice","Reflex","Bane+1","Dagger Throw+1"],"picked":"SKIP","floor":45.0},{"not_picked":["Quick Slash","Catalyst","Choke","Sucker Punch"],"picked":"SKIP","floor":47.0},{"not_picked":["Bane+1","Acrobatics","Noxious Fumes","Tactician"],"picked":"SKIP","floor":48}],"player_experience":983029,"relics_obtained":[{"floor":7.0,"key":"Ninja Scroll"},{"floor":9.0,"key":"Potion Belt"},{"floor":10.0,"key":"Regal Pillow"},{"floor":13.0,"key":"The Specimen"},{"floor":23.0,"key":"Bottled Tornado"},{"floor":25.0,"key":"Question Card"},{"floor":26.0,"key":"Mummified Hand"},{"floor":28.0,"key":"Kunai"},{"floor":41.0,"key":"Lizard Tail"},{"floor":43.0,"key":"Blood Vial"},{"floor":48,"key":"Juzu Bracelet"}],"event_choices":[{"damage_healed":0.0,"max_hp_gain":0.0,"max_hp_loss":6.0,"gold_gain":0.0,"event_name":"Golden Idol","player_choice":"Lose Max HP","floor":3.0,"gold_loss":0.0,"damage_taken":0.0,"relics_obtained":["Golden Idol"]},{"damage_healed":0.0,"max_hp_gain":0.0,"max_hp_loss":0.0,"gold_gain":0.0,"event_name":"Shining Light","player_choice":"Entered Light","floor":5.0,"gold_loss":0.0,"damage_taken":18.0,"cards_upgraded":["Survivor","Strike_G"]},{"damage_healed":0.0,"max_hp_gain":0.0,"max_hp_loss":0.0,"gold_gain":0.0,"event_name":"Cursed Tome","player_choice":"Ignored","floor":21.0,"gold_loss":0.0,"damage_taken":0.0},{"damage_healed":0.0,"max_hp_gain":0.0,"max_hp_loss":0.0,"gold_gain":333.0,"event_name":"The Moai Head","player_choice":"Gave Idol","floor":39.0,"relics_lost":["Golden Idol"],"gold_loss":0.0,"damage_taken":0.0},{"damage_healed":0.0,"max_hp_gain":0.0,"max_hp_loss":0.0,"gold_gain":0.0,"event_name":"Mysterious Sphere","player_choice":"Fight","floor":41.0,"gold_loss":0.0,"damage_taken":0.0}],"is_beta":false,"boss_relics":[{"not_picked":["Calling Bell","Runic Dome"],"picked":"HoveringKite"},{"not_picked":[]}],"items_purged_floors":[22,38,46],"is_endless":false,"potions_floor_spawned":[4,7,10,16,18,23,28,31,41,44,45,47,48],"killed_by":"Donu and Deca","ascension_level":20}}