{"host":"gqhy17d1xpb1p3ki","time":1611262366,"event":{"mods":["2.2 Compatiblity","AchievementEnabler","BaseMod","Bestiary","BetterRewards","Colored Map","Colored Powertips","Conspire","Curses Come First","Custom Start","Downfall","Duelist Mod","Hermit","Infinite Spire","Marisa????????","Minty Spire (QoL Compilation)","Quick Restart","Rare Cards Sparkle","Remilia??????","Shop Mod","StSLib","Td1madao Mod","The Animator","The Bug Knight","The Cursed","The Disciple","The Hierophant","The Jungle","The Mystic","The Necromancer","The Runesmith","The Senshi","The Servant 0.9.4","Yuri Mod"],"gold_per_floor":[0,150,150,165,165,193,193,208,208,208,225,225,238,60,75,174,174,174,184,184,184,70,70,93,93,111,130,130,149,149,134,149,149,149],"floor_reached":33,"language":"ENG","playtime":2640,"items_purged":[],"score":245,"play_id":"b64a6d09-95fd-41a3-83cf-2ecaf1b47abd","local_time":"20210121155246","is_ascension_mode":false,"campfire_choices":[{"data":"FinalSpark","floor":1,"key":"SMITH"},{"data":"PowerUp","floor":10,"key":"SMITH"},{"data":"MilkyWay","floor":12,"key":"SMITH"},{"data":"MachineGunSpark","floor":18,"key":"SMITH"},{"data":"infinitespire:SevenWalls","floor":25,"key":"SMITH"},{"data":"EnergyRecoil","floor":30,"key":"SMITH"}],"circlet_count":0,"master_deck":["Strike_MRS+1","Strike_MRS","Strike_MRS+1","Strike_MRS","Defend_MRS","Defend_MRS","Defend_MRS","Defend_MRS","MasterSpark","UpSweep","FinalSpark+1","DoubleSpark","AsteroidBelt","PowerUp+1","MilkyWay+1","MilkyWay","EnergyRecoil+1","MachineGunSpark+1","RefractionSpark","FinalSpark+1","DC+1","Lust_TH","infinitespire:SevenWalls+1","Singularity+1","Singularity","SporeBomb","Acceleration","EventHorizon","OortCloud+1","ChargeUpSpray+1"],"relics":["MiniHakkero","conspire:Boomerang","MerchantsRug","infinitespire:Cupcake","Nilry\u0027s Codex","Art of War"],"acts_visited":["Exordium","TheCity"],"potions_floor_usage":[33],"damage_taken":[{"damage":0,"enemies":"2 Louse","floor":4,"turns":3},{"damage":14,"enemies":"Gremlin Nob","floor":6,"turns":3},{"damage":2,"enemies":"Small Slimes","floor":8,"turns":3},{"damage":0,"enemies":"Cultist","floor":11,"turns":3},{"damage":10,"enemies":"Exordium Thugs","floor":13,"turns":3},{"damage":0,"enemies":"downfall:FleeingMerchant","floor":14,"turns":4},{"damage":3,"enemies":"Red Slaver","floor":15,"turns":3},{"damage":19,"enemies":"IC_STATUS_ARCHETYPE","floor":16,"turns":6},{"damage":4,"enemies":"Shell Parasite","floor":19,"turns":4},{"damage":0,"enemies":"downfall:FleeingMerchant","floor":22,"turns":4},{"damage":14,"enemies":"Centurion and Healer","floor":26,"turns":4},{"damage":29,"enemies":"Shelled Parasite and Fungi","floor":27,"turns":6},{"damage":0,"enemies":"Snecko","floor":29,"turns":3},{"damage":0,"enemies":"downfall:FleeingMerchant","floor":31,"turns":4},{"damage":0,"enemies":"Chosen and Byrds","floor":32,"turns":3},{"damage":16,"enemies":"SI_MIRROR_ARCHETYPE","floor":33,"turns":1}],"seed_played":"4839756200861334402","potions_obtained":[{"floor":4,"key":"Dexterity Potion"},{"floor":15,"key":"SpeedPotion"},{"floor":16,"key":"LiquidMemories"}],"is_trial":false,"path_per_floor":["R","?","?","M","?","E","T","M","T","R","M","R","M","$","M","B",null,"R","M","?","?","$","?","T","R","M","M","AVR","M","R","$","M","B"],"character_chosen":"MARISA","items_purchased":["MerchantsRug","MachineGunSpark","Singularity","SporeBomb"],"campfire_rested":0,"item_purchase_floors":[14,14,22,22],"current_hp_per_floor":[75,75,75,75,75,71,71,69,69,69,69,69,59,59,56,37,85,85,81,81,61,61,45,45,45,31,2,2,2,2,2,2,0,0],"gold":149,"neow_bonus":"THREE_RARE_CARDS","is_daily":false,"chose_seed":false,"campfire_upgraded":6,"win_rate":0.0,"timestamp":1611262366,"path_taken":["R","?","?","M","?","E","T","?","?","R","?","R","M","?","M","BOSS","R","M","?","?","$","?","T","R","M","M","AVR","M","R","$","M","BOSS"],"items_purchased_type":["Relic","Card","Card","Card"],"build_version":"2020-12-22","purchased_purges":0,"victory":false,"max_hp_per_floor":[75,75,75,75,75,85,85,85,85,85,85,85,85,85,85,85,85,85,85,85,85,85,85,85,85,85,85,85,85,85,85,85,85,85],"card_choices":[{"not_picked":["JA","BlazingStar"],"picked":"FinalSpark","floor":0},{"not_picked":["MilkyWay","AsteroidBelt"],"picked":"DoubleSpark","floor":4},{"not_picked":["NonDirectionalLaser","ShootingEcho"],"picked":"AsteroidBelt","floor":6},{"not_picked":["Acceleration","MilkyWay"],"picked":"PowerUp","floor":8},{"not_picked":["UnstableBomb","ShootingEcho"],"picked":"MilkyWay","floor":11},{"not_picked":["LuminesStrike","ShootTheMoon"],"picked":"MilkyWay","floor":13},{"not_picked":["DeepEcoloBomb","AsteroidBelt"],"picked":"EnergyRecoil","floor":14},{"not_picked":["WitchLeyline","GrandCross"],"picked":"RefractionSpark","floor":15},{"not_picked":["BigCrunch","EscapeVelocity"],"picked":"FinalSpark","floor":16},{"not_picked":["ManaConvection","MagicAbsorber+1"],"picked":"DC","floor":19},{"not_picked":["infinitespire:Gouge","infinitespire:UltimateForm"],"picked":"infinitespire:SevenWalls","floor":21},{"not_picked":["SporeBomb","DragonMeteor"],"picked":"Singularity+1","floor":22},{"not_picked":["6A","OpenUniverse"],"picked":"Acceleration","floor":26},{"not_picked":["MagicChant","DragonMeteor"],"picked":"EventHorizon","floor":27},{"not_picked":["ChargingUp","EscapeVelocity"],"picked":"OortCloud+1","floor":29},{"not_picked":["AsteroidBelt","DC","GravityBeat"],"picked":"SKIP","floor":31},{"not_picked":["GravityBeat","MilkyWay+1"],"picked":"ChargeUpSpray+1","floor":32}],"player_experience":432531,"relics_obtained":[{"floor":6,"key":"Pear"},{"floor":7,"key":"Whetstone"},{"floor":9,"key":"conspire:Boomerang"},{"floor":23,"key":"Nilry\u0027s Codex"},{"floor":24,"key":"Art of War"}],"event_choices":[],"is_beta":false,"boss_relics":[{"not_picked":["Busted Crown","conspire:RoyalGoblet"],"picked":"infinitespire:Cupcake"}],"items_purged_floors":[],"is_endless":false,"potions_floor_spawned":[4,15,16,26,27,32],"killed_by":"SI_MIRROR_ARCHETYPE","ascension_level":0}}