{"host":"ojme7g6xlqwffsso","time":1611214620,"event":{"mods":["Act Like it!","BaseMod","Better Third Choice","Minty Spire (QoL Compilation)","Replay The Spire","Shop Mod","StSLib","The Disciple"],"gold_per_floor":[118,95,38,54,54,54,83,183,183,183,202,202,231,251,251,356,356,383,433,433,433],"floor_reached":20,"language":"ENG","playtime":985,"items_purged":[],"score":180,"play_id":"32a2b57b-38f1-46ab-b5d1-23088df3c5de","local_time":"20210121163700","is_ascension_mode":false,"campfire_choices":[{"data":"SecondHand","floor":6,"key":"SMITH"},{"data":"LockedBlood","floor":10,"key":"SMITH"},{"data":"PatternShift","floor":15,"key":"SMITH"}],"circlet_count":0,"master_deck":["SecondHand+1","PatternShift+1","Engulf","LockedThread+1","LockedMercury","LockedBlood+1","Parity","WindUp","LockedBell","TickedOff","WakeUpCall","LockedMawBank","SlimeSpray","LockedThread","RageCommand","LockedTurtyl","LockedBell","ExoVibe"],"relics":["Chronometer","betterThird:SlimedRelic","Gremlin Food","Replay:Bottled Steam","Replay:Accelerometer","SsserpentHead","Incense Burner","Pandora\u0027s Box"],"acts_visited":["Exordium","TheCity"],"potions_floor_usage":[13,16],"damage_taken":[{"damage":0,"enemies":"2 Louse","floor":1,"turns":3},{"damage":3,"enemies":"Small Slimes","floor":4,"turns":5},{"damage":31,"enemies":"Gremlin Nob","floor":7,"turns":6},{"damage":5,"enemies":"Cultist","floor":11,"turns":5},{"damage":15,"enemies":"3 Sentries","floor":13,"turns":10},{"damage":2,"enemies":"Large Slime","floor":14,"turns":5},{"damage":29,"enemies":"Hexaghost","floor":16,"turns":19},{"damage":40,"enemies":"Chosen","floor":18,"turns":10},{"damage":5,"enemies":"3 Byrds","floor":20,"turns":2}],"seed_played":"-1771275721893901968","potions_obtained":[{"floor":4,"key":"Swift Potion"},{"floor":13,"key":"Swift Potion"}],"is_trial":false,"path_per_floor":["M","?","$","M","?","R","E","?","T","R","M","?","E","M","R","B",null,"M","?","M"],"character_chosen":"CHRONO_CLASS","items_purchased":["LockedThread+1"],"campfire_rested":0,"item_purchase_floors":[3],"current_hp_per_floor":[71,60,60,57,54,54,23,23,23,23,27,27,21,28,28,8,71,40,40,35,35],"gold":433,"neow_bonus":"TEN_PERCENT_HP_BONUS","is_daily":false,"chose_seed":false,"campfire_upgraded":3,"win_rate":0.0,"timestamp":1611214620,"path_taken":["M","?","$","M","?","R","E","?","T","R","?","?","E","M","R","BOSS","M","?","M"],"items_purchased_type":["Card"],"build_version":"2020-12-22","purchased_purges":0,"victory":false,"max_hp_per_floor":[71,71,71,71,71,71,71,71,71,71,71,71,71,71,71,71,71,71,71,71,71],"card_choices":[{"not_picked":["AlternateTimeline","LockedAnchor"],"picked":"Engulf","floor":1},{"not_picked":["LockedAnchor","ShortSighted"],"picked":"LockedMercury","floor":4},{"not_picked":["Engulf","Analog"],"picked":"LockedBlood","floor":7},{"not_picked":["Engulf","VestedLegacy"],"picked":"Parity","floor":11},{"not_picked":["Facsimile","LockedBlood"],"picked":"WindUp","floor":13},{"not_picked":["Recurrance","Parity","Engulf"],"picked":"SKIP","floor":14},{"not_picked":["MasterKey","OverTime"],"picked":"LockedBell","floor":16},{"not_picked":["BiteCommand","LockedMedicine"],"picked":"ExoVibe","floor":18}],"player_experience":776320,"relics_obtained":[{"floor":7,"key":"Replay:Bottled Steam"},{"floor":9,"key":"Replay:Accelerometer"},{"floor":13,"key":"Incense Burner"}],"event_choices":[{"damage_healed":0,"gold_gain":0,"player_choice":"Slimed","damage_taken":11,"max_hp_gain":0,"max_hp_loss":0,"event_name":"betterThird:BetterGoop","floor":2,"gold_loss":23},{"damage_healed":0,"gold_gain":0,"player_choice":"Relic ","damage_taken":3,"max_hp_gain":0,"max_hp_loss":0,"event_name":"betterThird:BetterScrap","floor":5,"gold_loss":0,"cards_obtained":["WindmillStrike"]},{"damage_healed":0,"gold_gain":100,"player_choice":"Pray","damage_taken":0,"max_hp_gain":0,"max_hp_loss":0,"event_name":"Golden Shrine","floor":8,"gold_loss":0},{"damage_healed":0,"gold_gain":0,"player_choice":"Trade","damage_taken":0,"relics_obtained":["SsserpentHead"],"max_hp_gain":0,"max_hp_loss":0,"event_name":"FaceTrader","floor":12,"gold_loss":0},{"damage_healed":0,"gold_gain":0,"player_choice":"Ignored","damage_taken":0,"max_hp_gain":0,"max_hp_loss":0,"event_name":"N\u0027loth","floor":19,"gold_loss":0}],"is_beta":false,"boss_relics":[{"not_picked":["Black Star","Snecko Heart"],"picked":"Pandora\u0027s Box"}],"items_purged_floors":[],"is_endless":false,"potions_floor_spawned":[4,13],"killed_by":"3 Byrds","ascension_level":0}}