{"host":"9vecvdjkx64cw9bo","time":1611223276,"event":{"mods":["Ascension Unlocker","BaseMod","Custom Start","Keyboard Shortcuts","Minty Spire (QoL Compilation)","Quick Restart","StSLib","SuperFastMode"],"gold_per_floor":[111,129,145,145,145,145,70,85,112,125,125,25,39,58,58,151,151,166,166,41,41,41],"floor_reached":21,"language":"KOR","playtime":589,"items_purged":["Strike_B","Defend_B","Defend_B"],"score":342,"play_id":"ec5f383a-2ffe-45af-8ccc-544fac535fef","local_time":"20210121190116","is_ascension_mode":true,"campfire_choices":[{"data":"Dualcast","floor":6.0,"key":"SMITH"},{"data":"Coolheaded","floor":11.0,"key":"SMITH"},{"data":"Glacier","floor":15.0,"key":"SMITH"}],"circlet_count":0,"master_deck":["AscendersBane","Strike_B","Defend_B","Defend_B","Zap","Dualcast+1","Turbo","Conserve Battery","Cold Snap","Coolheaded+1","Gash","Glacier+1","Machine Learning","Genetic Algorithm","Ghostly","Ghostly","Ghostly"],"relics":["Cracked Core","Golden Idol","Potion Belt","Philosopher\u0027s Stone"],"acts_visited":["Exordium","TheCity"],"potions_floor_usage":[],"damage_taken":[{"damage":16.0,"enemies":"Jaw Worm","floor":1.0,"turns":5.0},{"damage":14.0,"enemies":"Small Slimes","floor":2.0,"turns":6.0},{"damage":1.0,"enemies":"Cultist","floor":3.0,"turns":4.0},{"damage":2.0,"enemies":"3 Louse","floor":8.0,"turns":3.0},{"damage":10.0,"enemies":"Large Slime","floor":10.0,"turns":9.0},{"damage":0.0,"enemies":"Red Slaver","floor":13.0,"turns":5.0},{"damage":2.0,"enemies":"Exordium Thugs","floor":14.0,"turns":7.0},{"damage":32,"enemies":"The Guardian","floor":16,"turns":19},{"damage":37,"enemies":"3 Byrds","floor":18,"turns":9},{"damage":20,"enemies":"Masked Bandits","floor":21,"turns":4}],"seed_played":"1012760365498117040","potions_obtained":[{"floor":8.0,"key":"FairyPotion"},{"floor":13.0,"key":"GamblersBrew"}],"is_trial":false,"path_per_floor":["M","M","M","?","?","R","$","M","T","M","R","$","M","M","R","B",null,"M","?","$","?"],"character_chosen":"DEFECT","items_purchased":[],"campfire_rested":0,"item_purchase_floors":[],"current_hp_per_floor":[48,34,33,38,38,38,38,36,36,26,26,26,26,24,24,11,50,13,13,13,0,0],"gold":41,"neow_bonus":"REMOVE_TWO","is_daily":false,"chose_seed":false,"campfire_upgraded":3,"win_rate":0.0,"timestamp":1611223276,"path_taken":["M","M","M","?","?","R","?","M","T","M","R","$","M","?","R","BOSS","M","?","$","?"],"items_purchased_type":[],"build_version":"2020-12-22","purchased_purges":3,"victory":false,"max_hp_per_floor":[64,64,64,69,63,63,63,63,63,63,63,63,63,63,63,63,63,63,31,31,31,31],"card_choices":[{"not_picked":["Hologram","Tempest"],"picked":"Turbo","floor":1.0},{"not_picked":["Beam Cell","Turbo"],"picked":"Conserve Battery","floor":2.0},{"not_picked":["Streamline","White Noise"],"picked":"Cold Snap","floor":3.0},{"not_picked":["Compile Driver","Streamline"],"picked":"Coolheaded","floor":8.0},{"not_picked":["Hyperbeam","White Noise","Redo"],"picked":"SKIP","floor":10.0},{"not_picked":["Barrage","Sweeping Beam"],"picked":"Gash","floor":13.0},{"not_picked":["Double Energy","Doom and Gloom"],"picked":"Glacier","floor":14.0},{"not_picked":["Reboot","Fission"],"picked":"Machine Learning","floor":16},{"not_picked":["Sweeping Beam","Hello World"],"picked":"Genetic Algorithm","floor":18}],"player_experience":782465,"relics_obtained":[{"floor":9.0,"key":"Potion Belt"}],"event_choices":[{"damage_healed":0.0,"max_hp_gain":5.0,"max_hp_loss":0.0,"gold_gain":0.0,"event_name":"Big Fish","player_choice":"Donut","floor":4.0,"gold_loss":0.0,"damage_taken":0.0},{"damage_healed":0.0,"max_hp_gain":0.0,"max_hp_loss":6.0,"gold_gain":0.0,"event_name":"Golden Idol","player_choice":"Lose Max HP","floor":5.0,"gold_loss":0.0,"damage_taken":0.0,"relics_obtained":["Golden Idol"]},{"damage_healed":0,"gold_gain":0,"player_choice":"Became a Ghost","damage_taken":0,"max_hp_gain":0,"max_hp_loss":32,"event_name":"Ghosts","floor":19,"gold_loss":0,"cards_obtained":["Ghostly","Ghostly","Ghostly"]},{"damage_healed":0,"gold_gain":0,"player_choice":"Fought Bandits","damage_taken":0,"max_hp_gain":0,"max_hp_loss":0,"event_name":"Masked Bandits","floor":21,"gold_loss":0}],"is_beta":false,"boss_relics":[{"not_picked":["Calling Bell","Velvet Choker"],"picked":"Philosopher\u0027s Stone"}],"items_purged_floors":[7,12,20],"is_endless":false,"potions_floor_spawned":[8,13],"killed_by":"Masked Bandits","ascension_level":20}}