{"host":"7z9izfsmsy4azoxx","time":1611242655,"event":{"mods":["AchievementEnabler","BaseMod","Colored Map","Custom Start","Hermit","Minty Spire (QoL Compilation)","Replay The Spire","StSLib","SuperFastMode"],"gold_per_floor":[117,129,129,454055,454074,454074,453369,453369,453393,453420,453434,453445,453464,453494,453494,453568,453568,453586,453586,453586,453586,452848,452865,452884,452884,452910,452166,452166,452227,452227,452279,452279,452394,452394,452448,452448,452499,451659,451720,451763,451055,451055,451055,451055,451115,449998,450064,450119,450119,450169,450265,450265,450265,449824,449900,449928],"floor_reached":57,"language":"KOR","playtime":1240,"items_purged":["Demon Form","Perfected Strike","Strike_R","Strike_R","Strike_R","Defend_R","Defend_R"],"score":2493,"play_id":"9fca558b-b7de-4531-85c3-55ce94dfad8c","local_time":"20210122002415","is_ascension_mode":true,"campfire_choices":[{"data":"Whirlwind","floor":6,"key":"SMITH"},{"data":"Shrug It Off","floor":8,"key":"SMITH"},{"data":"True Grit","floor":15,"key":"SMITH"},{"data":"Inflame","floor":25,"key":"SMITH"},{"data":"Berserk","floor":28,"key":"SMITH"},{"floor":30,"key":"REST"},{"floor":32,"key":"DIG"},{"floor":42,"key":"DIG"},{"floor":49,"key":"RECALL"},{"floor":53,"key":"DIG"}],"circlet_count":0,"master_deck":["AscendersBane","Defend_R+1","Bash","Whirlwind+1","Feel No Pain+1","Shrug It Off+1","Second Wind","Dual Wield","True Grit+1","Berserk+1","Inflame+1","Whirlwind+1","Flame Barrier","Shockwave+1","Whirlwind+1"],"relics":["Burning Blood","Centennial Puzzle","Tiny Chest","ClockworkSouvenir","Bronze Scales","Garlic","Chemical X","King of Hearts","Pantograph","Bird Faced Urn","Empty Cage","Replay:Baseball","Replay:Bottled Steam","Orrery","Ancient Tea Set","PreservedInsect","Replay:Bandana","Sling","TungstenRod","Shovel","Pet Ghost","Busted Crown","Charon\u0027s Ashes","Pocketwatch","Unceasing Top","Mercury Hourglass","Potion Belt","War Paint","DollysMirror","Dream Catcher","Bottled Flame","Another Sword","Medical Kit","Replay:Kaleidoscope","Thread and Needle","BranchBurnRelic","Paper Frog","Replay:Rubber Ducky","Oddly Smooth Stone","Vajra"],"acts_visited":["Exordium","TheCity","TheBeyond","TheEnding"],"potions_floor_usage":[14,16,51,51,56,56,56],"damage_taken":[{"damage":26,"enemies":"Jaw Worm","floor":1,"turns":5},{"damage":7,"enemies":"Cultist","floor":2,"turns":4},{"damage":0,"enemies":"2 Louse","floor":5,"turns":1},{"damage":0,"enemies":"3 Sentries","floor":10,"turns":2},{"damage":8,"enemies":"Looter","floor":11,"turns":2},{"damage":17,"enemies":"Exordium Wildlife","floor":12,"turns":3},{"damage":8,"enemies":"Large Slime","floor":13,"turns":5},{"damage":17,"enemies":"Gremlin Nob","floor":14,"turns":5},{"damage":33,"enemies":"Fading Forest","floor":16,"turns":13},{"damage":8,"enemies":"Chosen","floor":18,"turns":4},{"damage":1,"enemies":"3 Byrds","floor":23,"turns":3},{"damage":20,"enemies":"Cultist and Chosen","floor":24,"turns":3},{"damage":27,"enemies":"Gremlin Leader","floor":29,"turns":3},{"damage":3,"enemies":"Replay:Snechameleon","floor":31,"turns":2},{"damage":17,"enemies":"Collector","floor":33,"turns":6},{"damage":9,"enemies":"3 Shapes","floor":35,"turns":3},{"damage":0,"enemies":"Mind Bloom Boss Battle","floor":37,"turns":4},{"damage":0,"enemies":"3 Darklings","floor":39,"turns":1},{"damage":0,"enemies":"Nemesis","floor":40,"turns":3},{"damage":0,"enemies":"R_Hoarder","floor":45,"turns":3},{"damage":2,"enemies":"Maw","floor":47,"turns":3},{"damage":26,"enemies":"Nemesis","floor":48,"turns":3},{"damage":75,"enemies":"Time Eater","floor":50,"turns":9},{"damage":24,"enemies":"Replay:Hell Engine","floor":51,"turns":4},{"damage":1,"enemies":"Shield and Spear","floor":55,"turns":2},{"damage":43,"enemies":"The Heart","floor":56,"turns":8}],"seed_played":"6589026076723296095","potions_obtained":[{"floor":1,"key":"SpeedPotion"},{"floor":14,"key":"BloodPotion"},{"floor":23,"key":"Swift Potion"},{"floor":24,"key":"Block Potion"},{"floor":45,"key":"SkillPotion"}],"is_trial":false,"path_per_floor":["M","M","?","$","M","R","$","R","T","E","M","M","M","E","R","B",null,"M","?","?","T","$","M","M","R","T","$","R","E","R","E","R_BF","B",null,"M","?","?","$","M","E","$","R","T","T","E","$","M","E","R_BF","B","B",null,"R","$","E","B",null],"character_chosen":"IRONCLAD","items_purchased":["Centennial Puzzle","Tiny Chest","ClockworkSouvenir","Feel No Pain+1","Shrug It Off","AttackPotion","Bronze Scales","Garlic","Chemical X","Replay:Baseball","Replay:Bottled Steam","Orrery","PreservedInsect","Replay:Bandana","Sling","Shockwave","Pocketwatch","Unceasing Top","Potion Belt","War Paint","DollysMirror","Medical Kit","Replay:Kaleidoscope","Thread and Needle","AttackPotion","Replay:Rubber Ducky","Oddly Smooth Stone","Explosive Potion","BloodPotion"],"campfire_rested":1,"item_purchase_floors":[4,4,4,4,4,4,7,7,7,22,22,22,27,27,27,27,38,38,41,41,41,46,46,46,46,54,54,54,54],"current_hp_per_floor":[48,47,47,47,53,53,53,53,53,59,57,46,44,48,48,56,70,72,72,51,51,51,60,48,48,48,48,48,31,55,60,60,69,77,76,76,80,80,80,80,80,80,80,80,80,80,80,62,62,13,30,68,68,68,78,60],"gold":449928,"neow_bonus":"THREE_CARDS","is_daily":false,"chose_seed":false,"campfire_upgraded":5,"win_rate":0.0,"timestamp":1611242655,"path_taken":["M","M","?","$","M","R","$","R","T","E","M","?","M","E","R","BOSS","M","?","?","?","$","M","?","R","T","$","R","E","R","E","R_BF","BOSS","M","?","?","$","M","E","$","R","T","?","E","$","?","E","R_BF","BOSS","BOSS","R","$","E","BOSS"],"items_purchased_type":["Relic","Relic","Relic","Card","Card","Potion","Relic","Relic","Relic","Relic","Relic","Relic","Relic","Relic","Relic","Card","Relic","Relic","Relic","Relic","Relic","Relic","Relic","Relic","Potion","Relic","Relic","Potion","Potion"],"build_version":"2020-12-22","purchased_purges":7,"victory":true,"max_hp_per_floor":[75,75,75,75,75,75,75,75,75,75,75,75,75,75,75,75,75,75,75,80,80,80,80,80,80,80,80,80,80,80,80,80,80,80,80,80,80,80,80,80,80,80,80,80,80,80,80,80,80,80,80,80,80,80,80,80],"card_choices":[{"not_picked":["Iron Wave","Perfected Strike"],"picked":"Whirlwind","floor":0},{"not_picked":["Blood for Blood","Havoc"],"picked":"Inflame","floor":1},{"not_picked":["Seeing Red","Havoc"],"picked":"Perfected Strike","floor":2},{"not_picked":["Cleave","Warcry","Combust"],"picked":"SKIP","floor":5},{"not_picked":["Dropkick","Clothesline"],"picked":"Second Wind","floor":10},{"not_picked":["Sword Boomerang","Anger"],"picked":"Dual Wield","floor":11},{"not_picked":["Whirlwind","Replay:Undeath\u0027s Touch","ReplayTheSpireMod:LeadingStrike"],"picked":"SKIP","floor":12},{"not_picked":["Armaments","True Grit","Dark Embrace"],"picked":"SKIP","floor":13},{"not_picked":["Armaments","Dark Embrace"],"picked":"True Grit","floor":13},{"not_picked":["Pummel","Bludgeon","Battle Trance"],"picked":"SKIP","floor":14},{"not_picked":["Juggernaut","Hemogenesis"],"picked":"Berserk","floor":16},{"not_picked":["Clash","Whirlwind","Rage"],"picked":"SKIP","floor":18},{"not_picked":["Shrug It Off","Rupture+1"],"picked":"Inflame","floor":22},{"not_picked":["ReplayTheSpireMod:Limb From Limb","Run Through"],"picked":"Whirlwind+1","floor":22},{"not_picked":["Warcry+1","Clash"],"picked":"Flame Barrier","floor":22},{"not_picked":["Clash","Flex","Massacre"],"picked":"SKIP","floor":23},{"not_picked":["True Grit","ReplayTheSpireMod:Strike From Hell","Replay:Undeath\u0027s Touch+1"],"picked":"SKIP","floor":24},{"not_picked":["Feel No Pain+1","Perfected Strike","Cleave+1"],"picked":"SKIP","floor":29},{"not_picked":["Hemogenesis","Body Slam","ReplayTheSpireMod:Muscle Training"],"picked":"SKIP","floor":31},{"not_picked":["Disarm"],"picked":"SKIP","floor":35},{"not_picked":["Clothesline"],"picked":"SKIP","floor":39},{"not_picked":["Ghostly Armor"],"picked":"SKIP","floor":40},{"not_picked":["Thunderclap"],"picked":"SKIP","floor":45},{"not_picked":["Dark Embrace"],"picked":"SKIP","floor":47},{"not_picked":["Iron Wave"],"picked":"SKIP","floor":48},{"not_picked":["Seeing Red"],"picked":"SKIP","floor":55}],"player_experience":543129,"relics_obtained":[{"floor":9,"key":"King of Hearts"},{"floor":10,"key":"Pantograph"},{"floor":14,"key":"Bird Faced Urn"},{"floor":26,"key":"Ancient Tea Set"},{"floor":29,"key":"TungstenRod"},{"floor":31,"key":"Shovel"},{"floor":32,"key":"Pet Ghost"},{"floor":37,"key":"Charon\u0027s Ashes"},{"floor":40,"key":"Mercury Hourglass"},{"floor":42,"key":"Dream Catcher"},{"floor":43,"key":"Bottled Flame"},{"floor":44,"key":"Another Sword"},{"floor":45,"key":"Dead Branch"},{"floor":53,"key":"Paper Frog"},{"floor":55,"key":"Vajra"}],"event_choices":[{"damage_healed":0,"gold_gain":0,"cards_transformed":["Inflame"],"player_choice":"Transformed","damage_taken":0,"max_hp_gain":0,"max_hp_loss":0,"event_name":"Transmorgrifier","floor":3,"gold_loss":0,"cards_obtained":["Demon Form"]},{"damage_healed":0,"gold_gain":0,"player_choice":"Ignored","damage_taken":0,"max_hp_gain":0,"max_hp_loss":0,"event_name":"Vampires","floor":19,"gold_loss":0},{"damage_healed":0,"gold_gain":0,"player_choice":"Shed Blood","damage_taken":26,"max_hp_gain":5,"max_hp_loss":0,"event_name":"Forgotten Altar","floor":20,"gold_loss":0},{"cards_removed":["Defend_R"],"damage_healed":0,"gold_gain":0,"player_choice":"Removed Skill","damage_taken":0,"max_hp_gain":0,"max_hp_loss":0,"event_name":"Falling","floor":36,"gold_loss":0},{"damage_healed":0,"gold_gain":0,"player_choice":"Fight","damage_taken":0,"max_hp_gain":0,"max_hp_loss":0,"event_name":"MindBloom","floor":37,"gold_loss":0}],"is_beta":false,"boss_relics":[{"not_picked":["Cursed Key","Ooze Armor"],"picked":"Empty Cage"},{"not_picked":["Honey Jar","Ring of Chaos"],"picked":"Busted Crown"}],"items_purged_floors":[4,7,22,27,38,41,46],"is_endless":false,"potions_floor_spawned":[1,5,11,14,23,24,31,35,45],"ascension_level":20}}