{"host":"1vfpjvae9xcvmh7u","time":1611214496,"event":{"mods":["BaseMod","Downfall","Hermit","Hubris","Minty Spire (QoL Compilation)","Robot Space Explorer","StSLib","The Cursed","The Forsaken","The Necromancer","The Servant 0.9.4"],"gold_per_floor":[99,112,112,131,69,69,94,104,104,129,129,579,202,202,215,312,312,312,322,336,350,81,81,81,106,118,130,142,186,198,244,275,287,287,287],"floor_reached":33,"language":"ENG","playtime":2354,"items_purged":["downfall:Icky","downfall:Icky"],"score":300,"play_id":"62d2f7af-b045-42bf-87de-ab369db3969c","local_time":"20210120233456","is_ascension_mode":false,"campfire_choices":[{"data":"champ:EnGarde","floor":1,"key":"SMITH"},{"data":"champ:Taunt","floor":6,"key":"SMITH"},{"data":"champ:TornadoPunch","floor":9,"key":"SMITH"},{"data":"champ:PreemptiveStrike","floor":11,"key":"SMITH"},{"data":"champ:Improvising","floor":18,"key":"SMITH"},{"data":"champ:StanceDance","floor":26,"key":"SMITH"},{"data":"champ:ArenaPreparation","floor":30,"key":"SMITH"}],"circlet_count":0,"master_deck":["champ:Defend","champ:Defend","champ:Defend","champ:Defend","champ:Execute","champ:Taunt+1","champ:EnGarde+1","champ:PreemptiveStrike+1","champ:TornadoPunch+1","champ:DefensiveShout","champ:FlashCut","downfall:Icky","champ:StanceDance","champ:Improvising+1","champ:StanceDance+1","champ:ArenaPreparation+1","Slimebound:Tackle+1","Slimebound:Tackle+1","Slimebound:Tackle+1","champ:FocusedDefense+1"],"relics":["champ:ChampionCrown","Darkstone Periapt","PreservedInsect","Odd Mushroom","Ice Cream","Tiny Chest","Coffee Dripper","champ:DefensiveTrainingManual","MawBank","downfall:KnowingSkull","Eternal Feather","Regal Pillow"],"acts_visited":["Exordium","TheCity"],"potions_floor_usage":[25,28,29,32],"damage_taken":[{"damage":0,"enemies":"2 Louse","floor":2,"turns":4},{"damage":10,"enemies":"Jaw Worm","floor":4,"turns":4},{"damage":10,"enemies":"downfall:FleeingMerchant","floor":5,"turns":4},{"damage":0,"enemies":"Small Slimes","floor":8,"turns":3},{"damage":10,"enemies":"The Mushroom Lair","floor":10,"turns":3},{"damage":15,"enemies":"downfall:FleeingMerchant","floor":13,"turns":4},{"damage":3,"enemies":"Red Slaver","floor":15,"turns":4},{"damage":77,"enemies":"IC_STATUS_ARCHETYPE","floor":16,"turns":13},{"damage":10,"enemies":"Spheric Guardian","floor":19,"turns":5},{"damage":1,"enemies":"Shell Parasite","floor":20,"turns":5},{"damage":16,"enemies":"Chosen and Byrds","floor":21,"turns":6},{"damage":0,"enemies":"downfall:FleeingMerchant","floor":22,"turns":4},{"damage":36,"enemies":"Snake Plant","floor":25,"turns":4},{"damage":18,"enemies":"Cultist and Chosen","floor":28,"turns":4},{"damage":18,"enemies":"Slavers","floor":29,"turns":3},{"damage":15,"enemies":"Book of Stabbing","floor":31,"turns":4},{"damage":10,"enemies":"Snecko","floor":32,"turns":3},{"damage":58,"enemies":"DF_ARCHETYPE_CLAW","floor":33,"turns":9}],"seed_played":"-1764118877560200970","potions_obtained":[{"floor":10,"key":"SmokeBomb"},{"floor":15,"key":"FairyPotion"},{"floor":20,"key":"EssenceOfSteel"},{"floor":21,"key":"LiquidMemories"},{"floor":25,"key":"FearPotion"}],"is_trial":false,"path_per_floor":["R","M","?","M","$","R","T","M","R","?","R","?","$","T","M","B",null,"R","M","M","M","$","?","T","M","R","?","M","E","R","E","M","B"],"character_chosen":"THE_CHAMP","items_purchased":["champ:DefensiveShout","Ice Cream","champ:DefensiveTrainingManual"],"campfire_rested":0,"item_purchase_floors":[5,13,22],"current_hp_per_floor":[90,90,78,78,78,78,78,78,78,68,68,86,81,81,78,11,108,108,108,107,101,101,101,101,80,80,71,68,50,62,57,57,0,0,0],"gold":287,"neow_bonus":"TRANSFORM_CARD","is_daily":false,"chose_seed":false,"campfire_upgraded":7,"win_rate":0.0,"timestamp":1611214496,"path_taken":["R","M","?","M","$","R","T","M","R","?","R","?","$","?","M","BOSS","R","M","M","M","$","?","T","M","R","?","?","E","R","E","M","BOSS"],"items_purchased_type":["Card","Relic","Relic"],"build_version":"2020-12-22","purchased_purges":2,"victory":false,"max_hp_per_floor":[90,90,90,90,90,90,90,90,90,90,90,108,108,108,108,108,108,108,108,108,108,108,108,108,108,108,108,108,108,108,108,108,108,108,108],"card_choices":[{"not_picked":["champ:BerserkersShout","champ:BladeFlurry"],"picked":"champ:PreemptiveStrike","floor":2},{"not_picked":["champ:EnGarde","champ:PerfectedStrike"],"picked":"champ:TornadoPunch","floor":4},{"not_picked":["champ:CalledShot","champ:EnGarde","champ:CrownThrow"],"picked":"SKIP","floor":5},{"not_picked":["champ:FaceSlap","champ:PerfectedStrike"],"picked":"champ:FlashCut","floor":8},{"not_picked":["champ:FaceSlap","champ:BerserkersShout","champ:FlashCut"],"picked":"SKIP","floor":13},{"not_picked":["champ:BringItOn","champ:RisingSlash"],"picked":"champ:StanceDance","floor":15},{"not_picked":["champ:SwordThrow","champ:Devastate"],"picked":"champ:Improvising","floor":16},{"not_picked":["champ:DeathBlow","champ:BladeFlurry","champ:FlashCut"],"picked":"SKIP","floor":19},{"not_picked":["champ:FalseCounter","champ:Backstep"],"picked":"champ:StanceDance","floor":20},{"not_picked":["champ:FlashCut","champ:PreciseThrust","champ:Encircle"],"picked":"SKIP","floor":21},{"not_picked":["champ:GutPunch","champ:EndlessRage+1"],"picked":"champ:ArenaPreparation","floor":22},{"not_picked":["champ:Parry+1","champ:CalledShot+1","champ:EndlessRage"],"picked":"SKIP","floor":25},{"not_picked":["champ:Circumvent","champ:PerfectedStrike"],"picked":"champ:FocusedDefense+1","floor":29},{"not_picked":["champ:Haymaker+1","champ:AdrenalArmor","champ:CrownThrow+1"],"picked":"SKIP","floor":31},{"not_picked":["champ:PreciseThrust","champ:Devastate","champ:CrownThrow+1"],"picked":"SKIP","floor":32}],"player_experience":1797480,"relics_obtained":[{"floor":7,"key":"PreservedInsect"},{"floor":10,"key":"Odd Mushroom"},{"floor":14,"key":"Tiny Chest"},{"floor":24,"key":"MawBank"},{"floor":29,"key":"Eternal Feather"},{"floor":31,"key":"Regal Pillow"}],"event_choices":[{"damage_healed":0,"gold_gain":0,"player_choice":"Success","damage_taken":12,"relics_obtained":["Darkstone Periapt"],"max_hp_gain":0,"max_hp_loss":0,"event_name":"Scrap Ooze","floor":3,"gold_loss":0},{"damage_healed":0,"gold_gain":0,"player_choice":"Fought Mushrooms","damage_taken":0,"max_hp_gain":0,"max_hp_loss":0,"event_name":"Mushrooms","floor":10,"gold_loss":0}],"is_beta":false,"boss_relics":[{"not_picked":["champ:ChampionCrownUpgraded","Black Star"],"picked":"Coffee Dripper"}],"items_purged_floors":[13,22],"is_endless":false,"potions_floor_spawned":[10,15,20,21,25],"killed_by":"DF_ARCHETYPE_CLAW","ascension_level":0}}