{"host":"dcj2yvrgcvh5dl2s","time":1611220684,"event":{"mods":["BaseMod","Bestiary","Better Note","Block Reminder","Colored Powertips","Curses Come First","DeckTracker","Minty Spire (QoL Compilation)","Quick Restart","Rare Cards Sparkle","Relic Stats","StSLib"],"gold_per_floor":[117,117,117,13,33,64,64,397,397,423,423,492,32,42,42,117,117,128,143,160,8,20,20,20,37,60,90,90,90,90,116,116,116,116],"floor_reached":33,"language":"ENG","playtime":895,"items_purged":["Parasite","Strike_R"],"score":684,"play_id":"2f8d7eb2-c074-400f-b7dc-cd74c6e440a9","local_time":"20210121191804","is_ascension_mode":true,"campfire_choices":[{"data":"True Grit","floor":7,"key":"SMITH"},{"floor":11,"key":"REST"},{"floor":15,"key":"REST"},{"floor":23,"key":"REST"},{"floor":28,"key":"REST"},{"floor":32,"key":"REST"}],"circlet_count":0,"master_deck":["AscendersBane","Strike_R","Strike_R","Strike_R","Strike_R","Defend_R","Defend_R","Defend_R","Defend_R","Bash","Immolate+1","Fire Breathing","Thunderclap","Disarm","True Grit+1","Shrug It Off","Flex","Limit Break","Shrug It Off+1","Flex","Pummel","Infernal Blade+1","Heavy Blade","Disarm","Pommel Strike","Regret","Flex","Sword Boomerang"],"relics":["Burning Blood","FossilizedHelix","Old Coin","Darkstone Periapt","Pocketwatch","Torii","Cursed Key","PreservedInsect","Magic Flower","Vajra"],"acts_visited":["Exordium","TheCity"],"potions_floor_usage":[6,18,22,25,27],"damage_taken":[{"damage":16,"enemies":"2 Louse","floor":1,"turns":2},{"damage":0,"enemies":"Small Slimes","floor":5,"turns":1},{"damage":18,"enemies":"Lagavulin","floor":6,"turns":5},{"damage":15,"enemies":"3 Sentries","floor":8,"turns":4},{"damage":38,"enemies":"Lagavulin","floor":10,"turns":7},{"damage":0,"enemies":"Cultist","floor":14,"turns":2},{"damage":0,"enemies":"Slime Boss","floor":16,"turns":6},{"damage":6,"enemies":"Chosen","floor":18,"turns":5},{"damage":29,"enemies":"Shell Parasite","floor":19,"turns":7},{"damage":0,"enemies":"Snecko","floor":20,"turns":5},{"damage":30,"enemies":"Cultist and Chosen","floor":22,"turns":6},{"damage":32,"enemies":"Sentry and Sphere","floor":25,"turns":6},{"damage":21,"enemies":"Slavers","floor":27,"turns":2},{"damage":53,"enemies":"Book of Stabbing","floor":31,"turns":5},{"damage":65,"enemies":"Collector","floor":33,"turns":6}],"seed_played":"1803199802497162606","potions_obtained":[{"floor":5,"key":"Energy Potion"},{"floor":14,"key":"Block Potion"},{"floor":16,"key":"BlessingOfTheForge"},{"floor":20,"key":"ColorlessPotion"},{"floor":22,"key":"HeartOfIron"}],"is_trial":false,"path_per_floor":["M","?","?","$","M","E","R","E","T","E","R","?","$","M","R","B",null,"M","M","M","$","M","R","?","M","T","E","R","?","?","E","R","B"],"character_chosen":"IRONCLAD","items_purchased":["Thunderclap","Flex","Torii","Pummel","Infernal Blade"],"campfire_rested":5,"item_purchase_floors":[4,13,13,21,21],"current_hp_per_floor":[58,58,58,58,64,52,52,43,43,11,32,32,32,38,59,65,70,70,47,53,53,29,50,50,24,30,15,38,54,54,10,33,0,0],"gold":116,"neow_bonus":"THREE_RARE_CARDS","is_daily":false,"chose_seed":false,"campfire_upgraded":1,"win_rate":0.0,"timestamp":1611220684,"path_taken":["M","?","?","$","?","E","R","E","T","E","R","?","$","M","R","BOSS","M","M","M","$","M","R","?","?","T","E","R","?","?","E","R","BOSS"],"items_purchased_type":["Card","Card","Relic","Card","Card"],"build_version":"2020-12-22","purchased_purges":2,"victory":false,"max_hp_per_floor":[75,75,75,72,72,72,72,72,72,72,72,72,72,72,72,72,72,72,72,72,72,72,72,72,72,78,78,78,78,78,78,78,78,78],"relic_stats":{"Darkstone Periapt":6,"Torii":12,"counters":[15,69],"Magic Flower":[3],"PreservedInsect":84,"Cursed Key":1,"obtain_stats":[{"Darkstone Periapt":9,"Torii":13,"Magic Flower":27,"Vajra":31,"PreservedInsect":26,"Cursed Key":17,"Burning Blood":0,"FossilizedHelix":6,"Old Coin":8,"Pocketwatch":10},{"Darkstone Periapt":4,"Torii":5,"Magic Flower":13,"Vajra":14,"PreservedInsect":12,"Cursed Key":7,"Burning Blood":0,"FossilizedHelix":3,"Old Coin":4,"Pocketwatch":5},{"Darkstone Periapt":12,"Torii":19,"Magic Flower":58,"Vajra":63,"PreservedInsect":56,"Cursed Key":27,"Burning Blood":0,"FossilizedHelix":8,"Old Coin":12,"Pocketwatch":19}],"Burning Blood":87,"Pocketwatch":[45]},"card_choices":[{"not_picked":["Exhume","Limit Break"],"picked":"Immolate","floor":0},{"not_picked":["Hemokinesis","Havoc"],"picked":"Fire Breathing","floor":1},{"not_picked":["Iron Wave","Perfected Strike"],"picked":"Disarm","floor":5},{"not_picked":["Cleave","Anger"],"picked":"True Grit","floor":6},{"not_picked":["Reckless Charge","Flame Barrier","Burning Pact"],"picked":"SKIP","floor":8},{"not_picked":["Corruption","Anger"],"picked":"Shrug It Off","floor":10},{"not_picked":["Entrench","Flame Barrier","Evolve"],"picked":"SKIP","floor":14},{"not_picked":["Brutality","Immolate"],"picked":"Limit Break","floor":16},{"not_picked":["Heavy Blade","Metallicize"],"picked":"Shrug It Off+1","floor":18},{"not_picked":["Entrench","Armaments","Rage"],"picked":"SKIP","floor":19},{"not_picked":["Iron Wave","Power Through+1"],"picked":"Flex","floor":20},{"not_picked":["Perfected Strike","Carnage"],"picked":"Heavy Blade","floor":22},{"not_picked":["Carnage","Flame Barrier"],"picked":"Pommel Strike","floor":25},{"not_picked":["Impervious","Pommel Strike"],"picked":"Flex","floor":27},{"not_picked":["Power Through","Dropkick"],"picked":"Sword Boomerang","floor":31}],"player_experience":2266602,"relics_obtained":[{"floor":6,"key":"FossilizedHelix"},{"floor":8,"key":"Old Coin"},{"floor":9,"key":"Darkstone Periapt"},{"floor":10,"key":"Pocketwatch"},{"floor":26,"key":"PreservedInsect"},{"floor":27,"key":"Magic Flower"},{"floor":31,"key":"Vajra"}],"event_choices":[{"damage_healed":0,"gold_gain":0,"player_choice":"Grow","damage_taken":0,"max_hp_gain":0,"max_hp_loss":0,"event_name":"Living Wall","floor":2,"gold_loss":0,"cards_upgraded":["Immolate"]},{"damage_healed":0,"gold_gain":0,"player_choice":"0 cards matched","damage_taken":0,"max_hp_gain":0,"max_hp_loss":0,"event_name":"Match and Keep!","floor":3,"gold_loss":0,"cards_obtained":[]},{"damage_healed":0,"gold_gain":69,"player_choice":"Gained Gold","damage_taken":0,"max_hp_gain":0,"max_hp_loss":0,"event_name":"Golden Wing","floor":12,"gold_loss":0},{"damage_healed":0,"gold_gain":0,"player_choice":"Copied","damage_taken":0,"max_hp_gain":0,"max_hp_loss":0,"event_name":"Duplicator","floor":24,"gold_loss":0,"cards_obtained":["Disarm"]},{"damage_healed":16,"gold_gain":0,"player_choice":"Heal","damage_taken":0,"max_hp_gain":0,"max_hp_loss":0,"event_name":"The Library","floor":29,"gold_loss":0},{"damage_healed":0,"gold_gain":0,"player_choice":"Upgraded","damage_taken":0,"max_hp_gain":0,"max_hp_loss":0,"event_name":"Upgrade Shrine","floor":30,"gold_loss":0,"cards_upgraded":["Infernal Blade"]}],"is_beta":false,"boss_relics":[{"not_picked":["Coffee Dripper","Velvet Choker"],"picked":"Cursed Key"}],"items_purged_floors":[4,13],"is_endless":false,"potions_floor_spawned":[5,14,16,20,22],"killed_by":"Collector","ascension_level":19}}