{"host":"8i4doyxqctgl5qb0","time":1611246844,"event":{"mods":["AchievementEnabler","BaseMod","Block Reminder","Colored Powertips","Downfall","Minty Spire (QoL Compilation)","Permanent Neow","Potion Indicator Mod","Rare Cards Sparkle","StSLib","SuperFastMode","The Jungle"],"gold_per_floor":[99,99,99,99,99,99,99,99,99,99,133,151,51,61,79,179,179,179,189,202,35,35,35,62,115,115,115,115,169,221,21,76,220,220,120,177,236,254,266,343,343,363,363,383,407,407,437,337,354,354,354,419,52,52,52,52],"floor_reached":57,"language":"ZHS","playtime":4649,"items_purged":["hexamod:Strike","hexamod:Defend"],"score":1036,"play_id":"33d6cd6d-c372-46b6-85f1-cc6b74d3bbfc","local_time":"20210122003404","is_ascension_mode":false,"campfire_choices":[{"floor":1.0,"key":"RECALL"},{"data":"hexamod:Float","floor":8.0,"key":"SMITH"},{"floor":13.0,"key":"REST"},{"data":"hexamod:HexaLevel","floor":18.0,"key":"SMITH"},{"data":"hexamod:ForkedFlame","floor":23.0,"key":"SMITH"},{"data":"hexamod:RainOfEmbers","floor":35.0,"key":"SMITH"},{"floor":48.0,"key":"REST"},{"floor":54.0,"key":"REST"}],"circlet_count":0,"master_deck":["hexamod:Strike+1","hexamod:Defend","hexamod:Sear+1","hexamod:Float+1","hexamod:ThirdSeal","hexamod:FirstSeal","hexamod:Hexaguard+1","hexamod:DynamicBlow","hexamod:FourthSeal","hexamod:ForkedFlame+1","hexamod:ShieldOfDarkness","hexamod:StepThrough+1","hexamod:PhantomCloak","hexamod:SoulSteal","hexamod:SixthSeal","hexamod:HexaLevel+1","hexamod:Incineration","hexamod:PowerFromBeyond+1","hexamod:EtherealExpedition+1","hexamod:PhantomFireball","hexamod:RainOfEmbers+1","hexamod:HeatCrush","hexamod:FlameSwitch+1","hexamod:RadiantFlame+1","hexamod:FlamesFromBeyond+1","hexamod:GhostflameInferno+1","hexamod:SecondSeal","hexamod:ShieldOfDarkness","hexamod:WildfireWeapon","hexamod:VolcanoVisage","hexamod:ShieldOfDarkness","hexamod:UnleashSpirits","hexamod:EtherealExpedition","hexamod:ThermalTransfer","hexamod:ThermalTransfer+1","hexamod:EtherealExpedition+1","hexamod:SearingWound","hexamod:NightmareGuise+1","hexamod:AdvancingGuard","hexamod:EmpoweredFlame+1","hexamod:FlamesFromBeyond+1","hexamod:Firestarter+1","hexamod:Toasty+1","hexamod:NightmareGuise+1","hexamod:Incineration+1","hexamod:GhostOfSpirePresent","hexamod:GhostShield","hexamod:Toasty","hexamod:Rewind+1","hexamod:RetreatToShadows","expansioncontent:InvincibleStrength+1","hexamod:FastForward"],"relics":["hexamod:SpiritBrand","downfall:HeartsMalice","Orichalcum","Toy Ornithopter","Art of War","downfall:HeartBlessingRed","expansioncontent:StudyCardRelic","downfall:KnowingSkull","Omamori","Calling Bell","War Paint","Darkstone Periapt","Prayer Wheel","downfall:HeartBlessingBlue","hexamod:JarOfFuel","sneckomod:BlankCard","Boot","downfall:HeartBlessingGreen","Bag of Marbles","Medical Kit"],"acts_visited":["Exordium","TheCity","TheBeyond","TheEnding"],"potions_floor_usage":[56,56],"damage_taken":[{"damage":0.0,"enemies":"Small Slimes","floor":4.0,"turns":1.0},{"damage":0.0,"enemies":"Jaw Worm","floor":5.0,"turns":1.0},{"damage":0.0,"enemies":"Cultist","floor":9.0,"turns":1.0},{"damage":20.0,"enemies":"Lagavulin","floor":11.0,"turns":8.0},{"damage":2.0,"enemies":"Gremlin Gang","floor":12.0,"turns":6.0},{"damage":10.0,"enemies":"2 Fungi Beasts","floor":14.0,"turns":4.0},{"damage":0.0,"enemies":"Large Slime","floor":15.0,"turns":3.0},{"damage":14.0,"enemies":"IC_STATUS_ARCHETYPE","floor":16.0,"turns":8.0},{"damage":5.0,"enemies":"Chosen","floor":19.0,"turns":3.0},{"damage":17.0,"enemies":"3 Cultists","floor":20.0,"turns":5.0},{"damage":1.0,"enemies":"downfall:FleeingMerchant","floor":21.0,"turns":4.0},{"damage":3.0,"enemies":"Snecko","floor":25.0,"turns":3.0},{"damage":8.0,"enemies":"Cultist and Chosen","floor":29.0,"turns":4.0},{"damage":3.0,"enemies":"Centurion and Healer","floor":30.0,"turns":4.0},{"damage":6.0,"enemies":"downfall:FleeingMerchant","floor":31.0,"turns":4.0},{"damage":14.0,"enemies":"Shelled Parasite and Fungi","floor":32.0,"turns":4.0},{"damage":53.0,"enemies":"DF_ARCHETYPE_CLAW","floor":33.0,"turns":10.0},{"damage":38.0,"enemies":"3 Darklings","floor":36.0,"turns":5.0},{"damage":30.0,"enemies":"3 Shapes","floor":37.0,"turns":4.0},{"damage":1.0,"enemies":"Transient","floor":38.0,"turns":5.0},{"damage":2.0,"enemies":"Sphere and 2 Shapes","floor":39.0,"turns":7.0},{"damage":1.0,"enemies":"downfall:FleeingMerchant","floor":40.0,"turns":4.0},{"damage":0.0,"enemies":"4 Shapes","floor":42.0,"turns":3.0},{"damage":0.0,"enemies":"Spire Growth","floor":43.0,"turns":1.0},{"damage":13.0,"enemies":"Maw","floor":44.0,"turns":6.0},{"damage":14.0,"enemies":"3 Darklings","floor":45.0,"turns":3.0},{"damage":8.0,"enemies":"Giant Head","floor":47.0,"turns":6.0},{"damage":5.0,"enemies":"Spire Growth","floor":49.0,"turns":4.0},{"damage":26.0,"enemies":"WA_ARCHETYPE_DIVINITY","floor":50.0,"turns":11.0},{"damage":43.0,"enemies":"downfall:CharBossMerchant","floor":52.0,"turns":11.0},{"damage":69.0,"enemies":"downfall:NeowBoss","floor":55.0,"turns":17.0},{"damage":79,"enemies":"downfall:NeowBoss","floor":56,"turns":21}],"seed_played":"5284273494309930560","potions_obtained":[{"floor":12.0,"key":"ColorlessPotion"},{"floor":14.0,"key":"PowerPotion"},{"floor":14.0,"key":"SteroidPotion"},{"floor":15.0,"key":"Slimebound:ThreeZeroPotion"},{"floor":19.0,"key":"Slimebound:ThreeZeroPotion"},{"floor":25.0,"key":"GamblersBrew"},{"floor":30.0,"key":"Strength Potion"},{"floor":32.0,"key":"PowerPotion"},{"floor":33.0,"key":"Swift Potion"},{"floor":36.0,"key":"SteroidPotion"},{"floor":39.0,"key":"Fruit Juice"},{"floor":39.0,"key":"Dexterity Potion"},{"floor":42.0,"key":"SmokeBomb"},{"floor":44.0,"key":"bronze:BurnAndBuffPotion"},{"floor":52.0,"key":"Ancient Potion"},{"floor":52.0,"key":"Ancient Potion"}],"is_trial":false,"path_per_floor":["R","?","?","M","M","?","T","R","M","?","E","M","R","M","M","B",null,"R","M","M","$","?","R","T","M","?","?","?","M","M","$","M","B",null,"R","M","M","M","M","$","T","M","M","M","M","?","E","R","M","B",null,"E","$","R","B","B",null],"character_chosen":"THE_SPIRIT","items_purchased":["hexamod:RainOfEmbers","hexamod:SecondSeal","Omamori","hexamod:JarOfFuel","Energy Potion","hexamod:RetreatToShadows","expansioncontent:InvincibleStrength","Medical Kit","hexamod:FastForward"],"campfire_rested":3,"item_purchase_floors":[21,31,31,40,53,53,53,53,53],"current_hp_per_floor":[70,70,70,70,70,52,52,52,52,52,39,44,65,62,69,55,70,70,70,60,66,59,59,59,61,61,61,61,58,62,63,56,13,70,80,49,26,32,47,51,51,51,56,50,36,36,28,53,55,29,85,49,49,74,17,1],"gold":52,"neow_bonus":"THREE_ENEMY_KILL","is_daily":false,"chose_seed":false,"campfire_upgraded":4,"win_rate":0.0,"timestamp":1611246844,"path_taken":["R","?","?","?","?","?","T","R","M","?","E","M","R","M","M","BOSS","R","M","M","$","?","R","T","?","?","?","?","?","M","$","M","BOSS","R","M","M","M","M","$","T","M","M","M","M","?","E","R","M","BOSS","E","$","R","BOSS","BOSS"],"items_purchased_type":["Card","Card","Relic","Relic","Potion","Card","Card","Relic","Card"],"build_version":"2020-12-22","purchased_purges":2,"victory":true,"max_hp_per_floor":[70,70,70,70,70,70,70,70,70,70,70,70,70,70,70,70,70,70,70,70,70,70,70,70,70,70,70,70,70,70,70,70,70,70,80,80,80,80,85,85,85,85,85,85,85,85,85,85,85,85,85,85,85,85,85,85],"card_choices":[{"not_picked":["hexamod:SwordOfDarkness","hexamod:HauntingEcho"],"picked":"hexamod:ThirdSeal","floor":4.0},{"not_picked":["hexamod:PhantomFireball","hexamod:GhostShield"],"picked":"hexamod:FirstSeal","floor":5.0},{"not_picked":["hexamod:DynamicBlow","hexamod:EtherealExpedition"],"picked":"hexamod:Hexaguard","floor":9.0},{"not_picked":["hexamod:CatchUp","hexamod:GhostShield"],"picked":"hexamod:DynamicBlow","floor":11.0},{"not_picked":["hexamod:NightmareStrike","hexamod:SpectralAdrenaline"],"picked":"hexamod:FourthSeal","floor":12.0},{"not_picked":["hexamod:BurningTouch","hexamod:FastForward"],"picked":"hexamod:ForkedFlame","floor":12.0},{"not_picked":["hexamod:DynamicBlow","hexamod:SoulSteal"],"picked":"hexamod:ShieldOfDarkness","floor":14.0},{"not_picked":["hexamod:RadiantFlame","hexamod:GhostLash"],"picked":"hexamod:StepThrough","floor":14.0},{"not_picked":["hexamod:RainOfEmbers","hexamod:EmpoweredFlame"],"picked":"hexamod:PhantomCloak","floor":15.0},{"not_picked":["hexamod:SwordOfDarkness","hexamod:BacktrackSmack"],"picked":"hexamod:SoulSteal","floor":15.0},{"not_picked":["hexamod:ApocalypticArmor","hexamod:TurnItUp"],"picked":"hexamod:SixthSeal","floor":16.0},{"not_picked":["hexamod:ApocalypseNow","hexamod:FlameSwitch"],"picked":"hexamod:HexaLevel","floor":16.0},{"not_picked":["hexamod:Firestarter","hexamod:ThirdSeal"],"picked":"hexamod:Incineration","floor":19.0},{"not_picked":["hexamod:RecurringNightmare","hexamod:ShieldOfDarkness"],"picked":"hexamod:PowerFromBeyond","floor":19.0},{"not_picked":["hexamod:FirstSeal","hexamod:EmpoweredFlame"],"picked":"hexamod:EtherealExpedition+1","floor":20.0},{"not_picked":["hexamod:SpectralSpark+1","hexamod:SpectralAdrenaline"],"picked":"hexamod:PhantomFireball","floor":21.0},{"not_picked":["hexamod:InspiringFlames","hexamod:BacktrackSmack"],"picked":"hexamod:HeatCrush","floor":25.0},{"not_picked":["hexamod:Incineration+1","hexamod:ThermalTransfer"],"picked":"hexamod:RadiantFlame","floor":29.0},{"not_picked":["hexamod:NightmareGuise","hexamod:BacktrackSmack+1"],"picked":"hexamod:FlamesFromBeyond+1","floor":30.0},{"not_picked":["hexamod:PhantomFireball","hexamod:GhostLash"],"picked":"hexamod:GhostflameInferno","floor":31.0},{"not_picked":["hexamod:HeatMetal+1","hexamod:FastForward"],"picked":"hexamod:ShieldOfDarkness","floor":32.0},{"not_picked":["hexamod:Toasty","hexamod:UnlimitedPower"],"picked":"hexamod:WildfireWeapon","floor":33.0},{"not_picked":["hexamod:SearingWound","hexamod:GhostOfSpirePresent"],"picked":"hexamod:VolcanoVisage","floor":33.0},{"not_picked":["hexamod:SuperheatedStrike","hexamod:GhostOfSpirePast+1"],"picked":"hexamod:ShieldOfDarkness","floor":36.0},{"not_picked":["hexamod:AdvancingGuard+1","hexamod:InspiringFlames+1"],"picked":"hexamod:UnleashSpirits","floor":36.0},{"not_picked":["hexamod:PhantomCloak","hexamod:SwordOfDarkness+1"],"picked":"hexamod:EtherealExpedition","floor":36.0},{"not_picked":["hexamod:HeatMetal+1","hexamod:FourthSeal"],"picked":"hexamod:ThermalTransfer","floor":37.0},{"not_picked":["hexamod:DynamicBlow","hexamod:EmpoweredFlame+1"],"picked":"hexamod:ThermalTransfer+1","floor":37.0},{"not_picked":["hexamod:AdvancingGuard","hexamod:Firestarter+1"],"picked":"hexamod:EtherealExpedition+1","floor":38.0},{"not_picked":["hexamod:GhostLash","hexamod:SuperheatedStrike+1"],"picked":"hexamod:SearingWound","floor":38.0},{"not_picked":["hexamod:Firestarter","hexamod:SpectralAdrenaline"],"picked":"hexamod:NightmareGuise+1","floor":39.0},{"not_picked":["hexamod:HauntingEcho","hexamod:GhostOfSpirePast"],"picked":"hexamod:AdvancingGuard","floor":39.0},{"not_picked":["hexamod:AdvancingGuard+1","hexamod:SwordOfDarkness"],"picked":"hexamod:EmpoweredFlame+1","floor":39.0},{"not_picked":["hexamod:GhostOfSpireFuture","hexamod:RecurringNightmare"],"picked":"hexamod:FlamesFromBeyond","floor":40.0},{"not_picked":["hexamod:FourthSeal","hexamod:ThermalTransfer"],"picked":"hexamod:Firestarter+1","floor":42.0},{"not_picked":["hexamod:InspiringFlames","hexamod:HeatMetal"],"picked":"hexamod:Toasty","floor":42.0},{"not_picked":["hexamod:GhostOfSpireFuture","hexamod:BacktrackSmack+1"],"picked":"hexamod:NightmareGuise+1","floor":44.0},{"not_picked":["hexamod:GhostLash","hexamod:Again+1"],"picked":"hexamod:Incineration+1","floor":44.0},{"not_picked":["hexamod:BurningTouch","hexamod:SpectralAdrenaline"],"picked":"hexamod:GhostOfSpirePresent","floor":45.0},{"not_picked":["hexamod:NightmareGuise","hexamod:HeatMetal+1","hexamod:BurningTouch"],"picked":"SKIP","floor":45.0},{"not_picked":["hexamod:SpectersWail","hexamod:BacktrackSmack"],"picked":"hexamod:GhostShield","floor":47.0},{"not_picked":["hexamod:InspiringFlames+1","hexamod:StepThrough+1"],"picked":"hexamod:Toasty","floor":49.0},{"not_picked":["hexamod:BurningTouch","hexamod:AdvancingGuard","hexamod:InspiringFlames+1"],"picked":"SKIP","floor":49.0},{"not_picked":["hexamod:HauntingEcho","hexamod:SoulSteal+1"],"picked":"hexamod:Rewind+1","floor":52.0}],"player_experience":236358,"relics_obtained":[{"floor":7.0,"key":"Toy Ornithopter"},{"floor":11.0,"key":"Art of War"},{"floor":34.0,"key":"War Paint"},{"floor":34.0,"key":"Darkstone Periapt"},{"floor":34.0,"key":"Prayer Wheel"},{"floor":41.0,"key":"sneckomod:BlankCard"},{"floor":47.0,"key":"Boot"},{"floor":52.0,"key":"Bag of Marbles"}],"event_choices":[{"damage_healed":0.0,"max_hp_gain":0.0,"max_hp_loss":0.0,"gold_gain":0.0,"event_name":"Scrap Ooze","player_choice":"Success","floor":6.0,"gold_loss":0.0,"damage_taken":18.0,"relics_obtained":["Orichalcum"]},{"cards_removed":["hexamod:Defend"],"damage_healed":0.0,"max_hp_gain":0.0,"max_hp_loss":0.0,"gold_gain":0.0,"event_name":"The Cleric","player_choice":"Card Removal","floor":10.0,"gold_loss":0.0,"damage_taken":0.0},{"damage_healed":0.0,"max_hp_gain":0.0,"max_hp_loss":0.0,"gold_gain":0.0,"event_name":"The Library","player_choice":"Read","floor":27.0,"gold_loss":0.0,"damage_taken":0.0,"cards_obtained":["hexamod:FlameSwitch"]}],"is_beta":false,"boss_relics":[{"not_picked":["hexamod:UnbrokenSoul","Astrolabe"],"picked":"expansioncontent:StudyCardRelic"},{"not_picked":["Runic Pyramid","Velvet Choker"],"picked":"Calling Bell"}],"items_purged_floors":[21,40],"is_endless":false,"potions_floor_spawned":[12,14,15,16,30,32,33,36,39,42,44,52],"ascension_level":0}}