{"host":"3zhcrllo23fhqv4x","time":1611187332,"event":{"mods":["AchievementEnabler","BaseMod","Downfall","Hermit","Jorbs\u0027s Wanderer Trilogy","Marisa????????","Minty Spire (QoL Compilation)","Remilia??????","StSLib","The Cursed","The Disciple","The Hierophant","The Runesmith","The Servant 0.9.4"],"gold_per_floor":[99,110,110,110,61,71,71,88,122,138,313,113,123,143,161,261,261,261,276,276,290,300,300,349,349,369,369,369,404,304,330,343,445,445,445,460,474,528,540,163,190,210,45,57,82,82,96,110,120,120,120,120,120,120],"floor_reached":52,"language":"ENG","playtime":2945,"items_purged":["Doubt"],"score":730,"play_id":"2c511cca-2a00-4bfa-a41a-e923999c4520","local_time":"20210120190212","is_ascension_mode":false,"campfire_choices":[{"floor":1.0,"key":"RECALL"},{"data":"Slimebound:Prepare","floor":12.0,"key":"SMITH"},{"data":"Slimebound:FirmFortitude","floor":18.0,"key":"SMITH"},{"data":"Slimebound:SplitSpecialist","floor":23.0,"key":"SMITH"},{"data":"Slimebound:SplitLeeching","floor":25.0,"key":"SMITH"},{"floor":30.0,"key":"REST"},{"data":"Slimebound:MassFeed","floor":35.0,"key":"SMITH"},{"floor":46,"key":"REST"}],"circlet_count":0,"master_deck":["Slimebound:Strike_Slimebound","Slimebound:Strike_Slimebound","Slimebound:Strike_Slimebound","Slimebound:Tackle","Slimebound:Defend_Slimebound","Slimebound:Defend_Slimebound","Slimebound:Defend_Slimebound","Slimebound:Defend_Slimebound","Slimebound:Split+1","Slimebound:CorrosiveSpit","Slimebound:SlimeSpikes","Slimebound:SamplingLick","Slimebound:DivideAndConquer","Slimebound:Prepare+1","Slimebound:SplitMire","Slimebound:SplitAcid","Slimebound:MegaLick","Slimebound:HauntingLick","Slimebound:GoopSpray","Slimebound:SplitSpecialist+1","Slimebound:FirmFortitude+1","Slimebound:SplitLeeching+1","Slimebound:LeechEnergy","Slimebound:SplitAcid+1","Slimebound:Prepare+1","Slimebound:SplitLeeching","Slimebound:PrepareCrush","Slimebound:DisruptingSlam+1","Slimebound:MassFeed+1","Slimebound:GrowthPunch+1","Slimebound:SamplingLick+1","Slimebound:SpikyOuterGoop+1","Slimebound:SplitBruiser+1","Slimebound:LevelUp+1","Slimebound:LeechEnergy+1","Slimebound:LeadByExample+1","Slimebound:LevelUp","Slimebound:SamplingLick+1","Slimebound:TongueLash+1","Slimebound:FinishingTackle+1"],"relics":["Slimebound:AbsorbEndCombatUpgraded","Strawberry","downfall:ShatteredFragment","Centennial Puzzle","downfall:HeartBlessingRed","downfall:HeartBlessingBlue","Black Star","Tiny Chest","Nilry\u0027s Codex","Boot","InkBottle","downfall:HeartBlessingGreen","PreservedInsect","Ancient Tea Set","Regal Pillow","Toolbox","Oddly Smooth Stone","Smiling Mask","OrangePellets","Lizard Tail","Letter Opener"],"acts_visited":["Exordium","TheCity","TheBeyond","TheEnding"],"potions_floor_usage":[50],"damage_taken":[{"damage":0.0,"enemies":"2 Louse","floor":2.0,"turns":2.0},{"damage":0.0,"enemies":"downfall:FleeingMerchant","floor":5.0,"turns":4.0},{"damage":0.0,"enemies":"Small Slimes","floor":6.0,"turns":2.0},{"damage":0.0,"enemies":"Cultist","floor":8.0,"turns":3.0},{"damage":5.0,"enemies":"3 Sentries","floor":9.0,"turns":4.0},{"damage":10.0,"enemies":"Gremlin Gang","floor":10.0,"turns":2.0},{"damage":7.0,"enemies":"3 Louse","floor":13.0,"turns":3.0},{"damage":6.0,"enemies":"Exordium Wildlife","floor":14.0,"turns":3.0},{"damage":0.0,"enemies":"Red Slaver","floor":15.0,"turns":3.0},{"damage":10.0,"enemies":"WA_ARCHETYPE_RETAIN","floor":16.0,"turns":6.0},{"damage":0.0,"enemies":"3 Byrds","floor":19.0,"turns":3.0},{"damage":0.0,"enemies":"Spheric Guardian","floor":21.0,"turns":3.0},{"damage":2.0,"enemies":"Cultist and Chosen","floor":22.0,"turns":5.0},{"damage":3.0,"enemies":"3 Cultists","floor":26.0,"turns":4.0},{"damage":32.0,"enemies":"Slavers","floor":29.0,"turns":3.0},{"damage":6.0,"enemies":"Book of Stabbing","floor":31.0,"turns":5.0},{"damage":0.0,"enemies":"Shelled Parasite and Fungi","floor":32.0,"turns":4.0},{"damage":1.0,"enemies":"SI_MIRROR_ARCHETYPE","floor":33.0,"turns":9.0},{"damage":0.0,"enemies":"3 Shapes","floor":36.0,"turns":3.0},{"damage":30.0,"enemies":"3 Darklings","floor":37.0,"turns":4.0},{"damage":21.0,"enemies":"Spire Growth","floor":39.0,"turns":5.0},{"damage":0.0,"enemies":"downfall:FleeingMerchant","floor":40.0,"turns":4.0},{"damage":33.0,"enemies":"Jaw Worm Horde","floor":42.0,"turns":4.0},{"damage":0.0,"enemies":"downfall:FleeingMerchant","floor":43.0,"turns":4.0},{"damage":14.0,"enemies":"Sphere and 2 Shapes","floor":44.0,"turns":4.0},{"damage":58.0,"enemies":"Nemesis","floor":45.0,"turns":6.0},{"damage":10,"enemies":"Maw","floor":47,"turns":7},{"damage":9,"enemies":"Spire Growth","floor":48,"turns":5},{"damage":3,"enemies":"Transient","floor":49,"turns":5},{"damage":116,"enemies":"DF_ARCHETYPE_ORBS","floor":50,"turns":8},{"damage":108,"enemies":"downfall:CharBossMerchant","floor":52,"turns":6}],"seed_played":"6104630434202384596","potions_obtained":[{"floor":8.0,"key":"Dexterity Potion"},{"floor":9.0,"key":"LiquidMemories"},{"floor":14.0,"key":"SteroidPotion"},{"floor":16.0,"key":"PowerPotion"},{"floor":19.0,"key":"Energy Potion"},{"floor":20.0,"key":"downfall:CursedFountainPotion"},{"floor":31.0,"key":"EssenceOfSteel"},{"floor":32.0,"key":"EssenceOfSteel"},{"floor":37.0,"key":"Strength Potion"},{"floor":44.0,"key":"hexamod:SoulburnPotion"},{"floor":47,"key":"FearPotion"},{"floor":48,"key":"bronze:BurnAndBuffPotion"}],"is_trial":false,"path_per_floor":["R","M","?","?","$","M","T","M","E","M","?","R","M","M","M","B",null,"R","M","?","M","M","R","T","R","M","?","?","E","R","E","M","B",null,"R","M","M","T","M","$","T","M","$","M","E","R","M","M","M","B",null,"E"],"character_chosen":"SLIMEBOUND","items_purchased":["Slimebound:DivideAndConquer","Toolbox","Oddly Smooth Stone","OrangePellets"],"campfire_rested":2,"item_purchase_floors":[5,40,40,43],"current_hp_per_floor":[72,72,54,54,60,64,64,66,69,61,61,71,70,70,74,72,82,82,82,82,82,80,80,80,80,81,65,65,56,80,80,82,81,82,82,82,64,64,58,64,64,43,55,60,17,57,56,62,71,18,86,0,0,0],"gold":120,"neow_bonus":"RANDOM_COMMON_RELIC","is_daily":false,"chose_seed":false,"campfire_upgraded":5,"win_rate":0.0,"timestamp":1611187332,"path_taken":["R","M","?","?","$","?","T","?","E","M","?","R","M","M","M","BOSS","R","M","?","M","?","R","T","R","M","?","?","E","R","E","M","BOSS","R","M","?","?","M","$","T","M","$","M","E","R","M","?","M","BOSS","E"],"items_purchased_type":["Card","Relic","Relic","Relic"],"build_version":"2020-12-22","purchased_purges":1,"victory":false,"max_hp_per_floor":[72,72,72,72,72,72,72,72,72,72,72,82,82,82,82,82,82,82,82,82,82,82,82,82,82,82,82,82,82,82,82,82,82,82,82,82,82,82,82,82,82,82,82,86,86,86,86,86,86,86,86,86,86,86],"card_choices":[{"not_picked":["Slimebound:Schlurp","Slimebound:FinishingTackle"],"picked":"Slimebound:SlimeSpikes","floor":2.0},{"not_picked":["Slimebound:Gluttony","Slimebound:RallyTheTroops"],"picked":"Slimebound:SamplingLick","floor":5.0},{"not_picked":["Slimebound:SlimeSpikes","Slimebound:SplitAcid"],"picked":"Slimebound:Prepare","floor":6.0},{"not_picked":["Slimebound:FinishingTackle","Slimebound:Nibble"],"picked":"Slimebound:SplitMire","floor":8.0},{"not_picked":["Slimebound:SpikyOuterGoop","Slimebound:SplitLeeching"],"picked":"Slimebound:SplitAcid","floor":9.0},{"not_picked":["Slimebound:FinishingTackle","Slimebound:ForwardTackle"],"picked":"Slimebound:MegaLick","floor":10.0},{"not_picked":["Slimebound:SlimeSpikes","Slimebound:ComboTackle"],"picked":"Slimebound:HauntingLick","floor":13.0},{"not_picked":["Slimebound:PressTheAttack","Slimebound:Grow"],"picked":"Slimebound:GoopSpray","floor":14.0},{"not_picked":["Slimebound:ProtectTheBoss","Slimebound:SamplingLick"],"picked":"Slimebound:SplitSpecialist","floor":15.0},{"not_picked":["Slimebound:OneTwoCombo","Slimebound:CheckThePlaybook"],"picked":"Slimebound:FirmFortitude","floor":16.0},{"not_picked":["Slimebound:GoopSpray","Slimebound:ComboTackle"],"picked":"Slimebound:SplitLeeching","floor":19.0},{"not_picked":["Slimebound:Chomp","Slimebound:ItLooksTasty"],"picked":"Slimebound:LeechEnergy","floor":21.0},{"not_picked":["Slimebound:SamplingLick","Slimebound:Replication"],"picked":"Slimebound:SplitAcid","floor":22.0},{"not_picked":["Slimebound:ViciousTackle","Slimebound:BestDefense"],"picked":"Slimebound:Prepare+1","floor":26.0},{"not_picked":["Slimebound:Chomp","Slimebound:ForwardTackle"],"picked":"Slimebound:SplitLeeching","floor":29.0},{"not_picked":["Slimebound:ComboTackle+1","Slimebound:ViciousTackle+1"],"picked":"Slimebound:PrepareCrush","floor":31.0},{"not_picked":["Slimebound:ItLooksTasty","Slimebound:PressTheAttack+1"],"picked":"Slimebound:DisruptingSlam+1","floor":32.0},{"not_picked":["Slimebound:MinionMaster","Slimebound:SlimeSlap"],"picked":"Slimebound:MassFeed","floor":33.0},{"not_picked":["Slimebound:RollThrough+1","Slimebound:SamplingLick+1"],"picked":"Slimebound:GrowthPunch+1","floor":36.0},{"not_picked":["Slimebound:SpikyOuterGoop","Slimebound:GrowthPunch"],"picked":"Slimebound:SamplingLick+1","floor":37.0},{"not_picked":["Slimebound:AcidTongue","Slimebound:ItLooksTasty+1"],"picked":"Slimebound:SpikyOuterGoop+1","floor":39.0},{"not_picked":["Slimebound:RainOfGoop","Slimebound:SamplingLick"],"picked":"Slimebound:SplitBruiser+1","floor":40.0},{"not_picked":["Slimebound:SlimeBrawl","Slimebound:Prepare"],"picked":"Slimebound:LevelUp+1","floor":42.0},{"not_picked":["Slimebound:ItLooksTasty","Slimebound:GoopTackle"],"picked":"Slimebound:LeechEnergy+1","floor":43.0},{"not_picked":["Slimebound:SplitLeeching","Slimebound:MinionMaster"],"picked":"Slimebound:LeadByExample+1","floor":44.0},{"not_picked":["Slimebound:WasteNot","Slimebound:LeechEnergy"],"picked":"Slimebound:LevelUp","floor":45.0},{"not_picked":["Slimebound:GrowthPunch","Slimebound:SlimeSpikes"],"picked":"Slimebound:SamplingLick+1","floor":47},{"not_picked":["Slimebound:FlameTackle","Slimebound:ViciousTackle"],"picked":"Slimebound:TongueLash+1","floor":48},{"not_picked":["Slimebound:Prepare","Slimebound:Grow"],"picked":"Slimebound:FinishingTackle+1","floor":49}],"player_experience":314453,"relics_obtained":[{"floor":9.0,"key":"Centennial Puzzle"},{"floor":24.0,"key":"Tiny Chest"},{"floor":27.0,"key":"Nilry\u0027s Codex"},{"floor":29.0,"key":"Boot"},{"floor":29.0,"key":"InkBottle"},{"floor":31.0,"key":"PreservedInsect"},{"floor":31.0,"key":"Ancient Tea Set"},{"floor":38.0,"key":"Regal Pillow"},{"floor":41.0,"key":"Smiling Mask"},{"floor":45.0,"key":"Lizard Tail"},{"floor":45.0,"key":"Letter Opener"}],"event_choices":[],"is_beta":false,"boss_relics":[{"not_picked":["Runic Dome","Empty Cage"],"picked":"Black Star"},{"not_picked":["Calling Bell","Sozu"],"picked":"Slimebound:AbsorbEndCombatUpgraded"}],"items_purged_floors":[40],"is_endless":false,"potions_floor_spawned":[8,9,14,16,19,26,31,32,37,44,47,48],"killed_by":"downfall:CharBossMerchant","ascension_level":0}}