{"host":"627up2rvtmm0cf0r","time":1611229906,"event":{"mods":["100% Spire Juice","ATMod(°¢èªMod)","Act Like it!","BaseMod","Better Vampires","CapriCore","Card Filter","Card Forge","Colored Powertips","DeckTracker","Dota2Spire","Downfall","Energized Spire","Friendly Minions","Highlight Path","Infinite Spire","Jedi Mod","Marked Mod","Mimic Mod","Minty Spire (QoL Compilation)","MostiFishMod","Permanent Neow","Practice Mode","Quick Restart","Relic Stats","Shop Mod","Spicy Shops","StSLib","SuperFastMode","TestMod","The Blackbeard","The Marked","¡¾ÒÅÎï¿¨ÅÆ¡¿REMEMod","²ÐÁôÖ®Îï","óô»ðÖ¸ÄÏ"],"gold_per_floor":[399,413,428,38,52,52,52,87,112,112,128,143,172,87,101,205,205,205,218,303,315,315,106,158,158,158,189,205,205,80,90,109,208,208,208,226,76,93,93,108,135,162,162,173,173,188,203,55,69,69],"floor_reached":51,"language":"ZHS","playtime":1927,"items_purged":["hexamod:Strike","hexamod:Strike","hexamod:Strike","hexamod:Defend","hexamod:Defend","hexamod:Defend"],"score":886,"play_id":"98e46a54-c88e-4469-b427-b881ca6f26ee","local_time":"20210121195145","is_ascension_mode":false,"campfire_choices":[{"data":"theMarked:TakeOffHeels","floor":1,"key":"SMITH"},{"data":"hexamod:ForkedFlame","floor":6,"key":"SMITH"},{"data":"MostiFishMod:SephirahHod","floor":18,"key":"SMITH"},{"data":"hexamod:TimeOfNeed","floor":35,"key":"SMITH"}],"circlet_count":0,"master_deck":["hexamod:Float+1","theMarked:TakeOffHeels+1","hexamod:ForkedFlame+1","hexamod:Hexaguard","hexamod:TimeOfNeed+1","MostiFishMod:SephirahHod+1","hexamod:ForkedFlame","hexamod:ForkedFlame"],"relics":["hexamod:SpiritBrand","Hammer of Thor","Seething Fire","Anvil of the Gods","DaveBox","testmod-TestBox","REME_ComplimentaryCards","AT_ATBox","testmod-Muramasa","Old Coin","testmod-IntensifyImprint","Matryoshka","infinitespire:Beetle Shell","Bag of Marbles","testmod-LifeArmor","Dota2Spire:HeartOfTarrasque","MostiFishMod:Hod","Enchiridion","AT_ArchangelStaff","hexamod:MatchstickCase","testmod-AssaultLearning","jedi:bottledfury","Gremlin Horn","Oddly Smooth Stone","Darkstone Periapt","REME_DemonsWealth","testmod-FatalChain","Orichalcum","Dota2Spire:DrumOfEndurance","Medical Kit"],"acts_visited":["Exordium","TheCity","TheBeyond"],"potions_floor_usage":[12],"damage_taken":[{"damage":0,"enemies":"Cultist","floor":2,"turns":3},{"damage":1,"enemies":"Jaw Worm","floor":3,"turns":2},{"damage":0,"enemies":"downfall:FleeingMerchant","floor":4,"turns":4},{"damage":8,"enemies":"2 Louse","floor":5,"turns":2},{"damage":0,"enemies":"Red Slaver","floor":8,"turns":4},{"damage":6,"enemies":"Gremlin Nob","floor":9,"turns":3},{"damage":0,"enemies":"Red Slaver","floor":11,"turns":2},{"damage":0,"enemies":"Gremlin Gang","floor":12,"turns":2},{"damage":17,"enemies":"Lagavulin","floor":13,"turns":4},{"damage":0,"enemies":"downfall:FleeingMerchant","floor":14,"turns":4},{"damage":0,"enemies":"Exordium Thugs","floor":15,"turns":4},{"damage":22,"enemies":"DF_ARCHETYPE_STREAMLINE","floor":16,"turns":10},{"damage":3,"enemies":"Shell Parasite","floor":19,"turns":3},{"damage":0,"enemies":"Chosen","floor":21,"turns":3},{"damage":3,"enemies":"downfall:FleeingMerchant","floor":23,"turns":3},{"damage":10,"enemies":"Slavers","floor":27,"turns":2},{"damage":0,"enemies":"Centurion and Healer","floor":28,"turns":3},{"damage":0,"enemies":"3 Cultists","floor":31,"turns":3},{"damage":0,"enemies":"Snake Plant","floor":32,"turns":1},{"damage":11,"enemies":"IC_MUSHROOM_ARCHETYPE","floor":33,"turns":3},{"damage":0,"enemies":"3 Darklings","floor":36,"turns":1},{"damage":0,"enemies":"Orb Walker","floor":38,"turns":1},{"damage":0,"enemies":"Jaw Worm Horde","floor":40,"turns":1},{"damage":0,"enemies":"Nemesis","floor":42,"turns":2},{"damage":0,"enemies":"Transient","floor":44,"turns":5},{"damage":0,"enemies":"Sphere and 2 Shapes","floor":46,"turns":1},{"damage":0,"enemies":"Spire Growth","floor":47,"turns":1},{"damage":0,"enemies":"3 Darklings","floor":49,"turns":1},{"damage":0,"enemies":"WA_ARCHETYPE_DIVINITY","floor":50,"turns":3}],"seed_played":"3804403685217926130","potions_obtained":[{"floor":9,"key":"hexamod:EctoCoolerPotion"},{"floor":11,"key":"Fire Potion"},{"floor":12,"key":"Explosive Potion"},{"floor":13,"key":"DistilledChaos"}],"is_trial":false,"path_per_floor":["R","M","M","$","M","R","T","MIM","E","?","M","M","E","$","M","B",null,"R","M","?","M","?","$","T","AVR","?","E","M","T","$","M","M","B",null,"R","M","$","M","AVR","M","T","E","R","M","?","M","M","$","M","B",null],"character_chosen":"THE_SPIRIT","items_purchased":["testmod-IntensifyImprint","Dota2Spire:HeartOfTarrasque","AT_ArchangelStaff","hexamod:MatchstickCase","hexamod:ForkedFlame","Medical Kit"],"campfire_rested":0,"item_purchase_floors":[4,14,23,23,23,48],"current_hp_per_floor":[70,70,69,69,61,61,61,61,55,55,55,55,38,46,50,28,78,78,75,61,61,45,42,42,42,42,32,32,32,32,32,32,21,78,78,78,78,78,78,78,78,78,78,78,70,70,70,70,70,70],"gold":69,"neow_bonus":"REMOVE_CARD","is_daily":false,"chose_seed":false,"campfire_upgraded":4,"win_rate":0.0,"timestamp":1611229905,"path_taken":["R","M","M","$","M","R","T","?","E","?","?","?","E","?","M","BOSS","R","M","?","M","?","$","T","AVR","?","E","M","?","?","M","M","BOSS","R","M","?","M","AVR","M","T","E","R","M","?","?","M","$","M","BOSS"],"items_purchased_type":["Relic","Relic","Relic","Relic","Card","Relic"],"build_version":"2020-12-22","purchased_purges":6,"victory":true,"max_hp_per_floor":[70,70,70,70,70,70,70,70,70,70,70,70,70,78,78,78,78,78,78,78,78,78,78,78,78,78,78,78,78,78,78,78,78,78,78,78,78,78,78,78,78,78,78,78,78,78,78,78,78,78],"relic_stats":{"Darkstone Periapt":0,"Gremlin Horn":[10,10],"counters":[29,81],"Orichalcum":[0],"Medical Kit":[0],"obtain_stats":[{"Darkstone Periapt":29,"AT_ATBox":0,"DaveBox":0,"Gremlin Horn":25,"Enchiridion":22,"Dota2Spire:DrumOfEndurance":42,"Hammer of Thor":0,"testmod-LifeArmor":13,"jedi:bottledfury":24,"AT_ArchangelStaff":23,"Old Coin":0,"REME_DemonsWealth":34,"Matryoshka":7,"hexamod:SpiritBrand":0,"testmod-IntensifyImprint":4,"MostiFishMod:Hod":17,"testmod-Muramasa":0,"testmod-TestBox":0,"testmod-FatalChain":39,"Oddly Smooth Stone":27,"infinitespire:Beetle Shell":8,"Dota2Spire:HeartOfTarrasque":14,"Seething Fire":0,"Orichalcum":41,"Medical Kit":48,"hexamod:MatchstickCase":23,"Anvil of the Gods":0,"testmod-AssaultLearning":24,"Bag of Marbles":9,"REME_ComplimentaryCards":0},{"Darkstone Periapt":17,"AT_ATBox":0,"DaveBox":0,"Gremlin Horn":15,"Enchiridion":14,"Dota2Spire:DrumOfEndurance":24,"Hammer of Thor":0,"testmod-LifeArmor":9,"jedi:bottledfury":15,"AT_ArchangelStaff":15,"Old Coin":0,"REME_DemonsWealth":20,"Matryoshka":4,"hexamod:SpiritBrand":0,"testmod-IntensifyImprint":3,"MostiFishMod:Hod":12,"testmod-Muramasa":0,"testmod-TestBox":0,"testmod-FatalChain":22,"Oddly Smooth Stone":16,"infinitespire:Beetle Shell":5,"Dota2Spire:HeartOfTarrasque":10,"Seething Fire":0,"Orichalcum":23,"Medical Kit":27,"hexamod:MatchstickCase":15,"Anvil of the Gods":0,"testmod-AssaultLearning":15,"Bag of Marbles":6,"REME_ComplimentaryCards":0},{"Darkstone Periapt":58,"AT_ATBox":0,"DaveBox":0,"Gremlin Horn":53,"Enchiridion":50,"Dota2Spire:DrumOfEndurance":70,"Hammer of Thor":0,"testmod-LifeArmor":26,"jedi:bottledfury":53,"AT_ArchangelStaff":53,"Old Coin":0,"REME_DemonsWealth":65,"Matryoshka":11,"hexamod:SpiritBrand":0,"testmod-IntensifyImprint":9,"MostiFishMod:Hod":44,"testmod-Muramasa":0,"testmod-TestBox":0,"testmod-FatalChain":67,"Oddly Smooth Stone":55,"infinitespire:Beetle Shell":15,"Dota2Spire:HeartOfTarrasque":30,"Seething Fire":0,"Orichalcum":68,"Medical Kit":77,"hexamod:MatchstickCase":53,"Anvil of the Gods":0,"testmod-AssaultLearning":53,"Bag of Marbles":18,"REME_ComplimentaryCards":0}]},"card_choices":[{"not_picked":["hexamod:SpectersWail","hexamod:AdvancingGuard","hexamod:GhostShield"],"picked":"SKIP","floor":2},{"not_picked":["hexamod:SkipABeat","hexamod:BacktrackSmack","hexamod:HauntingEcho"],"picked":"SKIP","floor":3},{"not_picked":["hexamod:EmpoweredFlame","hexamod:ShieldOfDarkness"],"picked":"hexamod:ForkedFlame","floor":4},{"not_picked":["hexamod:BurningTouch","hexamod:CatchUp","hexamod:GhostShield"],"picked":"SKIP","floor":5},{"not_picked":["hexamod:PhantomCloak","hexamod:SkipABeat","hexamod:FlameSwitch"],"picked":"SKIP","floor":9},{"not_picked":["hexamod:GhostOfSpireFuture","hexamod:RainOfEmbers","hexamod:EmpoweredFlame"],"picked":"SKIP","floor":11},{"not_picked":["hexamod:HeatMetal","hexamod:BacktrackSmack"],"picked":"hexamod:Hexaguard","floor":12},{"not_picked":["hexamod:Haunt","hexamod:ExtraCrispy","hexamod:EmpoweredFlame"],"picked":"SKIP","floor":13},{"not_picked":["hexamod:InspiringFlames","hexamod:ShieldOfDarkness","hexamod:RecurringNightmare"],"picked":"SKIP","floor":14},{"not_picked":["hexamod:PhantomFireball","hexamod:GhostOfSpireFuture","hexamod:ExtraCrispy"],"picked":"SKIP","floor":15},{"not_picked":["hexamod:TurnItUp","hexamod:GhostflameInferno"],"picked":"hexamod:TimeOfNeed","floor":16},{"not_picked":["hexamod:ThermalTransfer","hexamod:InspiringFlames","hexamod:BacktrackSmack"],"picked":"SKIP","floor":19},{"not_picked":["hexamod:InspiringFlames","hexamod:AdvancingGuard+1","hexamod:HeatMetal"],"picked":"SKIP","floor":21},{"not_picked":["hexamod:SwordOfDarkness","hexamod:AdvancingGuard","hexamod:Firestarter+1"],"picked":"SKIP","floor":23},{"not_picked":["hexamod:Firestarter+1","hexamod:HeatShield+1","hexamod:TurnItUp"],"picked":"SKIP","floor":27},{"not_picked":["hexamod:GhostOfSpireFuture+1","hexamod:Again","hexamod:GhostLash+1"],"picked":"SKIP","floor":28},{"not_picked":["hexamod:NightmareStrike","hexamod:GhostLash","hexamod:AdvancingGuard+1"],"picked":"SKIP","floor":31},{"not_picked":["hexamod:BurningTouch","hexamod:GhostOfSpirePresent","hexamod:NightmareGuise"],"picked":"SKIP","floor":32},{"not_picked":["hexamod:TimeOfNeed","hexamod:UnleashSpirits"],"picked":"hexamod:ForkedFlame","floor":33},{"not_picked":["hexamod:BurningTouch+1","hexamod:Hexaguard","hexamod:SpectralAdrenaline+1","Pain"],"picked":"SKIP","floor":36},{"not_picked":["hexamod:EmpoweredFlame+1","hexamod:NightmareStrike","hexamod:NecessarySacrifice","downfall:Icky"],"picked":"SKIP","floor":38},{"not_picked":["hexamod:Again+1","hexamod:HeatShield","hexamod:GhostShield","jedi:frostbite"],"picked":"SKIP","floor":40},{"not_picked":["hexamod:InspiringFlames","hexamod:Hexaguard+1","hexamod:HauntingEcho+1","downfall:Haunted"],"picked":"SKIP","floor":42},{"not_picked":["hexamod:BurningTouch","hexamod:ParanormalForm","hexamod:HeatMetal","downfall:Bewildered"],"picked":"SKIP","floor":44},{"not_picked":["hexamod:SpectersWail+1","hexamod:SkipABeat+1","hexamod:GhostOfSpirePast","Doubt"],"picked":"SKIP","floor":46},{"not_picked":["hexamod:SwordOfDarkness+1","hexamod:Rewind","hexamod:ThirdSeal","Regret"],"picked":"SKIP","floor":47},{"not_picked":["hexamod:RadiantFlame","hexamod:FastForward+1","hexamod:ThermalTransfer","Pain"],"picked":"SKIP","floor":49}],"player_experience":132469,"relics_obtained":[{"floor":7,"key":"Matryoshka"},{"floor":8,"key":"infinitespire:Beetle Shell"},{"floor":9,"key":"Bag of Marbles"},{"floor":13,"key":"testmod-LifeArmor"},{"floor":22,"key":"Enchiridion"},{"floor":24,"key":"testmod-AssaultLearning"},{"floor":24,"key":"jedi:bottledfury"},{"floor":27,"key":"Oddly Smooth Stone"},{"floor":29,"key":"Darkstone Periapt"},{"floor":41,"key":"Orichalcum"},{"floor":42,"key":"Dota2Spire:DrumOfEndurance"}],"event_choices":[{"cards_removed":["hexamod:Strike"],"damage_healed":0,"gold_gain":0,"player_choice":"Offered Basic","damage_taken":0,"max_hp_gain":0,"max_hp_loss":0,"event_name":"Bonfire Elementals","floor":10,"gold_loss":0}],"is_beta":false,"boss_relics":[{"not_picked":["AT_MortalBlade","testmod-CardMagician"],"picked":"MostiFishMod:Hod"},{"not_picked":["MoonlightInvasionPlan","FrostBlade"],"picked":"REME_DemonsWealth"}],"items_purged_floors":[4,23,25,30,37,39],"is_endless":false,"potions_floor_spawned":[9,11,12,13,15,16,21,28,31,32,33,40,46,49],"ascension_level":0}}