{"host":"eydwxg59205c3vtl","time":1611250636,"event":{"mods":["2.2 Compatiblity","BaseMod","Colored Map","Colored Powertips","Hubris","Minty Spire (QoL Compilation)","StSLib","The Jungle","The Necromancer"],"gold_per_floor":[117,129,129,1,17,17,48,66,143,163,163,18,18,18,18,120,120,130,148,148,164,17,17,40,75,121,121,147,166,166,176,176,272,272,290,304,327,427,427,427,477,477,501,512,561,593,593,68,68,68],"floor_reached":51,"language":"ENG","playtime":2089,"items_purged":["Strike_W"],"score":761,"play_id":"8107b999-bdfe-4b43-a10c-4cc2cc604f03","local_time":"20210121123716","is_ascension_mode":false,"campfire_choices":[{"data":"Siphon_Strength","floor":6.0,"key":"SMITH"},{"data":"Bone_Armor","floor":11.0,"key":"SMITH"},{"data":"Bone_Wall","floor":13.0,"key":"SMITH"},{"data":"Negative_Energy_Arrows","floor":15.0,"key":"SMITH"},{"data":"Blood_Wake","floor":23.0,"key":"SMITH"},{"data":"Bone_Armory","floor":32.0,"key":"SMITH"},{"data":"Skeleton_Dragon","floor":40.0,"key":"SMITH"},{"data":"Necrotic_Claws","floor":42.0,"key":"SMITH"},{"data":"Summon_Vampire_Lady","floor":47,"key":"SMITH"},{"data":"Strike_from_Beyond","floor":49,"key":"SMITH"}],"circlet_count":0,"master_deck":["Defend_W+1","Defend_W","Defend_W","Defend_W","Negative_Energy_Arrows+1","Bone_Wall+1","Skeleton_Dragon+1","Vampiric_Strike+1","Siphon_Strength+1","Bone_Armor+1","Summon_Lich","Summon_Vampire_Lady+1","Acid_Javelin+1","Shade_Step+1","Blood_Wake+1","Siphon_Strength+1","Plague_Bolt+1","Summon_Death_Knight+1","Siphon_Strength+1","Bone_Bullets+1","Necrotic_Claws+1","Bone_Armory+1","Bone_Armory+1","hubris:Ssssneak","Negative_Energy_Arrows","Spectral_Armor+1","Blood_Is_Power+1","Bone_Prison+1","Negative_Energy_Shield+1","Bone_Armor+1","Strike_from_Beyond","Necromantic_Selection+1","Siphon_Strength","Strike_from_Beyond+1"],"relics":["Vampire_Amulet","Pocketwatch","Blood Vial","Pantograph","Tiny Chest","Astrolabe","hubris:Towel","Juzu Bracelet","Whetstone","Incense Burner","Toy Ornithopter","Shuriken","hubris:ToyBattleship","Busted Crown","Lantern","hubris:PeanutButter","hubris:BundleOfHerbs","Potion Belt","hubris:AstralHammer","War Paint","Nunchaku","Bronze Scales","Orrery"],"acts_visited":["Exordium","Exordium","TheBeyond"],"potions_floor_usage":[46,50,50],"damage_taken":[{"damage":5.0,"enemies":"Small Slimes","floor":1.0,"turns":5.0},{"damage":12.0,"enemies":"2 Louse","floor":2.0,"turns":3.0},{"damage":0.0,"enemies":"Jaw Worm","floor":5.0,"turns":3.0},{"damage":3.0,"enemies":"Lagavulin","floor":7.0,"turns":7.0},{"damage":0.0,"enemies":"Large Slime","floor":8.0,"turns":5.0},{"damage":4.0,"enemies":"2 Fungi Beasts","floor":10.0,"turns":3.0},{"damage":20.0,"enemies":"Hexaghost","floor":16.0,"turns":9.0},{"damage":11.0,"enemies":"theJungle:5_Spyders","floor":18.0,"turns":7.0},{"damage":3.0,"enemies":"theJungle:Flameango_and_Byrd","floor":19.0,"turns":6.0},{"damage":10.0,"enemies":"theJungle:SlimyTreeVines","floor":21.0,"turns":5.0},{"damage":13.0,"enemies":"theJungle:Cassacara","floor":25.0,"turns":5.0},{"damage":31.0,"enemies":"theJungle:MamaSnecko","floor":28.0,"turns":7.0},{"damage":0.0,"enemies":"theJungle:Lyon","floor":29.0,"turns":4.0},{"damage":4.0,"enemies":"theJungle:Snecko_Cultist_And_Trap","floor":31.0,"turns":5.0},{"damage":8.0,"enemies":"theJungle:FunGuy","floor":33.0,"turns":8.0},{"damage":6.0,"enemies":"Orb Walker","floor":35.0,"turns":3.0},{"damage":16.0,"enemies":"3 Darklings","floor":36.0,"turns":4.0},{"damage":11.0,"enemies":"Mind Bloom Boss Battle","floor":41.0,"turns":6.0},{"damage":0.0,"enemies":"Maw","floor":44.0,"turns":5.0},{"damage":32.0,"enemies":"2 Orb Walkers","floor":45.0,"turns":6.0},{"damage":20,"enemies":"Giant Head","floor":46,"turns":8},{"damage":33,"enemies":"hubris:GrandSnecko","floor":50,"turns":6}],"seed_played":"6207218407467751429","potions_obtained":[{"floor":2.0,"key":"EssenceOfSteel"},{"floor":5.0,"key":"BlessingOfTheForge"},{"floor":7.0,"key":"Ancient Potion"},{"floor":18.0,"key":"LiquidBronze"},{"floor":25.0,"key":"Strength Potion"},{"floor":36.0,"key":"Block Potion"},{"floor":45,"key":"ColorlessPotion"}],"is_trial":false,"path_per_floor":["M","M","?","$","M","R","E","M","T","M","R","$","R","?","R","B",null,"M","M","?","M","$","R","T","E","T","T","E","M","?","M","R","B",null,"M","M","T","?","T","R","?","R","T","M","?","E","R","$","R","B",null],"character_chosen":"NECROMANCER","items_purchased":["Bone_Armor","Tiny Chest","Juzu Bracelet","Nunchaku","Bronze Scales","Orrery","Strike_from_Beyond"],"campfire_rested":0,"item_purchase_floors":[4,12,22,48,48,48,48],"current_hp_per_floor":[72,66,54,54,58,58,61,75,75,75,75,75,75,75,75,68,75,75,75,75,70,70,70,70,68,68,68,59,63,63,69,69,69,75,71,63,63,63,63,63,70,70,70,75,56,60,60,60,60,63],"gold":68,"neow_bonus":"ONE_RANDOM_RARE_CARD","is_daily":false,"chose_seed":false,"campfire_upgraded":10,"win_rate":0.0,"timestamp":1611250636,"path_taken":["M","M","?","$","M","R","E","M","T","M","R","$","R","?","R","BOSS","M","M","?","M","$","R","?","E","T","?","E","M","?","M","R","BOSS","M","M","?","?","?","R","?","R","T","M","?","E","R","$","R","BOSS"],"items_purchased_type":["Card","Relic","Relic","Relic","Relic","Relic","Card"],"build_version":"2020-12-22","purchased_purges":1,"victory":true,"max_hp_per_floor":[75,75,75,75,75,75,75,75,75,75,75,75,75,75,75,75,75,75,75,75,75,75,75,75,75,75,75,75,75,75,75,75,75,75,75,75,75,75,75,75,75,75,75,75,75,75,75,75,75,75],"card_choices":[{"not_picked":["Consume_Illness","Bones_to_Steel"],"picked":"Vampiric_Strike","floor":1.0},{"not_picked":["Shade_Step","Spectral_Walk"],"picked":"Siphon_Strength","floor":2.0},{"not_picked":["Death_March_Dance","Death_Knell"],"picked":"Summon_Lich","floor":5.0},{"not_picked":["Scare","Consume_Illness"],"picked":"Summon_Vampire_Lady","floor":7.0},{"not_picked":["Chill_Blood","Flesh_Made_Foul"],"picked":"Acid_Javelin","floor":8.0},{"not_picked":["Summon_Lich","Negative_Energy_Sphere"],"picked":"Shade_Step","floor":10.0},{"not_picked":["Summon_Death_Knight","Hellfire"],"picked":"Blood_Wake","floor":16.0},{"not_picked":["Bones_to_Steel","Death_Coil"],"picked":"Siphon_Strength+1","floor":18.0},{"not_picked":["Violent_Necrosis","Bones_to_Steel+1"],"picked":"Bone_Bullets+1","floor":19.0},{"not_picked":["Uncharnel+1","Deaths_Shadow","Vampiric_Strike"],"picked":"SKIP","floor":21.0},{"not_picked":["Vampiric_Strike","Chill_Blood+1"],"picked":"Necrotic_Claws","floor":25.0},{"not_picked":["Summon_Vampire_Lady","Corrupt"],"picked":"Bone_Armory+1","floor":28.0},{"not_picked":["Negative_Energy_Sphere","Bones_to_Steel"],"picked":"Bone_Armory","floor":29.0},{"not_picked":["Death_Coil","Siphon_Strength"],"picked":"Spectral_Armor+1","floor":31.0},{"not_picked":["Strike_from_Beyond"],"picked":"SKIP","floor":35.0},{"not_picked":["Shackles_Of_Pain"],"picked":"SKIP","floor":36.0},{"not_picked":[],"picked":"Blood_Is_Power+1","floor":41.0},{"not_picked":[],"picked":"Bone_Prison","floor":44.0},{"not_picked":["Exploit"],"picked":"SKIP","floor":46},{"not_picked":[],"picked":"Negative_Energy_Shield+1","floor":48},{"not_picked":[],"picked":"Bone_Armor+1","floor":48},{"not_picked":[],"picked":"Strike_from_Beyond","floor":48},{"not_picked":[],"picked":"Necromantic_Selection+1","floor":48},{"not_picked":[],"picked":"Siphon_Strength","floor":48}],"player_experience":622925,"relics_obtained":[{"floor":7.0,"key":"Blood Vial"},{"floor":9.0,"key":"Pantograph"},{"floor":24.0,"key":"Whetstone"},{"floor":25.0,"key":"Incense Burner"},{"floor":26.0,"key":"Toy Ornithopter"},{"floor":27.0,"key":"Shuriken"},{"floor":28.0,"key":"hubris:ToyBattleship"},{"floor":37.0,"key":"Lantern"},{"floor":39.0,"key":"hubris:PeanutButter"},{"floor":41.0,"key":"hubris:BundleOfHerbs"},{"floor":43.0,"key":"Potion Belt"},{"floor":45,"key":"hubris:AstralHammer"},{"floor":46,"key":"War Paint"}],"event_choices":[{"damage_healed":0.0,"max_hp_gain":0.0,"max_hp_loss":0.0,"gold_gain":0.0,"event_name":"Scrap Ooze","player_choice":"Success","floor":3.0,"gold_loss":0.0,"damage_taken":12.0,"relics_obtained":["Pocketwatch"]},{"damage_healed":0.0,"max_hp_gain":0.0,"max_hp_loss":0.0,"gold_gain":0.0,"event_name":"Match and Keep!","player_choice":"2 cards matched","floor":30.0,"gold_loss":0.0,"damage_taken":0.0,"cards_obtained":["hubris:Ssssneak","Negative_Energy_Arrows"]},{"damage_healed":0.0,"max_hp_gain":0.0,"max_hp_loss":0.0,"gold_gain":100.0,"event_name":"Golden Shrine","player_choice":"Pray","floor":38.0,"gold_loss":0.0,"damage_taken":0.0},{"damage_healed":0.0,"max_hp_gain":0.0,"max_hp_loss":0.0,"gold_gain":0.0,"event_name":"MindBloom","player_choice":"Fight","floor":41.0,"gold_loss":0.0,"damage_taken":0.0},{"damage_healed":0.0,"max_hp_gain":0.0,"max_hp_loss":0.0,"gold_gain":0.0,"event_name":"Mysterious Sphere","player_choice":"Fight","floor":45.0,"gold_loss":0.0,"damage_taken":0.0}],"is_beta":false,"boss_relics":[{"not_picked":["Velvet Choker","Ectoplasm"],"picked":"Astrolabe"},{"not_picked":["hubris:BlackHole","hubris:VirtuousBlindfold"],"picked":"Busted Crown"}],"items_purged_floors":[4],"is_endless":false,"potions_floor_spawned":[2,5,7,18,19,25,36,45],"ascension_level":0}}