{"host":"caz9phlr9zt22rnt","time":1611243420,"event":{"mods":["AchievementEnabler","BaseMod","Colored Map","Custom Start","Downfall","Minty Spire (QoL Compilation)","Rare Cards Sparkle","Relic Stats","StSLib"],"gold_per_floor":[99,115,115,129,143,143,170,170,186,196,19,19,39,53,65,161,161,161,161,161],"floor_reached":18,"language":"ENG","playtime":2089,"items_purged":[],"score":156,"play_id":"db96b278-b893-49c3-ab2e-27e8332cbb25","local_time":"20210121093700","is_ascension_mode":false,"campfire_choices":[{"data":"Slimebound:CorrosiveSpit","floor":1,"key":"SMITH"},{"data":"Slimebound:SplitMire","floor":6,"key":"SMITH"},{"data":"Slimebound:Strike_Slimebound","floor":12,"key":"PURGE"},{"data":"Slimebound:Tackle","floor":18,"key":"PURGE"}],"circlet_count":0,"master_deck":["Slimebound:Strike_Slimebound","Slimebound:Strike_Slimebound","Slimebound:Defend_Slimebound","Slimebound:Defend_Slimebound","Slimebound:Defend_Slimebound","Slimebound:Defend_Slimebound","Slimebound:Split","Slimebound:CorrosiveSpit+1","Impatience","Slimebound:SplitMire+1","Slimebound:SplitLeeching","Slimebound:ItLooksTasty","Slimebound:LeechEnergy","Slimebound:SlimeSpikes","Slimebound:RallyTheTroops","Slimebound:Schlurp","Slimebound:GoopSpray","Slimebound:SelfFormingGoo"],"relics":["Slimebound:AbsorbEndCombatUpgraded","Slimebound:ScrapOozeRelic"],"acts_visited":["Exordium","TheCity"],"potions_floor_usage":[9],"damage_taken":[{"damage":5,"enemies":"Small Slimes","floor":2,"turns":3},{"damage":1,"enemies":"2 Louse","floor":4,"turns":3},{"damage":4,"enemies":"Jaw Worm","floor":5,"turns":3},{"damage":12,"enemies":"Exordium Wildlife","floor":9,"turns":6},{"damage":10,"enemies":"Blue Slaver","floor":10,"turns":3},{"damage":4,"enemies":"downfall:FleeingMerchant","floor":11,"turns":4},{"damage":8,"enemies":"3 Louse","floor":13,"turns":3},{"damage":0,"enemies":"2 Fungi Beasts","floor":14,"turns":3},{"damage":6,"enemies":"Lots of Slimes","floor":15,"turns":4},{"damage":39,"enemies":"WA_ARCHETYPE_RETAIN","floor":16,"turns":9}],"seed_played":"-3850830280178646655","potions_obtained":[{"floor":4,"key":"FearPotion"},{"floor":5,"key":"Swift Potion"},{"floor":13,"key":"hexamod:SoulburnPotion"},{"floor":15,"key":"DistilledChaos"}],"is_trial":false,"path_per_floor":["R","M","?","M","M","R","T","?","M","M","$","R","M","M","M","B",null,"R"],"character_chosen":"SLIMEBOUND","items_purchased":["Slimebound:RallyTheTroops"],"campfire_rested":0,"item_purchase_floors":[11],"current_hp_per_floor":[65,62,62,65,65,65,65,65,61,53,57,57,51,55,57,26,65,65,65,65],"gold":161,"neow_bonus":"RANDOM_COLORLESS","is_daily":false,"chose_seed":false,"campfire_upgraded":2,"win_rate":0.0,"timestamp":1611243420,"path_taken":["R","M","?","M","M","R","T","?","M","M","$","R","M","M","M","BOSS","R"],"items_purchased_type":["Card"],"build_version":"2020-12-22","purchased_purges":0,"victory":false,"max_hp_per_floor":[65,65,65,65,65,65,65,65,65,65,65,65,65,65,65,65,65,65,65,65],"relic_stats":{"counters":[10,40],"obtain_stats":[{"Slimebound:ScrapOozeRelic":8,"Slimebound:AbsorbEndCombat":0,"Orichalcum":7,"Slimebound:AbsorbEndCombatUpgraded":17},{"Slimebound:ScrapOozeRelic":3,"Slimebound:AbsorbEndCombat":0,"Orichalcum":3,"Slimebound:AbsorbEndCombatUpgraded":10},{"Slimebound:ScrapOozeRelic":9,"Slimebound:AbsorbEndCombat":0,"Orichalcum":9,"Slimebound:AbsorbEndCombatUpgraded":40}]},"card_choices":[{"not_picked":["Deep Breath","Finesse"],"picked":"Impatience","floor":0},{"not_picked":["Slimebound:Replication","Slimebound:FinishingTackle"],"picked":"Slimebound:SplitMire","floor":2},{"not_picked":["Slimebound:SplitMire","Slimebound:SplitAcid","Slimebound:GoopTackle"],"picked":"SKIP","floor":4},{"not_picked":["Slimebound:BestDefense","Slimebound:ViciousTackle"],"picked":"Slimebound:SplitLeeching","floor":5},{"not_picked":["Slimebound:RainOfGoop","Slimebound:FormOfPuddle"],"picked":"Slimebound:ItLooksTasty","floor":9},{"not_picked":["Slimebound:RollThrough","Slimebound:FormOfPuddle"],"picked":"Slimebound:LeechEnergy","floor":10},{"not_picked":["Slimebound:Nibble","Slimebound:TongueLash"],"picked":"Slimebound:SlimeSpikes","floor":11},{"not_picked":["Slimebound:Overexert","Slimebound:Replication"],"picked":"Slimebound:Schlurp","floor":13},{"not_picked":["Slimebound:Chomp","Slimebound:ItLooksTasty","Slimebound:SlimeBarrage"],"picked":"SKIP","floor":14},{"not_picked":["Slimebound:Dissolve","Slimebound:BestDefense"],"picked":"Slimebound:GoopSpray","floor":15},{"not_picked":["Slimebound:DuplicatedForm","Slimebound:DouseInSlime"],"picked":"Slimebound:SelfFormingGoo","floor":16}],"player_experience":474521,"relics_obtained":[{"floor":7,"key":"Orichalcum"}],"event_choices":[],"is_beta":false,"boss_relics":[{"not_picked":["Runic Pyramid","Pandora\u0027s Box"],"picked":"Slimebound:AbsorbEndCombatUpgraded"}],"items_purged_floors":[],"is_endless":false,"potions_floor_spawned":[4,5,13,15],"ascension_level":0}}