{"host":"v417sqk9t447evpw","time":1611242180,"event":{"mods":["2.2 Compatiblity","AchievementEnabler","BaseMod","DeckTracker","Highlight Path","Keyboard Shortcuts","Minty Spire (QoL Compilation)","Permanent Neow","Quick Restart","Replay The Spire","StSLib"],"gold_per_floor":[116,181,191,191,207,239,239,249,273,25,25,38,38,38,38],"floor_reached":14,"language":"KOR","playtime":369,"items_purged":["Strike_G"],"score":180,"play_id":"702c5c39-7703-4c14-a095-a8a663ff9643","local_time":"20210122001620","is_ascension_mode":true,"campfire_choices":[{"data":"Toxin Wave","floor":7.0,"key":"SMITH"}],"circlet_count":0,"master_deck":["AscendersBane","Strike_G","Strike_G","Defend_G","Defend_G","Defend_G","Survivor","Neutralize","Flechettes+1","Toxin Wave+1","Underhanded Strike+1","Blade Dance+1","Deadly Poison+1","Hidden Blade","Toxin Wave+1","Deadly Poison","Doppelganger","Accuracy"],"relics":["Astrolabe","Bottled Lightning","Question Card","Tiny Chest","Guide Book"],"acts_visited":["Exordium"],"potions_floor_usage":[12,14],"damage_taken":[{"damage":0.0,"enemies":"Jaw Worm","floor":1.0,"turns":4.0},{"damage":0.0,"enemies":"Cultist","floor":3.0,"turns":3.0},{"damage":11.0,"enemies":"2 Louse","floor":5.0,"turns":2.0},{"damage":24.0,"enemies":"3 Sentries","floor":6.0,"turns":8.0},{"damage":6.0,"enemies":"Blue Slaver","floor":8.0,"turns":3.0},{"damage":9,"enemies":"Exordium Wildlife","floor":12,"turns":3},{"damage":17,"enemies":"Lagavulin","floor":14,"turns":3}],"seed_played":"7130328660369298544","potions_obtained":[{"floor":3.0,"key":"ColorlessPotion"},{"floor":8.0,"key":"Fire Potion"}],"is_trial":false,"path_per_floor":["M","?","M","T","M","E","R","M","T","$","?","M","$","E"],"character_chosen":"THE_SILENT","items_purchased":["Guide Book"],"campfire_rested":0,"item_purchase_floors":[10],"current_hp_per_floor":[59,59,59,59,48,24,24,18,18,18,18,9,9,0,0],"gold":38,"neow_bonus":"BOSS_RELIC","is_daily":false,"chose_seed":false,"campfire_upgraded":1,"win_rate":0.0,"timestamp":1611242180,"path_taken":["M","?","M","?","?","E","R","M","T","$","?","M","$","E"],"items_purchased_type":["Relic"],"build_version":"2020-12-22","purchased_purges":1,"victory":false,"max_hp_per_floor":[66,66,66,66,66,66,66,66,66,66,66,66,66,66,66],"card_choices":[{"not_picked":["Eviscerate","Deflect"],"picked":"Blade Dance","floor":1.0},{"not_picked":["Bane","Blur"],"picked":"Deadly Poison","floor":3.0},{"not_picked":["Deflect","Cloak And Dagger"],"picked":"Hidden Blade","floor":5.0},{"not_picked":["Heel Hook","Flechettes"],"picked":"Toxin Wave","floor":6.0},{"not_picked":["Underhanded Strike","Cloak And Dagger","Dodge and Roll"],"picked":"Deadly Poison","floor":8.0},{"not_picked":["Tools of the Trade","Backflip","Outmaneuver"],"picked":"Accuracy","floor":12}],"player_experience":929781,"relics_obtained":[{"floor":4.0,"key":"Bottled Lightning"},{"floor":6.0,"key":"Question Card"},{"floor":9.0,"key":"Tiny Chest"}],"event_choices":[{"damage_healed":0.0,"max_hp_gain":0.0,"max_hp_loss":0.0,"gold_gain":65.0,"event_name":"Golden Wing","player_choice":"Gained Gold","floor":2.0,"gold_loss":0.0,"damage_taken":0.0},{"damage_healed":0,"gold_gain":0,"cards_transformed":["Defend_G"],"player_choice":"Change","damage_taken":0,"max_hp_gain":0,"max_hp_loss":0,"event_name":"Living Wall","floor":11,"gold_loss":0,"cards_obtained":["Doppelganger"]}],"is_beta":false,"boss_relics":[],"items_purged_floors":[10],"is_endless":false,"potions_floor_spawned":[3,8],"killed_by":"Lagavulin","ascension_level":20}}