{"host":"f0gpob8hq9vgebej","time":1611216791,"event":{"mods":["AchievementEnabler","BaseMod","Minty Spire (QoL Compilation)","Quick Restart","SuperFastMode"],"gold_per_floor":[11,30,40,57,77,77,77,77,145,172,45,45,120,139,139,239,239,258,158,169,169,179,179,204,204,256,131,150,167,178,190,190,190,190],"floor_reached":33,"language":"KOR","playtime":811,"items_purged":["Defend_G","Heel Hook","Tools of the Trade"],"score":470,"play_id":"19964070-1c0d-4a5c-987e-2c6dfa33735f","local_time":"20210121171311","is_ascension_mode":true,"campfire_choices":[{"data":"Bouncing Flask","floor":6.0,"key":"SMITH"},{"data":"Poisoned Stab","floor":12.0,"key":"SMITH"},{"data":"Prepared","floor":15,"key":"SMITH"},{"data":"Catalyst","floor":23,"key":"SMITH"},{"data":"Catalyst","floor":32,"key":"SMITH"}],"circlet_count":0,"master_deck":["Survivor","Neutralize","Poisoned Stab+1","Prepared+1","Reflex","Bouncing Flask+1","Backflip","Acrobatics","Corpse Explosion","Concentrate","Envenom","Cloak And Dagger","Catalyst+1","PiercingWail+1","Catalyst+1","Calculated Gamble+1"],"relics":["Ring of the Snake","Peace Pipe","Mummified Hand","MealTicket","Pandora\u0027s Box","Nilry\u0027s Codex","Red Mask","Akabeko","Strawberry"],"acts_visited":["Exordium","TheCity"],"potions_floor_usage":[16,24,33,33],"damage_taken":[{"damage":0.0,"enemies":"Cultist","floor":1.0,"turns":5.0},{"damage":1.0,"enemies":"2 Louse","floor":2.0,"turns":3.0},{"damage":0.0,"enemies":"Small Slimes","floor":3.0,"turns":3.0},{"damage":8.0,"enemies":"3 Louse","floor":4.0,"turns":5.0},{"damage":3.0,"enemies":"Large Slime","floor":5.0,"turns":9.0},{"damage":12.0,"enemies":"Gremlin Nob","floor":10.0,"turns":3.0},{"damage":8,"enemies":"Gremlin Gang","floor":14,"turns":5},{"damage":17,"enemies":"Slime Boss","floor":16,"turns":10},{"damage":0,"enemies":"3 Byrds","floor":18,"turns":2},{"damage":0,"enemies":"Chosen","floor":20,"turns":3},{"damage":16,"enemies":"3 Cultists","floor":22,"turns":3},{"damage":0,"enemies":"Masked Bandits","floor":24,"turns":2},{"damage":3,"enemies":"Cultist and Chosen","floor":28,"turns":2},{"damage":20,"enemies":"Centurion and Healer","floor":29,"turns":4},{"damage":3,"enemies":"Snake Plant","floor":30,"turns":4},{"damage":0,"enemies":"3 Cultists","floor":31,"turns":2},{"damage":29,"enemies":"Collector","floor":33,"turns":4}],"seed_played":"-1912083975759070716","potions_obtained":[{"floor":3.0,"key":"Swift Potion"},{"floor":4.0,"key":"SneckoOil"},{"floor":14,"key":"LiquidBronze"},{"floor":16,"key":"PowerPotion"},{"floor":29,"key":"Explosive Potion"},{"floor":30,"key":"BlessingOfTheForge"}],"is_trial":false,"path_per_floor":["M","M","M","M","M","R","?","?","T","E","$","R","?","M","R","B",null,"M","$","M","?","M","R","?","?","T","$","M","M","M","M","R","B"],"character_chosen":"THE_SILENT","items_purchased":["Backflip"],"campfire_rested":0,"item_purchase_floors":[11],"current_hp_per_floor":[70,69,69,61,58,58,58,55,55,43,58,58,47,39,39,22,58,58,70,70,54,38,38,38,38,45,60,57,37,34,34,34,5,5],"gold":190,"neow_bonus":"TRANSFORM_TWO_CARDS","is_daily":false,"chose_seed":false,"campfire_upgraded":5,"win_rate":0.0,"timestamp":1611216791,"path_taken":["M","M","M","?","M","R","?","?","T","E","$","R","?","M","R","BOSS","M","$","M","?","M","R","?","?","T","$","?","M","M","M","R","BOSS"],"items_purchased_type":["Card"],"build_version":"2020-12-22","purchased_purges":3,"victory":false,"max_hp_per_floor":[70,70,70,70,70,70,70,70,70,70,70,70,70,70,70,70,70,70,70,70,70,70,70,70,70,77,77,77,77,77,77,77,77,77],"card_choices":[{"not_picked":["Slice","Blur"],"picked":"Poisoned Stab","floor":1.0},{"not_picked":["Calculated Gamble","Flechettes"],"picked":"Prepared","floor":2.0},{"not_picked":["Dodge and Roll","Leg Sweep"],"picked":"Reflex","floor":3.0},{"not_picked":["Bullet Time","Flying Knee"],"picked":"Bouncing Flask","floor":4.0},{"not_picked":["Quick Slash","Cloak And Dagger","Outmaneuver"],"picked":"SKIP","floor":5.0},{"not_picked":["Distraction","Eviscerate"],"picked":"PiercingWail","floor":10.0},{"not_picked":["Heel Hook","Poisoned Stab"],"picked":"Acrobatics","floor":14},{"not_picked":["Tools of the Trade","Wraith Form v2"],"picked":"Corpse Explosion","floor":16},{"not_picked":["Quick Slash","Distraction","Flying Knee"],"picked":"SKIP","floor":18},{"not_picked":["Outmaneuver","Underhanded Strike","Blade Dance"],"picked":"SKIP","floor":20},{"not_picked":["Predator","Calculated Gamble"],"picked":"PiercingWail+1","floor":22},{"not_picked":["Deadly Poison","Outmaneuver"],"picked":"Catalyst","floor":24},{"not_picked":["Backstab","Endless Agony","Outmaneuver+1"],"picked":"SKIP","floor":28},{"not_picked":["Flying Knee","Envenom"],"picked":"Calculated Gamble+1","floor":29},{"not_picked":["Dodge and Roll","Predator","Quick Slash"],"picked":"SKIP","floor":30},{"not_picked":["Finisher","Poisoned Stab+1","Deflect"],"picked":"SKIP","floor":31}],"player_experience":195996,"relics_obtained":[{"floor":9.0,"key":"Mummified Hand"},{"floor":10.0,"key":"MealTicket"},{"floor":21,"key":"Nilry\u0027s Codex"},{"floor":24,"key":"Red Mask"},{"floor":26,"key":"Strawberry"}],"event_choices":[{"cards_removed":["Strike_G"],"damage_healed":0.0,"max_hp_gain":0.0,"max_hp_loss":0.0,"gold_gain":0.0,"event_name":"Living Wall","player_choice":"Forget","floor":7.0,"gold_loss":0.0,"damage_taken":0.0},{"damage_healed":0.0,"max_hp_gain":0.0,"max_hp_loss":0.0,"gold_gain":0.0,"event_name":"Scrap Ooze","player_choice":"Success","floor":8.0,"gold_loss":0.0,"damage_taken":3.0,"relics_obtained":["Peace Pipe"]},{"damage_healed":0.0,"max_hp_gain":0.0,"max_hp_loss":0.0,"gold_gain":75.0,"event_name":"World of Goop","player_choice":"Gather Gold","floor":13.0,"gold_loss":0.0,"damage_taken":11.0},{"damage_healed":0,"gold_gain":0,"player_choice":"Obtained Book","damage_taken":16,"max_hp_gain":0,"max_hp_loss":0,"event_name":"Cursed Tome","floor":21,"gold_loss":0},{"damage_healed":0,"gold_gain":0,"player_choice":"Fought Bandits","damage_taken":0,"max_hp_gain":0,"max_hp_loss":0,"event_name":"Masked Bandits","floor":24,"gold_loss":0},{"cards_removed":["PiercingWail"],"damage_healed":0,"gold_gain":0,"player_choice":"Gave Card","damage_taken":0,"relics_obtained":["Akabeko"],"max_hp_gain":0,"max_hp_loss":0,"event_name":"WeMeetAgain","floor":25,"gold_loss":0}],"is_beta":false,"boss_relics":[{"not_picked":["Coffee Dripper","Velvet Choker"],"picked":"Pandora\u0027s Box"}],"items_purged_floors":[11,19,27],"is_endless":false,"potions_floor_spawned":[3,4,14,16,29,30],"killed_by":"Collector","ascension_level":5}}