{"host":"fkig9nrckec4xsh0","time":1611258759,"event":{"mods":["BaseMod","Colored Map","Minty Spire (QoL Compilation)","Quick Restart","Replay The Spire","StSLib"],"gold_per_floor":[117,42,42,61,76,103,103,28,54,54,86,99,249,283,283,283,283],"floor_reached":16,"language":"ENG","playtime":359,"items_purged":["Massacre"],"score":236,"play_id":"b83c45ac-9eb6-48c1-90a7-014c9ab44c05","local_time":"20210121145239","is_ascension_mode":true,"campfire_choices":[{"data":"Perfected Strike","floor":7,"key":"SMITH"},{"data":"Perfected Strike","floor":10,"key":"SMITH"},{"data":"Brutality","floor":15,"key":"SMITH"}],"circlet_count":0,"master_deck":["AscendersBane","Strike_R","Strike_R","Strike_R","Strike_R","Strike_R","Defend_R","Defend_R","Bash","Perfected Strike+1","Perfected Strike+1","ReplayTheSpireMod:Strike From Hell","ReplayTheSpireMod:Stacked","Doubt","Brutality+1"],"relics":["Burning Blood","NeowsBlessing","Toy Ornithopter","Blood Vial","Lantern","Centennial Puzzle"],"acts_visited":["Exordium"],"potions_floor_usage":[14,16,16],"damage_taken":[{"damage":0,"enemies":"Jaw Worm","floor":1,"turns":1},{"damage":0,"enemies":"Small Slimes","floor":4,"turns":1},{"damage":0,"enemies":"Cultist","floor":5,"turns":1},{"damage":32,"enemies":"Gremlin Nob","floor":6,"turns":4},{"damage":30,"enemies":"Lagavulin","floor":11,"turns":5},{"damage":2,"enemies":"3 Louse","floor":12,"turns":3},{"damage":8,"enemies":"Gremlin Nob","floor":14,"turns":3},{"damage":51,"enemies":"The Guardian","floor":16,"turns":8}],"seed_played":"-8372887846830255335","potions_obtained":[{"floor":6,"key":"BlessingOfTheForge"},{"floor":12,"key":"ElixirPotion"},{"floor":14,"key":"SkillPotion"}],"is_trial":false,"path_per_floor":["M","?","?","M","M","E","R","$","T","R","E","M","?","E","R","B"],"character_chosen":"IRONCLAD","items_purchased":[],"campfire_rested":0,"item_purchase_floors":[],"current_hp_per_floor":[74,74,74,75,75,49,49,49,49,49,27,33,33,38,38,0,0],"gold":283,"neow_bonus":"THREE_ENEMY_KILL","is_daily":false,"chose_seed":false,"campfire_upgraded":3,"win_rate":0.0,"timestamp":1611258759,"path_taken":["M","?","?","?","M","E","R","$","T","R","E","M","?","E","R","BOSS"],"items_purchased_type":[],"build_version":"2020-12-22","purchased_purges":1,"victory":false,"max_hp_per_floor":[75,75,75,75,75,75,75,75,75,75,75,75,75,75,75,75,75],"card_choices":[{"not_picked":["Shrug It Off","Feel No Pain"],"picked":"Perfected Strike","floor":1},{"not_picked":["Metallicize","Sword Boomerang"],"picked":"Perfected Strike","floor":4},{"not_picked":["Sentinel","Thunderclap"],"picked":"ReplayTheSpireMod:Strike From Hell","floor":5},{"not_picked":["Disarm","Dropkick","Thunderclap"],"picked":"SKIP","floor":6},{"not_picked":["Run Through","Blood for Blood"],"picked":"ReplayTheSpireMod:Stacked","floor":11},{"not_picked":["Cleave","Headbutt","Uppercut"],"picked":"SKIP","floor":12},{"not_picked":["Cleave","Clash"],"picked":"Brutality","floor":14}],"player_experience":377948,"relics_obtained":[{"floor":6,"key":"Toy Ornithopter"},{"floor":9,"key":"Blood Vial"},{"floor":11,"key":"Lantern"},{"floor":14,"key":"Centennial Puzzle"}],"event_choices":[{"cards_removed":["Defend_R"],"damage_healed":0,"gold_gain":0,"player_choice":"Card Removal","damage_taken":0,"max_hp_gain":0,"max_hp_loss":0,"event_name":"The Cleric","floor":2,"gold_loss":75},{"damage_healed":0,"gold_gain":0,"cards_transformed":["Defend_R"],"player_choice":"Transformed","damage_taken":0,"max_hp_gain":0,"max_hp_loss":0,"event_name":"Transmorgrifier","floor":3,"gold_loss":0,"cards_obtained":["Massacre"]},{"damage_healed":0,"gold_gain":150,"player_choice":"AGREE","damage_taken":0,"max_hp_gain":0,"max_hp_loss":0,"event_name":"Liars Game","floor":13,"gold_loss":0,"cards_obtained":["Doubt"]}],"is_beta":false,"boss_relics":[],"items_purged_floors":[8],"is_endless":false,"potions_floor_spawned":[6,12,14],"killed_by":"The Guardian","ascension_level":20}}