{"host":"dowi7cgbhepuzvpj","time":1611220559,"event":{"mods":["AchievementEnabler","BaseMod","Colored Map","Highlight Path","Keyboard Shortcuts","Minty Spire (QoL Compilation)","Permanent Neow","Quick Restart","StSLib","SuperFastMode"],"gold_per_floor":[363,40,55,55,38,38,163,179,179,179,72,72,132,151,151,256,256,266,88,101,121,141,141,191,264,264,264,22,22,35,97,97,197,197,211,222,272,335,335,335],"floor_reached":39,"language":"KOR","playtime":1147,"items_purged":["Strike_G"],"score":675,"play_id":"875c8b26-f9a4-4f85-a896-6041dc52cf1c","local_time":"20210121181558","is_ascension_mode":true,"campfire_choices":[{"data":"Neutralize","floor":6.0,"key":"SMITH"},{"data":"Footwork","floor":10.0,"key":"SMITH"},{"data":"Noxious Fumes","floor":12.0,"key":"SMITH"},{"data":"Catalyst","floor":15.0,"key":"SMITH"},{"data":"Catalyst","floor":23.0,"key":"SMITH"},{"data":"Noxious Fumes","floor":27.0,"key":"SMITH"},{"data":"Bouncing Flask","floor":29.0,"key":"SMITH"},{"data":"Footwork","floor":32.0,"key":"SMITH"}],"circlet_count":0,"master_deck":["Strike_G+1","Strike_G+1","Strike_G+1","Strike_G+1","Defend_G+1","Defend_G+1","Defend_G+1","Defend_G+1","Defend_G+1","Survivor","Neutralize+1","Masterful Stab","Underhanded Strike","Backflip","Footwork+1","Catalyst+1","Noxious Fumes+1","Catalyst+1","Well Laid Plans","Tools of the Trade+1","Noxious Fumes+1","Crippling Poison","Bouncing Flask+1","Footwork+1","Dodge and Roll","PiercingWail","Noxious Fumes+1"],"relics":["Ring of the Snake","Gambling Chip","SsserpentHead","Gremlin Horn","Coffee Dripper","Tiny Chest","Bottled Tornado","SlaversCollar"],"acts_visited":["Exordium","TheCity","TheBeyond"],"potions_floor_usage":[33,36],"damage_taken":[{"damage":2.0,"enemies":"Jaw Worm","floor":1.0,"turns":5.0},{"damage":0.0,"enemies":"Cultist","floor":3.0,"turns":2.0},{"damage":0.0,"enemies":"Small Slimes","floor":8.0,"turns":2.0},{"damage":0.0,"enemies":"Exordium Thugs","floor":13.0,"turns":3.0},{"damage":0.0,"enemies":"2 Fungi Beasts","floor":14.0,"turns":4.0},{"damage":12.0,"enemies":"Slime Boss","floor":16.0,"turns":7.0},{"damage":13.0,"enemies":"Spheric Guardian","floor":18.0,"turns":6.0},{"damage":17.0,"enemies":"3 Byrds","floor":20.0,"turns":3.0},{"damage":17.0,"enemies":"Snake Plant","floor":21.0,"turns":3.0},{"damage":4.0,"enemies":"Centurion and Healer","floor":22.0,"turns":5.0},{"damage":0.0,"enemies":"Shelled Parasite and Fungi","floor":30.0,"turns":5.0},{"damage":2.0,"enemies":"Snake Plant","floor":31.0,"turns":2.0},{"damage":0,"enemies":"Champ","floor":33,"turns":9},{"damage":5,"enemies":"Orb Walker","floor":35,"turns":5},{"damage":13,"enemies":"3 Shapes","floor":36,"turns":3},{"damage":20,"enemies":"Jaw Worm Horde","floor":38,"turns":5},{"damage":16,"enemies":"Transient","floor":39,"turns":1}],"seed_played":"-908454618782042309","potions_obtained":[{"floor":1.0,"key":"Explosive Potion"},{"floor":8.0,"key":"LiquidBronze"},{"floor":20.0,"key":"DuplicationPotion"},{"floor":22.0,"key":"EssenceOfSteel"},{"floor":30.0,"key":"Dexterity Potion"},{"floor":33,"key":"DistilledChaos"}],"is_trial":false,"path_per_floor":["M","$","M","?","$","R","?","M","T","R","$","R","M","M","R","B",null,"M","$","M","M","M","R","?","T","T","R","$","R","M","M","R","B",null,"M","M","?","M","M"],"character_chosen":"THE_SILENT","items_purchased":["Gambling Chip","Underhanded Strike","Footwork","Noxious Fumes","Catalyst","Noxious Fumes","Crippling Poison","Bottled Tornado"],"campfire_rested":0,"item_purchase_floors":[2,2,5,11,11,19,19,28],"current_hp_per_floor":[43,43,43,43,43,43,32,32,32,32,32,32,32,32,32,20,58,45,45,28,11,7,7,7,7,7,7,7,7,7,5,5,5,54,49,36,36,16,0,0],"gold":335,"neow_bonus":"TWO_FIFTY_GOLD","is_daily":false,"chose_seed":false,"campfire_upgraded":8,"win_rate":0.0,"timestamp":1611220558,"path_taken":["M","$","M","?","?","R","?","M","T","R","?","R","?","M","R","BOSS","M","$","M","M","M","R","?","?","T","R","$","R","M","?","R","BOSS","M","M","?","?","M"],"items_purchased_type":["Relic","Card","Card","Card","Card","Card","Card","Relic"],"build_version":"2020-12-22","purchased_purges":1,"victory":false,"max_hp_per_floor":[70,70,70,70,70,70,70,70,70,70,70,70,70,70,70,70,70,70,70,70,70,70,70,70,70,70,70,70,70,70,70,70,70,70,70,70,70,70,70,70],"card_choices":[{"not_picked":["Dagger Spray","Underhanded Strike"],"picked":"Masterful Stab","floor":1.0},{"not_picked":["Caltrops","Deflect"],"picked":"Backflip","floor":3.0},{"not_picked":["Blur","Backflip"],"picked":"Catalyst","floor":8.0},{"not_picked":["Dagger Spray","Quick Slash","Distraction"],"picked":"SKIP","floor":13.0},{"not_picked":["Slice","Riddle With Holes"],"picked":"Well Laid Plans","floor":14.0},{"not_picked":["Night Terror","Storm of Steel"],"picked":"Tools of the Trade","floor":16.0},{"not_picked":["Acrobatics","Eviscerate","Prepared"],"picked":"SKIP","floor":18.0},{"not_picked":["Caltrops","Riddle With Holes+1"],"picked":"Bouncing Flask","floor":20.0},{"not_picked":["Dagger Throw","Bane","Flying Knee"],"picked":"SKIP","floor":21.0},{"not_picked":["Poisoned Stab+1","Dodge and Roll","Sucker Punch"],"picked":"SKIP","floor":22.0},{"not_picked":["Poisoned Stab","Concentrate"],"picked":"Footwork","floor":30.0},{"not_picked":["Bouncing Flask","Underhanded Strike"],"picked":"Dodge and Roll","floor":31.0},{"not_picked":["Sucker Punch","Backflip+1"],"picked":"PiercingWail","floor":35},{"not_picked":["Caltrops","Skewer","Predator"],"picked":"SKIP","floor":36},{"not_picked":["Distraction","Poisoned Stab"],"picked":"Noxious Fumes+1","floor":38}],"player_experience":837134,"relics_obtained":[{"floor":9.0,"key":"Gremlin Horn"},{"floor":26.0,"key":"Tiny Chest"}],"event_choices":[{"damage_healed":0.0,"max_hp_gain":0.0,"max_hp_loss":0.0,"gold_gain":0.0,"event_name":"FaceTrader","player_choice":"Trade","floor":4.0,"gold_loss":0.0,"damage_taken":0.0,"relics_obtained":["SsserpentHead"]},{"damage_healed":0.0,"max_hp_gain":0.0,"max_hp_loss":0.0,"gold_gain":75.0,"event_name":"World of Goop","player_choice":"Gather Gold","floor":7.0,"gold_loss":0.0,"damage_taken":11.0},{"damage_healed":0.0,"max_hp_gain":0.0,"max_hp_loss":0.0,"gold_gain":0.0,"event_name":"Back to Basics","player_choice":"Simplicity","floor":24.0,"gold_loss":0.0,"damage_taken":0.0,"cards_upgraded":["Strike_G","Strike_G","Strike_G","Strike_G","Defend_G","Defend_G","Defend_G","Defend_G","Defend_G"]},{"damage_healed":0,"gold_gain":0,"player_choice":"Upgraded","damage_taken":0,"max_hp_gain":0,"max_hp_loss":0,"event_name":"Upgrade Shrine","floor":37,"gold_loss":0,"cards_upgraded":["Tools of the Trade"]}],"is_beta":false,"boss_relics":[{"not_picked":["Busted Crown","Black Star"],"picked":"Coffee Dripper"},{"not_picked":["Astrolabe","Runic Dome"],"picked":"SlaversCollar"}],"items_purged_floors":[19],"is_endless":false,"potions_floor_spawned":[1,8,20,22,30,33],"killed_by":"Transient","ascension_level":9}}