{"host":"gbjphby09ecsfbbs","time":1611187529,"event":{"mods":["AchievementEnabler","BaseMod","Downfall","GifTheSpireLib","Minty Spire (QoL Compilation)","StSLib","The Animator","The Bug Knight","The Cursed","The Saiyan","The Servant 0.9.4"],"gold_per_floor":[99,113,131,143,154,154,154,154],"floor_reached":6,"language":"ENG","playtime":530,"items_purged":[],"score":38,"play_id":"6e25d4f3-6d19-48bd-9b56-81cb1ed22421","local_time":"20210120160529","is_ascension_mode":false,"campfire_choices":[],"circlet_count":0,"master_deck":["sneckomod:Strike","sneckomod:Strike","sneckomod:Strike","sneckomod:Defend","sneckomod:Defend","sneckomod:Defend","sneckomod:TailWhip","sneckomod:SnekBite","sneckomod:Unknown","Madness","sneckomod:UnknownUncommonPower","sneckomod:UnknownExhaust","sneckomod:SnekBeam","sneckomod:UnknownBoss"],"relics":["sneckomod:SneckoSoul"],"acts_visited":[],"potions_floor_usage":[6],"damage_taken":[{"damage":1,"enemies":"2 Louse","floor":2,"turns":3},{"damage":20,"enemies":"Jaw Worm","floor":3,"turns":5},{"damage":8,"enemies":"Small Slimes","floor":4,"turns":3},{"damage":33,"enemies":"Gremlin Gang","floor":5,"turns":7},{"damage":50,"enemies":"Gremlin Nob","floor":6,"turns":4}],"seed_played":"-3075193404222680472","potions_obtained":[{"floor":2,"key":"bronze:BurnAndBuffPotion"},{"floor":4,"key":"sneckomod:CheatPotion"}],"is_trial":false,"path_per_floor":["R","M","M","M","M","E"],"character_chosen":"THE_SNECKO","items_purchased":[],"campfire_rested":0,"item_purchase_floors":[],"current_hp_per_floor":[99,98,78,70,37,0,0,0],"gold":154,"neow_bonus":"TEN_PERCENT_HP_BONUS","is_daily":false,"chose_seed":false,"campfire_upgraded":0,"win_rate":0.0,"timestamp":1611187529,"path_taken":["R","M","M","M","M","E"],"items_purchased_type":[],"build_version":"2020-12-22","purchased_purges":0,"victory":false,"max_hp_per_floor":[99,99,99,99,99,99,99,99],"card_choices":[{"not_picked":["sneckomod:DiceBlock","sneckomod:TrashToTreasure"],"picked":"sneckomod:UnknownUncommonPower","floor":2},{"not_picked":["sneckomod:IronFang","sneckomod:QuickMove"],"picked":"sneckomod:UnknownExhaust","floor":3},{"not_picked":["sneckomod:CheapStock","sneckomod:UnknownCommonAttack"],"picked":"sneckomod:SnekBeam","floor":4},{"not_picked":["sneckomod:SoulRoll","sneckomod:SoulCleanse"],"picked":"sneckomod:UnknownBoss","floor":5}],"player_experience":108059,"relics_obtained":[],"event_choices":[],"is_beta":false,"boss_relics":[],"items_purged_floors":[],"is_endless":false,"potions_floor_spawned":[2,4],"killed_by":"Gremlin Nob","ascension_level":0}}