{"host":"4nqeo0vu1vuav7gg","time":1611248782,"event":{"mods":["AchievementEnabler","BaseMod","Block Reminder","Colored Map","Colored Powertips","Highlight Path","Minty Spire (QoL Compilation)","Quick Restart","Rare Cards Sparkle","Relic Relevance Reorder","StSLib"],"gold_per_floor":[359,359,376,21,21,21,48,48,125,138,156,167,167,177,177,255,255,273,288,80,80,80],"floor_reached":21,"language":"ENG","playtime":564,"items_purged":["Strike_B"],"score":353,"play_id":"2589531f-e944-4876-85db-64c92f4536e8","local_time":"20210121180622","is_ascension_mode":true,"campfire_choices":[{"floor":6,"key":"REST"},{"floor":8,"key":"REST"},{"floor":13,"key":"REST"},{"floor":15,"key":"REST"}],"circlet_count":0,"master_deck":["AscendersBane","Strike_B","Strike_B","Strike_B","Defend_B","Defend_B","Defend_B","Defend_B","Zap","Dualcast","Gash","Gash","Sweeping Beam","Gash","Rainbow","Loop","Electrodynamics","Conserve Battery","Coolheaded+1","Hologram","Capacitor"],"relics":["Cracked Core","StoneCalendar","HornCleat","Philosopher\u0027s Stone","Bag of Preparation","Singing Bowl"],"acts_visited":["Exordium","TheCity"],"potions_floor_usage":[7,18,21],"damage_taken":[{"damage":0,"enemies":"Small Slimes","floor":1,"turns":2},{"damage":12,"enemies":"Cultist","floor":3,"turns":4},{"damage":41,"enemies":"Gremlin Nob","floor":7,"turns":4},{"damage":7,"enemies":"Jaw Worm","floor":10,"turns":3},{"damage":13,"enemies":"Red Slaver","floor":11,"turns":4},{"damage":4,"enemies":"Looter","floor":12,"turns":3},{"damage":12,"enemies":"Large Slime","floor":14,"turns":5},{"damage":30,"enemies":"Hexaghost","floor":16,"turns":8},{"damage":19,"enemies":"3 Byrds","floor":18,"turns":2},{"damage":3,"enemies":"Chosen","floor":19,"turns":5},{"damage":46,"enemies":"Snake Plant","floor":21,"turns":4}],"seed_played":"739385224915395765","potions_obtained":[{"floor":7,"key":"Fruit Juice"},{"floor":12,"key":"ColorlessPotion"},{"floor":14,"key":"Ancient Potion"},{"floor":16,"key":"Strength Potion"},{"floor":18,"key":"LiquidBronze"}],"is_trial":false,"path_per_floor":["M","?","M","$","?","R","E","R","T","M","M","M","R","M","R","B",null,"M","M","$","M"],"character_chosen":"DEFECT","items_purchased":["StoneCalendar","Conserve Battery","Hologram","Capacitor"],"campfire_rested":4,"item_purchase_floors":[4,4,20,20],"current_hp_per_floor":[46,42,30,30,30,51,15,37,37,30,17,13,35,25,48,18,63,44,41,41,0,0],"gold":80,"neow_bonus":"TWO_FIFTY_GOLD","is_daily":false,"chose_seed":false,"campfire_upgraded":0,"win_rate":0.0,"timestamp":1611248782,"path_taken":["M","?","?","$","?","R","E","R","T","?","M","M","R","M","R","BOSS","M","M","$","M"],"items_purchased_type":["Relic","Card","Card","Card"],"build_version":"2020-12-22","purchased_purges":1,"victory":false,"max_hp_per_floor":[71,71,71,71,71,71,76,76,76,76,76,76,76,78,78,78,78,78,78,78,78,78],"card_choices":[{"not_picked":["Redo","Barrage"],"picked":"Gash","floor":1},{"not_picked":["Barrage","Rebound"],"picked":"Gash","floor":3},{"not_picked":["Go for the Eyes","Conserve Battery"],"picked":"Sweeping Beam","floor":7},{"not_picked":["Cold Snap","Leap"],"picked":"Gash","floor":10},{"not_picked":["Stack","Ball Lightning"],"picked":"Rainbow","floor":11},{"not_picked":["Turbo","Amplify"],"picked":"Loop","floor":12},{"not_picked":["Steam","Turbo","Rebound"],"picked":"Singing Bowl","floor":14},{"not_picked":["Multi-Cast","Reboot"],"picked":"Electrodynamics","floor":16},{"not_picked":["Streamline+1","Double Energy"],"picked":"Conserve Battery","floor":18},{"not_picked":["Hello World","Static Discharge"],"picked":"Coolheaded+1","floor":19}],"player_experience":1065234,"relics_obtained":[{"floor":7,"key":"Singing Bowl"},{"floor":9,"key":"HornCleat"}],"event_choices":[{"damage_healed":0,"gold_gain":0,"player_choice":"Bought 0 Potions","damage_taken":0,"max_hp_gain":0,"max_hp_loss":0,"event_name":"The Woman in Blue","floor":2,"gold_loss":0},{"cards_removed":["Conserve Battery"],"damage_healed":0,"gold_gain":0,"player_choice":"Gave Card","damage_taken":0,"relics_obtained":["Bag of Preparation"],"max_hp_gain":0,"max_hp_loss":0,"event_name":"WeMeetAgain","floor":5,"gold_loss":0}],"is_beta":false,"boss_relics":[{"not_picked":["Coffee Dripper","Runic Dome"],"picked":"Philosopher\u0027s Stone"}],"items_purged_floors":[20],"is_endless":false,"potions_floor_spawned":[7,12,14,16,18],"killed_by":"Snake Plant","ascension_level":19}}