{"host":"oeeu8njhzvf3llor","time":1611271443,"event":{"mods":["BaseMod","Better Match","Better Note","Better Skull","Better Third Choice","Hubris","Minty Spire (QoL Compilation)","Rare Cards Sparkle","Replay The Spire","Shop Mod","Spicy Shops","StSLib","Swap Starting Deck Mod"],"gold_per_floor":[116,126,146,71,71,103,103,131,131,22,45,65,82,96,96,192,192,206,219,232,247,262,290,290,321,321,348,273,273,13,41,41,139,139,154,0,0,11,24,51,101,126,126,142,142,167,167,201,201,201],"floor_reached":49,"language":"ENG","playtime":2145,"items_purged":["Strike_R","Strike_R"],"score":964,"play_id":"316516c3-0c2d-4a74-b71a-ae84b1919ba6","local_time":"20210121182403","is_ascension_mode":true,"campfire_choices":[{"data":"Demon Form","floor":7,"key":"SMITH"},{"floor":15,"key":"REST"},{"floor":24,"key":"REST"},{"floor":32,"key":"REST"},{"floor":47,"key":"DIG"},{"floor":49,"key":"DIG"}],"circlet_count":0,"master_deck":["Strike_R+1","Strike_R","Strike_R","Defend_R","Defend_R+1","Defend_R+1","Defend_R","Bash","Hemokinesis","Shockwave","hubris:SharpeningStone","Demon Form+1","Replay:Undeath\u0027s Touch","Juggernaut","Heavy Blade+1","Clothesline","Rupture","Twin Strike","Battle Trance","Demon Form","Clothesline+1","Thunderclap","Shrug It Off","Ghostly Armor","Carnage","Corruption","Sentinel","Good Instincts","Inflame","Thunderclap","True Grit","Demon Form","Spot Weakness","Limit Break","Heavy Blade+1","Decay","Life Link","Ghostly Armor","ReplayTheSpireMod:Stacked+1","hubris:SharpeningStone+1","Demon Form","Replay:Undeath\u0027s Touch+1","Wild Strike","Inflame"],"relics":["Burning Blood","Replay:Rubber Ducky","White Beast Statue","Simple Rune","hubris:DeckOfHolding","Dream Catcher","Velvet Choker","StoneCalendar","Pen Nib","Bird Faced Urn","Anchor","Eternal Feather","Fusion Hammer","Red Mask","Mummified Hand","Torii","Shovel","hubris:Zylophone","Sundial","PreservedInsect","Bronze Scales"],"acts_visited":["Exordium","TheCity","TheBeyond"],"potions_floor_usage":[8,16,16,19,20,20,23,25,27,31,31,33,42,46,46],"damage_taken":[{"damage":9,"enemies":"Small Slimes","floor":1,"turns":4},{"damage":2,"enemies":"Cultist","floor":2,"turns":2},{"damage":5,"enemies":"2 Louse","floor":3,"turns":2},{"damage":27,"enemies":"Gremlin Nob","floor":6,"turns":5},{"damage":43,"enemies":"3 Sentries","floor":8,"turns":9},{"damage":4,"enemies":"Exordium Wildlife","floor":12,"turns":4},{"damage":22,"enemies":"Gremlin Gang","floor":13,"turns":6},{"damage":10,"enemies":"3 Louse","floor":14,"turns":5},{"damage":2,"enemies":"Hexaghost","floor":16,"turns":6},{"damage":7,"enemies":"Spheric Guardian","floor":18,"turns":4},{"damage":27,"enemies":"2 Thieves","floor":19,"turns":4},{"damage":25,"enemies":"Centurion and Healer","floor":20,"turns":5},{"damage":2,"enemies":"Sentry and Sphere","floor":21,"turns":4},{"damage":7,"enemies":"Snecko","floor":22,"turns":4},{"damage":12,"enemies":"Book of Stabbing","floor":23,"turns":6},{"damage":49,"enemies":"Gremlin Leader","floor":25,"turns":7},{"damage":9,"enemies":"Book of Stabbing","floor":27,"turns":6},{"damage":23,"enemies":"Gremlin Leader","floor":31,"turns":7},{"damage":25,"enemies":"Pondfish","floor":33,"turns":10},{"damage":4,"enemies":"3 Shapes","floor":35,"turns":4},{"damage":0,"enemies":"Orb Walker","floor":38,"turns":3},{"damage":1,"enemies":"Jaw Worm Horde","floor":39,"turns":5},{"damage":13,"enemies":"Nemesis","floor":40,"turns":7},{"damage":0,"enemies":"Mind Bloom Boss Battle","floor":41,"turns":5},{"damage":46,"enemies":"Reptomancer","floor":42,"turns":5},{"damage":21,"enemies":"Writhing Mass","floor":44,"turns":6},{"damage":10,"enemies":"Nemesis","floor":46,"turns":7},{"damage":29,"enemies":"Reptomancer","floor":48,"turns":7}],"seed_played":"-833053814617592571","potions_obtained":[{"floor":1,"key":"BloodPotion"},{"floor":6,"key":"Swift Potion"},{"floor":8,"key":"Swift Potion"},{"floor":12,"key":"Languid Potion"},{"floor":13,"key":"Block Potion"},{"floor":16,"key":"ColorlessPotion"},{"floor":18,"key":"DistilledChaos"},{"floor":19,"key":"Explosive Potion"},{"floor":20,"key":"Swift Potion"},{"floor":21,"key":"SkillPotion"},{"floor":23,"key":"Death Potion"},{"floor":25,"key":"Swift Potion"},{"floor":27,"key":"Elixir"},{"floor":31,"key":"Adrenaline Potion"},{"floor":33,"key":"DistilledChaos"},{"floor":35,"key":"Milkshake"},{"floor":42,"key":"Energy Potion"},{"floor":46,"key":"CultistPotion"},{"floor":48,"key":"DuplicationPotion"}],"is_trial":false,"path_per_floor":["M","M","M","?","?","E","R","E","T","$","T","M","M","M","R","B",null,"M","M","M","M","M","E","R","E","T","E","?","?","$","E","R","B",null,"M","?","?","M","M","E","?","E","T","M","?","E","R","E","R"],"character_chosen":"IRONCLAD","items_purchased":["Heavy Blade+1","Inflame","Thunderclap","True Grit"],"campfire_rested":3,"item_purchase_floors":[10,30,30,30],"current_hp_per_floor":[77,80,80,80,80,59,59,38,38,38,38,40,24,20,44,48,80,79,58,39,43,42,36,60,17,17,24,24,24,24,13,55,50,80,80,80,80,80,80,79,80,44,44,37,37,47,71,64,80,80],"gold":201,"neow_bonus":"RANDOM_COMMON_RELIC","is_daily":false,"chose_seed":false,"campfire_upgraded":1,"win_rate":0.0,"timestamp":1611271443,"path_taken":["M","M","M","?","?","E","R","E","T","$","?","M","M","M","R","BOSS","M","M","M","?","M","E","R","E","T","E","?","?","$","E","R","BOSS","M","?","?","M","?","E","?","E","T","M","?","E","R","E","R"],"items_purchased_type":["Card","Card","Card","Card"],"build_version":"2020-12-22","purchased_purges":2,"victory":false,"max_hp_per_floor":[80,80,80,80,80,80,80,80,80,80,80,80,80,80,80,80,80,80,80,80,80,80,80,80,80,80,80,80,80,80,80,80,80,80,80,80,80,80,80,80,80,80,80,80,80,80,80,80,80,80],"card_choices":[{"not_picked":["Headbutt","Ghostly Armor"],"picked":"Hemokinesis","floor":1},{"not_picked":["Anger","hubris:ReadiedAction"],"picked":"Shockwave","floor":2},{"not_picked":["Iron Wave","Clash","ReplayTheSpireMod:LeadingStrike"],"picked":"SKIP","floor":3},{"not_picked":["Dual Wield","Shockwave"],"picked":"hubris:SharpeningStone","floor":4},{"not_picked":["Impervious","Eclipse"],"picked":"Demon Form","floor":4},{"not_picked":["Rupture","Infernal Blade"],"picked":"Replay:Undeath\u0027s Touch","floor":6},{"not_picked":["Clothesline","Brutality"],"picked":"Juggernaut","floor":8},{"not_picked":["hubris:ReadiedAction","Heavy Blade"],"picked":"Clothesline","floor":12},{"not_picked":["True Grit","Replay:Undeath\u0027s Touch"],"picked":"Rupture","floor":13},{"not_picked":["Shrug It Off","Body Slam"],"picked":"Twin Strike","floor":14},{"not_picked":["Pommel Strike","Sword Boomerang"],"picked":"Battle Trance","floor":15},{"not_picked":["Feed","Impervious"],"picked":"Demon Form","floor":16},{"not_picked":["Intimidate","Sword Boomerang"],"picked":"Clothesline+1","floor":18},{"not_picked":["Warcry","Havoc"],"picked":"Thunderclap","floor":19},{"not_picked":["Run Through+1","Battle Trance","Dual Wield"],"picked":"SKIP","floor":20},{"not_picked":["Warcry+1","ReplayReversal"],"picked":"Shrug It Off","floor":21},{"not_picked":["Brutality","Dropkick+1"],"picked":"Ghostly Armor","floor":22},{"not_picked":["Replay:Undeath\u0027s Touch","Body Slam"],"picked":"Carnage","floor":23},{"not_picked":["Shrug It Off","Abandon+1"],"picked":"Corruption","floor":25},{"not_picked":["hubris:ReadiedAction+1","Wild Strike"],"picked":"Sentinel","floor":27},{"not_picked":["Blind","Trip"],"picked":"Good Instincts","floor":28},{"not_picked":["Exhume","Searing Blow"],"picked":"Demon Form","floor":31},{"not_picked":["Replay:Undeath\u0027s Touch","Clothesline"],"picked":"Spot Weakness","floor":32},{"not_picked":["Impervious","Exhume"],"picked":"Limit Break","floor":33},{"not_picked":["Clash+1","ReplayTheSpireMod:LeadingStrike"],"picked":"Heavy Blade+1","floor":35},{"not_picked":["Body Slam","Bloodletting"],"picked":"Life Link","floor":38},{"not_picked":["hubris:SharpeningStone","Havoc"],"picked":"Ghostly Armor","floor":39},{"not_picked":["Exhume","Twin Strike"],"picked":"ReplayTheSpireMod:Stacked+1","floor":40},{"not_picked":["Rampage+1","Run Through+1"],"picked":"hubris:SharpeningStone+1","floor":41},{"not_picked":["Clash","ReplayTheSpireMod:Corrosion Curse+1"],"picked":"Demon Form","floor":42},{"not_picked":["Power Through+1","Wild Strike"],"picked":"Replay:Undeath\u0027s Touch+1","floor":44},{"not_picked":["Cleave+1","Body Slam"],"picked":"Wild Strike","floor":46},{"not_picked":["Pommel Strike+1","Flex"],"picked":"Inflame","floor":48}],"player_experience":502735,"relics_obtained":[{"floor":6,"key":"White Beast Statue"},{"floor":8,"key":"Simple Rune"},{"floor":9,"key":"hubris:DeckOfHolding"},{"floor":11,"key":"Dream Catcher"},{"floor":23,"key":"StoneCalendar"},{"floor":25,"key":"Pen Nib"},{"floor":26,"key":"Bird Faced Urn"},{"floor":27,"key":"Anchor"},{"floor":31,"key":"Eternal Feather"},{"floor":40,"key":"Mummified Hand"},{"floor":41,"key":"Torii"},{"floor":42,"key":"Shovel"},{"floor":46,"key":"hubris:Zylophone"},{"floor":47,"key":"Sundial"},{"floor":48,"key":"PreservedInsect"},{"floor":49,"key":"Bronze Scales"}],"event_choices":[{"damage_healed":0,"gold_gain":0,"player_choice":"1","damage_taken":0,"max_hp_gain":0,"max_hp_loss":0,"event_name":"betterMatch:BetterMatch","floor":4,"gold_loss":0,"cards_obtained":["betterMatch:UncommonCard","betterMatch:RareCard"]},{"damage_healed":0,"gold_gain":0,"player_choice":"1","damage_taken":0,"max_hp_gain":0,"max_hp_loss":0,"event_name":"betterMatch:BetterMatch","floor":28,"gold_loss":0,"cards_obtained":["betterMatch:ColorlessUncommonCard"]},{"cards_removed":["Strike_R"],"damage_healed":0,"gold_gain":0,"player_choice":"Give","damage_taken":0,"max_hp_gain":0,"max_hp_loss":0,"event_name":"betterNote:BetterNote","floor":29,"gold_loss":0,"cards_obtained":["Strike_G"]},{"damage_healed":0,"gold_gain":0,"player_choice":"Paid","damage_taken":0,"relics_obtained":["Red Mask"],"max_hp_gain":0,"max_hp_loss":0,"event_name":"Tomb of Lord Red Mask","floor":36,"gold_loss":154},{"damage_healed":0,"gold_gain":0,"player_choice":"Cursed","damage_taken":0,"max_hp_gain":0,"max_hp_loss":0,"event_name":"Wheel of Change","floor":37,"gold_loss":0,"cards_obtained":["Decay"]},{"damage_healed":0,"gold_gain":0,"player_choice":"Fight","damage_taken":0,"max_hp_gain":0,"max_hp_loss":0,"event_name":"MindBloom","floor":41,"gold_loss":0},{"damage_healed":0,"gold_gain":0,"player_choice":"Memory 1","damage_taken":0,"max_hp_gain":0,"max_hp_loss":0,"event_name":"SensoryStone","floor":45,"gold_loss":0}],"is_beta":false,"boss_relics":[{"not_picked":["Ring of Chaos","SlaversCollar"],"picked":"Velvet Choker"},{"not_picked":["Cursed Key","Tiny House"],"picked":"Fusion Hammer"}],"items_purged_floors":[10,30],"is_endless":false,"potions_floor_spawned":[1,6,8,12,13,14,16,18,19,20,21,22,23,25,27,31,33,35,38,39,40,41,42,44,46,48],"ascension_level":1}}