{"host":"tmgdm9kau0qip004","time":1611206228,"event":{"mods":["BaseMod","Downfall","KinomotoSakuraMod(ƒæ÷Æ±æ”£)","Marisa£®ÏF”Í°°ƒß¿Ì…≥£©","Minty Spire (QoL Compilation)","READ ME - Guardian Mod","Reimu£®≤©¿ˆ¡È√Œ£©","Remilia£®¿Ÿ√◊¿Ú—«£©","StSLib","Youmu£®ªÍ∆«—˝√Œ£©","vexMod"],"gold_per_floor":[116,136,149,149,149,174,174,207,207,207,207,241,241,93,93,195,195,211,65,65,75,91,91,91,123,149,149,184,32,32,32,32,130,130,141,141],"floor_reached":35,"language":"ZHS","playtime":968,"items_purged":[],"score":659,"play_id":"1ba9ce91-5b88-4922-ae1b-b826ff83ae73","local_time":"20210121131708","daily_mods":["Draft","Heirloom","Time Dilation","Flight","downfall:Lament","Elite Swarm"],"is_ascension_mode":false,"campfire_choices":[{"data":"EternalNight","floor":7,"key":"SMITH"},{"data":"DiffusionOfMisfortune","floor":10,"key":"SMITH"},{"data":"BloodRain","floor":11,"key":"SMITH"},{"data":"ScarletDream","floor":13,"key":"SMITH"},{"data":"ScarletImprint","floor":15,"key":"SMITH"},{"data":"MastersStateliness","floor":23,"key":"SMITH"},{"data":"MastersStateliness","floor":24,"key":"SMITH"},{"data":"EquivalentExchange","floor":27,"key":"SMITH"},{"data":"TwelveNightmare","floor":32,"key":"SMITH"}],"circlet_count":0,"master_deck":["ScarletDream+1","DiffusionOfMisfortune","BombardNight","MastersStateliness","BombardNight","EndlessAdversity","MillenniumVampire","TwelveNightmare+1","BlasphemousPunishment","EternalNight+1","BombardNight","ScarletImprint+1","ScarletDevil","DiffusionOfMisfortune","NightDance","DiffusionOfMisfortune+1","VampireKiss","Stigmanizer","MastersStateliness+1","EternalNight","MastersStateliness+1","BloodRain+1","BloodyCatastrophe+1","KillingBlow","BloodyHallows","Septette+1","VampireSweep+1","DevilSight+1","BloodAndWine","EquivalentExchange+1","QueenOfMidnight","Ultimatum+1","LeisurelyOfLord+1"],"relics":["ScarletHat","NeowsBlessing","Prayer Wheel","Incense Burner","Pocketwatch","vexMod:RetaliationKit","Lizard Tail","ClockworkSouvenir","APieceOfRedMist","Chemical X","ScarletDevilRocket","vexMod:BarristanHead","Matryoshka","champ:Barbells","vexMod:CursedCompass"],"acts_visited":["Exordium","TheCity","TheBeyond"],"potions_floor_usage":[16,33],"damage_taken":[{"damage":0,"enemies":"Cultist","floor":1,"turns":1},{"damage":0,"enemies":"2 Louse","floor":2,"turns":1},{"damage":0,"enemies":"Small Slimes","floor":3,"turns":1},{"damage":1,"enemies":"Gremlin Nob","floor":6,"turns":2},{"damage":10,"enemies":"3 Sentries","floor":8,"turns":3},{"damage":0,"enemies":"Gremlin Nob","floor":12,"turns":2},{"damage":38,"enemies":"Hexaghost","floor":16,"turns":5},{"damage":0,"enemies":"3 Byrds","floor":18,"turns":1},{"damage":0,"enemies":"Shell Parasite","floor":21,"turns":1},{"damage":4,"enemies":"Sentry and Sphere","floor":22,"turns":3},{"damage":12,"enemies":"Book of Stabbing","floor":25,"turns":2},{"damage":12,"enemies":"Gremlin Leader","floor":28,"turns":2},{"damage":0,"enemies":"Automaton","floor":33,"turns":5},{"damage":18,"enemies":"3 Shapes","floor":35,"turns":1}],"seed_played":"-3290787800524124925","potions_obtained":[{"floor":1,"key":"SkillPotion"},{"floor":3,"key":"Fire Potion"},{"floor":8,"key":"GamblersBrew"},{"floor":18,"key":"PowerPotion"},{"floor":33,"key":"Fire Potion"}],"is_trial":true,"path_per_floor":["M","M","M","?","$","E","R","E","T","R","R","E","R","$","R","B",null,"M","$","?","M","M","R","R","E","T","R","E","$","?","?","R","B",null,"M"],"character_chosen":"REMILIA","items_purchased":["ClockworkSouvenir","Chemical X","champ:Barbells"],"campfire_rested":0,"item_purchase_floors":[14,19,29],"current_hp_per_floor":[75,75,75,80,80,79,79,69,69,69,69,71,71,71,71,51,80,80,80,80,80,76,76,76,68,68,68,63,63,63,80,80,80,80,62,62],"gold":141,"neow_bonus":"","is_daily":false,"chose_seed":false,"campfire_upgraded":9,"win_rate":0.0,"timestamp":1611206228,"path_taken":["M","M","?","?","$","E","R","E","T","R","R","E","R","$","R","BOSS","M","$","?","M","?","R","R","E","T","R","E","$","?","?","R","BOSS","M"],"items_purchased_type":["Relic","Relic","Relic"],"build_version":"2020-12-22","purchased_purges":0,"victory":false,"max_hp_per_floor":[75,75,75,80,80,80,80,80,80,80,80,80,80,80,80,80,80,80,80,80,80,80,80,80,80,80,80,80,80,80,80,80,80,80,80,80],"card_choices":[{"not_picked":["BloodyTrap","BlasphemousPunishment"],"picked":"ScarletDream","floor":0},{"not_picked":["ScarletDevil","BlasphemousPunishment"],"picked":"DiffusionOfMisfortune","floor":0},{"not_picked":["BloodHunter","BloodyTrap"],"picked":"BombardNight","floor":0},{"not_picked":["BloodHunter","BlasphemousPunishment"],"picked":"MastersStateliness","floor":0},{"not_picked":["VampireKiss","TwelveNightmare"],"picked":"BombardNight","floor":0},{"not_picked":["FavorOfDestiny","BloodyMagicSquare"],"picked":"EndlessAdversity","floor":0},{"not_picked":["UnderTheZenith","VampireClaw"],"picked":"MillenniumVampire","floor":0},{"not_picked":["BlasphemousPunishment","ScarletDream"],"picked":"TwelveNightmare","floor":0},{"not_picked":["BombardNight","GlobalNightmare"],"picked":"BlasphemousPunishment","floor":0},{"not_picked":["ScarletDevil","UnstableMagic"],"picked":"EternalNight","floor":0},{"not_picked":["ReincarnationDial","UnderTheZenith"],"picked":"BombardNight","floor":0},{"not_picked":["BlasphemousPunishment","BombardNight"],"picked":"ScarletImprint","floor":0},{"not_picked":["UltimateOffering","MillenniumVampire"],"picked":"ScarletDevil","floor":0},{"not_picked":["BombardNight","GlobalNightmare"],"picked":"DiffusionOfMisfortune","floor":0},{"not_picked":["BlasphemousPunishment","MastersStateliness"],"picked":"NightDance","floor":0},{"not_picked":["FavorOfDestiny","VampireClaw"],"picked":"DiffusionOfMisfortune","floor":1},{"not_picked":["MillenniumVampire","VampireFantasy"],"picked":"VampireKiss","floor":1},{"not_picked":["FavorOfDestiny","ScarletImprint"],"picked":"Stigmanizer","floor":2},{"not_picked":["BombardNight","ScarletImprint"],"picked":"MastersStateliness","floor":2},{"not_picked":["ForbiddenFruit","RedRainbow"],"picked":"EternalNight","floor":3},{"not_picked":["RedMagic","VampireFantasy"],"picked":"MastersStateliness","floor":3},{"not_picked":["ForecastOfChange","BloodyHallows"],"picked":"BloodRain","floor":6},{"not_picked":["EquivalentExchange","ChaoticDestiny"],"picked":"BloodyCatastrophe","floor":8},{"not_picked":["EquivalentExchange","HeartBreak"],"picked":"KillingBlow","floor":12},{"not_picked":["KillingBlow","ChaoticDestiny"],"picked":"BloodyHallows","floor":16},{"not_picked":["VampireSweep","AfternoonTea+1"],"picked":"Septette","floor":18},{"not_picked":["ScarletImprint","Maim+1","EmergencyRegeneration"],"picked":"SKIP","floor":18},{"not_picked":["VampireKiss+1","RedMagic"],"picked":"VampireSweep+1","floor":21},{"not_picked":["EmergencyRegeneration+1","CharismaGuard+1","ScarletDream"],"picked":"SKIP","floor":21},{"not_picked":["EmergencyRegeneration","UnstableMagic"],"picked":"DevilSight+1","floor":22},{"not_picked":["BlasphemousPunishment","ScarletDevil"],"picked":"BloodAndWine","floor":22},{"not_picked":["ChaoticDestiny","KillingBlow"],"picked":"EquivalentExchange","floor":25},{"not_picked":["BloodRain","BloodyHallows","TricksterDevil"],"picked":"SKIP","floor":28},{"not_picked":["CeilingFear","ForecastOfChange"],"picked":"QueenOfMidnight","floor":33},{"not_picked":["EndlessAdversity","BlasphemousPunishment"],"picked":"Ultimatum+1","floor":35},{"not_picked":["BlasphemousPunishment","RedRainbow+1"],"picked":"LeisurelyOfLord+1","floor":35}],"player_experience":125055,"relics_obtained":[{"floor":6,"key":"Incense Burner"},{"floor":8,"key":"Pocketwatch"},{"floor":9,"key":"vexMod:RetaliationKit"},{"floor":12,"key":"Lizard Tail"},{"floor":25,"key":"ScarletDevilRocket"},{"floor":26,"key":"vexMod:BarristanHead"},{"floor":28,"key":"Matryoshka"}],"event_choices":[{"damage_healed":0,"gold_gain":0,"player_choice":"Donut","damage_taken":0,"max_hp_gain":5,"max_hp_loss":0,"event_name":"Big Fish","floor":4,"gold_loss":0},{"damage_healed":0,"gold_gain":0,"player_choice":"Forge","damage_taken":0,"max_hp_gain":0,"max_hp_loss":0,"event_name":"Accursed Blacksmith","floor":20,"gold_loss":0,"cards_upgraded":["Septette"]},{"damage_healed":0,"gold_gain":0,"player_choice":"Ignored","damage_taken":0,"max_hp_gain":0,"max_hp_loss":0,"event_name":"Cursed Tome","floor":30,"gold_loss":0},{"damage_healed":26,"gold_gain":0,"player_choice":"Heal","damage_taken":0,"max_hp_gain":0,"max_hp_loss":0,"event_name":"The Library","floor":31,"gold_loss":0}],"is_beta":false,"boss_relics":[{"not_picked":["Sozu","expansioncontent:StudyCardRelic"],"picked":"APieceOfRedMist"},{"not_picked":["Cursed Key","Runic Pyramid"],"picked":"vexMod:CursedCompass"}],"items_purged_floors":[],"is_endless":true,"potions_floor_spawned":[1,3,8,18,28,33],"killed_by":"3 Shapes","ascension_level":0}}