{"host":"atu1skz5iq69e5lr","time":1611261895,"event":{"mods":["AchievementEnabler","Aspiration","BaseMod","Better Third Choice","Colored Map","Conspire","Evolution","Friendly Minions","Halation","Highlight Path","Hubris","Infinite Spire","Keyboard Shortcuts","Lobotomy","Minty Spire (QoL Compilation)","Replay The Spire","Shop Mod","StSLib"],"gold_per_floor":[113,113,124,49,49,49,59,76,76,95,95,115,150,163,163,267,267,287,39,53,78,78,107,118,118,118,130,177,189,201,223,235,346,358,382,394,406,164,164,164,176,211,211,211,228,228,103,103,103,103,103],"floor_reached":52,"language":"ENG","playtime":2402,"items_purged":["NakedNest","Mimicry","hubris:Wrath"],"score":1018,"play_id":"cf33a38b-0260-46a7-a41d-9d8f54f359aa","local_time":"20210121214455","is_ascension_mode":false,"campfire_choices":[{"data":"LifeForTheDareDevil","floor":15.0,"key":"SMITH"},{"floor":32.0,"key":"REST"}],"circlet_count":0,"master_deck":["SpecialBullet","SpecialBullet","SpecialBullet","SpecialBullet","SpecialBullet","SpecialBullet","SpecialBullet","SpecialBullet","InformationCode","CentralCode","SecurityCode","Justitia+1","BlackArmy","Moonlight+1","LittlePrince","Mercenary","LifeForTheDareDevil+1","BigBird","Beak+1","RecordCode","hubris:InfiniteBlow+25","BlueStar","hubris:DuctTapeCard","ExtractionCode"],"relics":["CogitoBucket","EVO:Axolotl","aspiration:FetidBarrel","AspirationHeart","Whetstone","hubris:Backtick","Strange Spoon","infinitespire:BottledMercury","HellTrain","StoneCalendar","Dream Catcher","MawBank","Garlic","Replay:Mystery Machine","Cursed Key","TreeSap","hubris:FunFungus","halation:Jellyphish","HornCleat","hubris:DuctTape"],"acts_visited":["Exordium","TheCity","TheBeyond"],"potions_floor_usage":[33],"damage_taken":[{"damage":11.0,"enemies":"Jaw Worm","floor":1.0,"turns":3.0},{"damage":0.0,"enemies":"Cultist","floor":3.0,"turns":3.0},{"damage":0.0,"enemies":"2 Louse","floor":7.0,"turns":1.0},{"damage":9.0,"enemies":"Blue Slaver","floor":8.0,"turns":2.0},{"damage":0.0,"enemies":"Lots of Slimes","floor":10.0,"turns":2.0},{"damage":12.0,"enemies":"2 Fungi Beasts","floor":12.0,"turns":1.0},{"damage":14.0,"enemies":"Gremlin Nob","floor":13.0,"turns":3.0},{"damage":0.0,"enemies":"Looter","floor":14.0,"turns":3.0},{"damage":2.0,"enemies":"Slime Boss","floor":16.0,"turns":2.0},{"damage":2.0,"enemies":"3 Byrds","floor":18.0,"turns":2.0},{"damage":25.0,"enemies":"Spheric Guardian","floor":20.0,"turns":4.0},{"damage":6.0,"enemies":"conspire:SneckoGhost","floor":23.0,"turns":3.0},{"damage":2.0,"enemies":"3 Cultists","floor":24.0,"turns":2.0},{"damage":6.0,"enemies":"Book of Stabbing","floor":28.0,"turns":4.0},{"damage":28.0,"enemies":"Snake Plant","floor":31.0,"turns":5.0},{"damage":6,"enemies":"Collector","floor":33,"turns":4},{"damage":12,"enemies":"3 Darklings","floor":35,"turns":7},{"damage":2,"enemies":"Orb Walker","floor":41,"turns":2},{"damage":0,"enemies":"R_Hoarder","floor":42,"turns":1},{"damage":14,"enemies":"Jaw Worm Horde","floor":45,"turns":3},{"damage":8,"enemies":"infinitespire:MassOfShapes","floor":50,"turns":3}],"seed_played":"4476485206165044398","potions_obtained":[{"floor":3.0,"key":"Flashbang"},{"floor":10.0,"key":"Toxic Potion"},{"floor":13.0,"key":"Strength Potion"},{"floor":18.0,"key":"Fire Potion"},{"floor":31.0,"key":"Regen Potion"},{"floor":41,"key":"Fire Potion"},{"floor":45,"key":"Adrenaline Potion"}],"is_trial":false,"path_per_floor":["M","?","M","$","?","R","M","M","T","M","R","M","E","M","R","B",null,"M","$","M","?","?","E","M","R","T","$","E","R","AVR","M","R_BF","B",null,"M","?","AVR","$","$","R","M","E","T","R","M","R","$","?","R","B",null,null],"character_chosen":"Angela","items_purchased":["infinitespire:BottledMercury","halation:Jellyphish"],"campfire_rested":1,"item_purchase_floors":[19,38],"current_hp_per_floor":[70,70,73,73,73,73,73,72,72,73,73,79,73,83,83,81,83,81,81,56,56,56,50,48,48,48,48,45,45,45,36,60,76,83,77,69,69,69,69,69,85,91,91,91,83,83,83,83,83,81,81],"gold":103,"neow_bonus":"ONE_RANDOM_RARE_CARD","is_daily":false,"chose_seed":false,"campfire_upgraded":1,"win_rate":0.0,"timestamp":1611261895,"path_taken":["M","?","?","?","?","R","M","M","T","?","R","M","E","M","R","BOSS","M","$","M","?","?","E","M","R","T","?","E","R","AVR","M","R_BF","BOSS","M","?","AVR","?","$","R","M","E","T","R","M","R","$","?","R","BOSS"],"items_purchased_type":["Relic","Relic"],"build_version":"2020-12-22","purchased_purges":3,"victory":true,"max_hp_per_floor":[73,73,73,73,73,73,73,73,73,73,73,83,83,83,83,83,83,83,83,83,83,83,83,83,83,83,83,83,83,83,83,83,83,83,83,83,83,83,83,83,87,91,91,91,91,91,91,91,91,91,91],"card_choices":[{"not_picked":["SpiderBud","PunishingBird"],"picked":"BlackArmy","floor":1.0},{"not_picked":["Laetitia_ego"],"picked":"Moonlight","floor":1.0},{"not_picked":["SpiderBud","FairyFestival"],"picked":"NakedNest","floor":3.0},{"not_picked":["BlueScar","Christmas"],"picked":"SKIP","floor":3.0},{"not_picked":["Woodsman","CrumblingArmor"],"picked":"LittlePrince","floor":7.0},{"not_picked":["Gaze","Lantern"],"picked":"SKIP","floor":7.0},{"not_picked":["Moonlight","FrostShard"],"picked":"SKIP","floor":8.0},{"not_picked":["MagicBullet","Wingbeat"],"picked":"SKIP","floor":10.0},{"not_picked":["Harmony","Lantern"],"picked":"SKIP","floor":12.0},{"not_picked":["Harmony","Lantern"],"picked":"SKIP","floor":12.0},{"not_picked":["GoldRush","Pleasure"],"picked":"SKIP","floor":13.0},{"not_picked":["WallGazer","FairyFestival"],"picked":"Mercenary","floor":14.0},{"not_picked":["Harmony"],"picked":"LifeForTheDareDevil","floor":14.0},{"not_picked":["FairyFestival","Scarecrow"],"picked":"BigBird","floor":16.0},{"not_picked":["CUTE","LifeForTheDareDevil"],"picked":"SKIP","floor":18.0},{"not_picked":["CUTE","LifeForTheDareDevil"],"picked":"SKIP","floor":18.0},{"not_picked":["GrinderMk4","Loneliness"],"picked":"SKIP","floor":20.0},{"not_picked":["RapturousDream"],"picked":"Beak+1","floor":21.0},{"not_picked":["Ecstasy","SomewhereSpear"],"picked":"SKIP","floor":23.0},{"not_picked":["WristCuter","Tough+1"],"picked":"SKIP","floor":24.0},{"not_picked":["FourthMatchFlame+1","GrinderMk4"],"picked":"SKIP","floor":28.0},{"not_picked":["Beak+1","Noise"],"picked":"SKIP","floor":31.0},{"not_picked":["SoundOfStar"],"picked":"Mimicry","floor":33},{"not_picked":["RedEyes","Beak"],"picked":"SKIP","floor":35},{"not_picked":["NothingThere","QueenOfHatred"],"picked":"BlueStar","floor":41},{"not_picked":["CUTE","Heaven"],"picked":"SKIP","floor":41},{"not_picked":["CUTE","Heaven"],"picked":"SKIP","floor":41},{"not_picked":["HappyTeddy","FairyFestival"],"picked":"NothingThere","floor":42},{"not_picked":["Galaxy+1","CUTE"],"picked":"SKIP","floor":42},{"not_picked":["BloodyDesire+1","Amita+1"],"picked":"SKIP","floor":45}],"player_experience":30774,"relics_obtained":[{"floor":9.0,"key":"aspiration:FetidBarrel"},{"floor":13.0,"key":"Whetstone"},{"floor":21.0,"key":"StoneCalendar"},{"floor":23.0,"key":"Dream Catcher"},{"floor":26.0,"key":"MawBank"},{"floor":28.0,"key":"Garlic"},{"floor":42,"key":"HornCleat"},{"floor":43,"key":"hubris:DuctTape"}],"event_choices":[{"damage_healed":0.0,"max_hp_gain":0.0,"max_hp_loss":0.0,"gold_gain":0.0,"event_name":"Accursed Blacksmith","player_choice":"Forge","floor":5.0,"gold_loss":0.0,"damage_taken":0.0,"cards_upgraded":["Moonlight"]},{"damage_healed":0,"gold_gain":0,"player_choice":"Damaged","damage_taken":8,"max_hp_gain":0,"max_hp_loss":0,"event_name":"Wheel of Change","floor":36,"gold_loss":0},{"damage_healed":0,"gold_gain":0,"player_choice":"Ignored","damage_taken":0,"max_hp_gain":0,"max_hp_loss":0,"event_name":"Mysterious Sphere","floor":48,"gold_loss":0}],"is_beta":false,"boss_relics":[{"not_picked":["hubris:BlackHole","halation:PinkAlligatorPlush"],"picked":"hubris:Backtick"},{"not_picked":["halation:Risk","aspiration:SilentSkillbook"],"picked":"Cursed Key"}],"items_purged_floors":[4,38,47],"is_endless":false,"potions_floor_spawned":[3,10,13,18,23,31,41,45],"ascension_level":0}}