{"host":"5ezk7t18wcb10u1o","time":1611194016,"event":{"mods":["BaseMod","Bestiary","Colored Powertips","Minty Spire (QoL Compilation)","Relic Sorter"],"gold_per_floor":[118,135,151,170,170,170,225,225,225,225,260,276,78,90,90,188,188,200,200,200,200,217,217,251,268,268,268,278,278,278,278],"floor_reached":30,"language":"ENG","playtime":1989,"items_purged":[],"score":375,"play_id":"8cd68516-c8ec-49f7-a392-094e190c3d05","local_time":"20210121015336","is_ascension_mode":true,"campfire_choices":[{"floor":6.0,"key":"REST"},{"floor":8.0,"key":"REST"},{"floor":10.0,"key":"REST"},{"floor":15.0,"key":"REST"},{"floor":23,"key":"REST"},{"floor":27,"key":"REST"},{"floor":29,"key":"REST"}],"circlet_count":0,"master_deck":["AscendersBane","Survivor","Neutralize","Storm of Steel","Deadly Poison","Dagger Spray","Accuracy","Cloak And Dagger","Dash","Setup","Apotheosis","Infinite Blades","Cloak And Dagger","Phantasmal Killer","Adrenaline","Deadly Poison","Dagger Spray","Flying Knee","Blade Dance","Cloak And Dagger","All Out Attack","All Out Attack","Catalyst","Deflect","Accuracy","Blade Dance+1","Blade Dance","Infinite Blades+1"],"relics":["Ring of the Snake","Gremlin Horn","InkBottle","Strawberry","Pandora\u0027s Box","Bag of Marbles","Tough Bandages"],"acts_visited":["Exordium","TheCity"],"potions_floor_usage":[24],"damage_taken":[{"damage":2.0,"enemies":"Small Slimes","floor":1.0,"turns":3.0},{"damage":2.0,"enemies":"Jaw Worm","floor":2.0,"turns":5.0},{"damage":2.0,"enemies":"Cultist","floor":3.0,"turns":4.0},{"damage":16.0,"enemies":"Blue Slaver","floor":4.0,"turns":5.0},{"damage":47.0,"enemies":"Gremlin Nob","floor":7.0,"turns":6.0},{"damage":28.0,"enemies":"Lagavulin","floor":11.0,"turns":8.0},{"damage":6.0,"enemies":"Large Slime","floor":12.0,"turns":5.0},{"damage":3.0,"enemies":"Exordium Wildlife","floor":14.0,"turns":6.0},{"damage":25.0,"enemies":"The Guardian","floor":16.0,"turns":10.0},{"damage":0.0,"enemies":"3 Byrds","floor":18.0,"turns":1.0},{"damage":20,"enemies":"Spheric Guardian","floor":22,"turns":4},{"damage":30,"enemies":"Book of Stabbing","floor":24,"turns":4},{"damage":34,"enemies":"Shelled Parasite and Fungi","floor":25,"turns":4},{"damage":20,"enemies":"Snake Plant","floor":28,"turns":3},{"damage":30,"enemies":"Centurion and Healer","floor":30,"turns":3}],"seed_played":"4706679069765644338","potions_obtained":[{"floor":4.0,"key":"Weak Potion"},{"floor":7.0,"key":"BlessingOfTheForge"},{"floor":14.0,"key":"FearPotion"},{"floor":16.0,"key":"BlessingOfTheForge"}],"is_trial":false,"path_per_floor":["M","M","M","M","?","R","?","R","T","R","E","M","$","M","R","B",null,"M","?","?","?","M","R","E","M","T","R","M","R","M"],"character_chosen":"THE_SILENT","items_purchased":["Apotheosis","Infinite Blades"],"campfire_rested":7,"item_purchase_floors":[13,13],"current_hp_per_floor":[61,59,57,41,34,55,8,29,29,50,29,23,23,20,43,18,62,62,62,62,62,42,65,35,1,1,24,4,27,0,0],"gold":278,"neow_bonus":"THREE_RARE_CARDS","is_daily":false,"chose_seed":false,"campfire_upgraded":0,"win_rate":0.0,"timestamp":1611194016,"path_taken":["M","M","M","M","?","R","?","R","T","R","E","M","?","M","R","BOSS","M","?","?","?","?","R","E","M","T","R","M","R","M"],"items_purchased_type":["Card","Card"],"build_version":"2020-12-22","purchased_purges":0,"victory":false,"max_hp_per_floor":[70,70,70,70,70,70,70,70,70,70,77,77,77,77,77,77,77,77,77,77,77,77,77,77,77,77,77,77,77,77,77],"card_choices":[{"not_picked":["After Image","Die Die Die"],"picked":"Storm of Steel","floor":0.0},{"not_picked":["Blade Dance","Deflect"],"picked":"Deadly Poison","floor":1.0},{"not_picked":["Dodge and Roll","Flying Knee"],"picked":"Dagger Spray","floor":2.0},{"not_picked":["Slice","Cloak And Dagger"],"picked":"Accuracy","floor":3.0},{"not_picked":["Blade Dance","PiercingWail"],"picked":"Cloak And Dagger","floor":4.0},{"not_picked":["Storm of Steel","Bullet Time"],"picked":"Dash","floor":11.0},{"not_picked":["PiercingWail","Distraction"],"picked":"Setup","floor":12.0},{"not_picked":["Outmaneuver","Blur"],"picked":"Cloak And Dagger","floor":14.0},{"not_picked":["Grand Finale","Unload"],"picked":"Phantasmal Killer","floor":16.0},{"not_picked":["Underhanded Strike+1","Bane+1"],"picked":"Deflect","floor":18.0},{"not_picked":["Skewer+1","Flying Knee"],"picked":"Blade Dance+1","floor":22},{"not_picked":["Masterful Stab","PiercingWail"],"picked":"Blade Dance","floor":24},{"not_picked":["Prepared+1","Tactician","Flying Knee"],"picked":"SKIP","floor":25},{"not_picked":["Cloak And Dagger","Reflex"],"picked":"Infinite Blades+1","floor":28}],"player_experience":1152754,"relics_obtained":[{"floor":7.0,"key":"Gremlin Horn"},{"floor":9.0,"key":"InkBottle"},{"floor":11.0,"key":"Strawberry"},{"floor":24,"key":"Bag of Marbles"},{"floor":26,"key":"Tough Bandages"}],"event_choices":[{"cards_removed":["Regret"],"damage_healed":0.0,"max_hp_gain":0.0,"max_hp_loss":0.0,"gold_gain":0.0,"event_name":"Golden Wing","player_choice":"Card Removal","floor":5.0,"gold_loss":0.0,"damage_taken":7.0},{"damage_healed":0.0,"max_hp_gain":0.0,"max_hp_loss":0.0,"gold_gain":30.0,"event_name":"Dead Adventurer","player_choice":"Searched \u00272\u0027 times","floor":7.0,"gold_loss":0.0,"damage_taken":0.0},{"cards_removed":["Grand Finale"],"damage_healed":0.0,"max_hp_gain":0.0,"max_hp_loss":0.0,"gold_gain":0.0,"event_name":"Back to Basics","player_choice":"Elegance","floor":19.0,"gold_loss":0.0,"damage_taken":0.0},{"damage_healed":0.0,"max_hp_gain":0.0,"max_hp_loss":0.0,"gold_gain":0.0,"event_name":"Vampires","player_choice":"Ignored","floor":20.0,"gold_loss":0.0,"damage_taken":0.0},{"damage_healed":0.0,"max_hp_gain":0.0,"max_hp_loss":0.0,"gold_gain":0.0,"event_name":"Duplicator","player_choice":"Copied","floor":21.0,"gold_loss":0.0,"damage_taken":0.0,"cards_obtained":["Accuracy"]}],"is_beta":false,"boss_relics":[{"not_picked":["Cursed Key","Velvet Choker"],"picked":"Pandora\u0027s Box"}],"items_purged_floors":[],"is_endless":false,"potions_floor_spawned":[4,7,14,16],"killed_by":"Centurion and Healer","ascension_level":10}}