{"host":"ooe12lh8pgcirntb","time":1611272689,"event":{"mods":["AchievementEnabler","Act Like it!","Bard","BaseMod","Beaked The Cultist","ChefMod","Colored Map","Colored Powertips","Downfall","Gremlin Mod","Hallownest","Hermit","Infinite Spire","Jorbs\u0027s Wanderer Trilogy","Minty Spire (QoL Compilation)","Robot Space Explorer","StSLib","The Animator","The Blackbeard","The Bug Knight","The Construct","The Cursed","The Disciple","The Hayseed","The Hierophant","The Problem Sleuth","TheVacant"],"gold_per_floor":[99,116,116,291,302,302,302,33,46,46,77,91,26,40,57,152,152,52,69,81,81,181,81,151,68,68,14,14,14,14,14,33,33,33,33],"floor_reached":33,"language":"ENG","playtime":12520,"items_purged":["Doubt"],"score":293,"play_id":"94007756-65ad-4b80-9d08-7f31da750713","local_time":"20210121184449","is_ascension_mode":false,"campfire_choices":[{"data":"bronze:Replicate","floor":1,"key":"SMITH"},{"data":"bronze:Separator","floor":6,"key":"SMITH"},{"data":"bronze:Invalidate","floor":10,"key":"SMITH"},{"floor":18,"key":"RECALL"},{"data":"bronze:FineTuning","floor":23,"key":"SMITH"},{"data":"bronze:Optimize","floor":30,"key":"SMITH"}],"circlet_count":0,"master_deck":["bronze:Strike","bronze:Strike","bronze:Defend","bronze:Defend","bronze:Defend","bronze:Replicate+1","bronze:WhirlingStrike","Writhe","downfall:Icky","infinitespire:Collect","bronze:Separator+1","bronze:Format","bronze:Overheat","bronze:Invalidate+1","bronze:Boost","bronze:ForceShield","bronze:Repair","bronze:Terminator","bronze:Constructor","bronze:Branch","bronze:ClassDefault","bronze:ThunderWave","bronze:InfiniteBeams+1","bronze:Terminator+1","bronze:FineTuning+1","Decay","bronze:FindAndReplace","J.A.X.","bronze:BronzeOrb+1","bronze:Repulsor","bronze:Optimize+1","expansioncontent:PrepareCrush+1","bronze:CutThrough","Writhe"],"relics":["bronze:BronzeCore","Bronze Scales","Juzu Bracelet","Astrolabe","downfall:HeartBlessingGreen","MutagenicStrength","downfall:HeartBlessingRed","Eternal Feather","Toxic Egg 2","HornCleat","MealTicket"],"acts_visited":["Exordium","TheCity"],"potions_floor_usage":[16,25,25],"damage_taken":[{"damage":0,"enemies":"2 Louse","floor":2,"turns":3},{"damage":1,"enemies":"Jaw Worm","floor":5,"turns":3},{"damage":10,"enemies":"downfall:FleeingMerchant","floor":8,"turns":4},{"damage":0,"enemies":"Cultist","floor":9,"turns":2},{"damage":8,"enemies":"Gremlin Nob","floor":11,"turns":3},{"damage":1,"enemies":"Red Slaver","floor":12,"turns":4},{"damage":15,"enemies":"downfall:FleeingMerchant","floor":13,"turns":4},{"damage":0,"enemies":"2 Fungi Beasts","floor":14,"turns":3},{"damage":19,"enemies":"Exordium Thugs","floor":15,"turns":3},{"damage":25,"enemies":"WA_ARCHETYPE_RETAIN","floor":16,"turns":7},{"damage":0,"enemies":"Chosen","floor":19,"turns":4},{"damage":18,"enemies":"Snake Plant","floor":20,"turns":5},{"damage":34,"enemies":"downfall:Augmenter","floor":22,"turns":5},{"damage":0,"enemies":"downfall:FleeingMerchant","floor":25,"turns":4},{"damage":16,"enemies":"downfall:FleeingMerchant","floor":27,"turns":3},{"damage":25,"enemies":"Centurion and Healer","floor":32,"turns":5},{"damage":68,"enemies":"DF_ARCHETYPE_CLAW","floor":33,"turns":8}],"seed_played":"-4839458039347618390","potions_obtained":[{"floor":9,"key":"construct:ShiftPotion"},{"floor":11,"key":"bronze:CleanCodePotion"},{"floor":15,"key":"AttackPotion"},{"floor":16,"key":"Block Potion"},{"floor":19,"key":"PowerPotion"}],"is_trial":false,"path_per_floor":["R","M","?","?","M","R","T","$","M","R","E","M","$","M","M","B",null,"R","M","M","?","?","R","T","$","?","$","?","?","R","?","M","B"],"character_chosen":"THE_AUTOMATON","items_purchased":["bronze:ItsAFeature","bronze:Overheat","bronze:Invalidate","bronze:Constructor","bronze:Repulsor","Toxic Egg 2","bronze:Optimize","expansioncontent:PrepareCrush+1"],"campfire_rested":0,"item_purchase_floors":[8,8,8,13,25,27,27,27],"current_hp_per_floor":[77,77,77,77,76,76,76,66,66,66,58,57,49,49,37,33,77,77,77,59,59,32,32,32,39,87,71,71,63,81,81,56,0,0,0],"gold":33,"neow_bonus":"TEN_PERCENT_HP_BONUS","is_daily":false,"chose_seed":false,"campfire_upgraded":5,"win_rate":0.0,"timestamp":1611272689,"path_taken":["R","M","?","?","M","R","T","$","M","R","E","M","?","M","M","BOSS","R","M","M","?","?","R","T","$","?","?","?","?","R","?","M","BOSS"],"items_purchased_type":["Card","Card","Card","Card","Card","Relic","Card","Card"],"build_version":"2020-12-22","purchased_purges":1,"victory":false,"max_hp_per_floor":[77,77,77,77,77,77,77,77,77,77,77,77,77,77,77,77,77,77,77,77,77,77,77,77,77,87,87,87,87,87,87,87,87,87,87],"card_choices":[{"not_picked":["bronze:BuggyMess","bronze:Invalidate"],"picked":"bronze:WhirlingStrike","floor":2},{"not_picked":["infinitespire:Fortify","infinitespire:Punishment"],"picked":"infinitespire:Collect","floor":3},{"not_picked":["bronze:BitShift","bronze:Overload"],"picked":"bronze:Separator","floor":5},{"not_picked":["bronze:BuggyMess","bronze:WildBeam"],"picked":"bronze:Format","floor":8},{"not_picked":["bronze:Separator","bronze:DelayedGuard"],"picked":"bronze:Boost","floor":9},{"not_picked":["bronze:RecursiveStrike","bronze:Turbo"],"picked":"bronze:ForceShield","floor":11},{"not_picked":["bronze:Safeguard","bronze:OilSpill"],"picked":"bronze:Repair","floor":12},{"not_picked":["bronze:FollowUp","bronze:BugBarrage"],"picked":"bronze:Terminator","floor":13},{"not_picked":["bronze:Constructor","bronze:Invalidate"],"picked":"bronze:Branch","floor":14},{"not_picked":["bronze:OilSpill","bronze:Backtrace"],"picked":"bronze:ClassDefault","floor":15},{"not_picked":["bronze:AlphaBuild","bronze:Assembly"],"picked":"bronze:ThunderWave","floor":16},{"not_picked":["bronze:WhirlingStrike","bronze:Separator","bronze:BuggyMess"],"picked":"SKIP","floor":19},{"not_picked":["bronze:BronzeOrb","bronze:Invalidate"],"picked":"bronze:FineTuning","floor":20},{"not_picked":[],"picked":"J.A.X.","floor":22},{"not_picked":["bronze:Backtrace+1","bronze:BronzeArmor"],"picked":"bronze:BronzeOrb+1","floor":22},{"not_picked":["bronze:ThunderWave","bronze:Frontload","bronze:Constructor+1"],"picked":"SKIP","floor":25},{"not_picked":["bronze:CutThrough","bronze:Repair","bronze:BuggyMess"],"picked":"SKIP","floor":27},{"not_picked":["bronze:WhirlingStrike","bronze:Backtrace","bronze:Constructor+1"],"picked":"SKIP","floor":32}],"player_experience":736110,"relics_obtained":[{"floor":7,"key":"Bronze Scales"},{"floor":11,"key":"Juzu Bracelet"},{"floor":22,"key":"MutagenicStrength"},{"floor":24,"key":"Eternal Feather"}],"event_choices":[{"damage_healed":0,"gold_gain":0,"player_choice":"Cursed","damage_taken":0,"max_hp_gain":0,"max_hp_loss":0,"event_name":"Wheel of Change","floor":21,"gold_loss":0,"cards_obtained":["Decay"]},{"damage_healed":0,"gold_gain":0,"player_choice":"HornCleat","damage_taken":0,"relics_obtained":["HornCleat"],"max_hp_gain":0,"max_hp_loss":0,"event_name":"blackbeard:ShipwreckEvent","floor":29,"gold_loss":0}],"is_beta":false,"boss_relics":[{"not_picked":["Philosopher\u0027s Stone","bronze:PlatinumCore"],"picked":"Astrolabe"}],"items_purged_floors":[8],"is_endless":false,"potions_floor_spawned":[9,11,15,16,19,20],"killed_by":"DF_ARCHETYPE_CLAW","ascension_level":0}}