{"host":"19r1ww88x2tc73i0","time":1611258498,"event":{"mods":["BaseMod","BetterRewards","Colored Map","Minty Spire (QoL Compilation)","Relic Stats","StSLib","SuperFastMode","slay the spire mod where everything is the same but ironclad has a cowboy hat"],"gold_per_floor":[118,128,143,143,160,160,188,188,188,223,223,223,298,308,308,379,379,391,409,339,357,273,273,273,285,312,312,337,372,372,413,413,501,501,516,516,537,50,397,422,448,459,459,459,503,503,515,540,540,540,540,540,540,59,103,103],"floor_reached":57,"language":"ENG","playtime":3238,"items_purged":["Strike_G"],"score":3630,"play_id":"41f0dd28-f6b8-40b3-8441-d606c64fb311","local_time":"25640122024818","is_ascension_mode":true,"campfire_choices":[{"data":"Strike_G","floor":6.0,"key":"PURGE"},{"data":"Strike_G","floor":8.0,"key":"PURGE"},{"data":"Strike_G","floor":12,"key":"PURGE"},{"data":"Neutralize","floor":15,"key":"SMITH"},{"data":"Footwork","floor":23,"key":"SMITH"},{"data":"Strike_G","floor":27,"key":"PURGE"},{"data":"Defend_G","floor":30,"key":"PURGE"},{"floor":32,"key":"REST"},{"data":"Defend_G","floor":46,"key":"PURGE"},{"floor":49,"key":"RECALL"},{"data":"Defend_G","floor":53,"key":"PURGE"}],"circlet_count":0,"master_deck":["AscendersBane","Defend_G","Defend_G","Survivor","Neutralize+1","Cloak And Dagger+1","Dagger Spray+1","Tactician+1","Deadly Poison+1","Backflip+1","Dodge and Roll+1","PiercingWail+1","Bane+1","Doppelganger+1","Slice+1","Blur+1","Footwork+1","Acrobatics+1","Cloak And Dagger+1","Flying Knee+1","Backflip+1","Prepared+1","Deflect+1","Malaise+1","Sucker Punch+1","A Thousand Cuts+1","Prepared+1","Storm of Steel+1","Acrobatics+1","Calculated Gamble+1","Blade Dance+1","Tools of the Trade+1","Cloak And Dagger+1"],"relics":["Ring of the Snake","Matryoshka","Toxic Egg 2","Peace Pipe","Vajra","Medical Kit","Letter Opener","Meat on the Bone","Ornamental Fan","The Courier","Question Card","Busted Crown","Tiny Chest","CeramicFish","Frozen Egg 2","Lantern","Runic Pyramid","Mummified Hand","Bag of Preparation","Old Coin","Bronze Scales","Shuriken","Toy Ornithopter","Orichalcum","Bottled Tornado","Bird Faced Urn"],"acts_visited":["Exordium","TheCity","TheBeyond","TheEnding"],"potions_floor_usage":[16,19,29,29,45,48,48,48,56,56],"damage_taken":[{"damage":0.0,"enemies":"Small Slimes","floor":1.0,"turns":3.0},{"damage":2.0,"enemies":"2 Louse","floor":2.0,"turns":2.0},{"damage":2.0,"enemies":"Jaw Worm","floor":3.0,"turns":4.0},{"damage":0.0,"enemies":"Gremlin Gang","floor":5.0,"turns":1.0},{"damage":0.0,"enemies":"Gremlin Nob","floor":7.0,"turns":3.0},{"damage":8,"enemies":"Lagavulin","floor":10,"turns":5},{"damage":3,"enemies":"Blue Slaver","floor":14,"turns":3},{"damage":10,"enemies":"The Guardian","floor":16,"turns":9},{"damage":5,"enemies":"2 Thieves","floor":18,"turns":4},{"damage":7,"enemies":"Spheric Guardian","floor":19,"turns":4},{"damage":16,"enemies":"Cultist and Chosen","floor":21,"turns":7},{"damage":0,"enemies":"Sentry and Sphere","floor":25,"turns":7},{"damage":0,"enemies":"Snake Plant","floor":28,"turns":4},{"damage":5,"enemies":"Slavers","floor":29,"turns":4},{"damage":6,"enemies":"Book of Stabbing","floor":31,"turns":6},{"damage":37,"enemies":"Champ","floor":33,"turns":17},{"damage":0,"enemies":"Orb Walker","floor":35,"turns":3},{"damage":0,"enemies":"3 Darklings","floor":37,"turns":5},{"damage":0,"enemies":"2 Orb Walkers","floor":39,"turns":4},{"damage":0,"enemies":"Giant Head","floor":40,"turns":8},{"damage":3,"enemies":"Spire Growth","floor":41,"turns":5},{"damage":0,"enemies":"Sphere and 2 Shapes","floor":42,"turns":3},{"damage":0,"enemies":"Nemesis","floor":45,"turns":5},{"damage":0,"enemies":"Transient","floor":47,"turns":6},{"damage":10,"enemies":"Reptomancer","floor":48,"turns":4},{"damage":0,"enemies":"Donu and Deca","floor":50,"turns":7},{"damage":10,"enemies":"Awakened One","floor":51,"turns":9},{"damage":19,"enemies":"Shield and Spear","floor":55,"turns":5},{"damage":28,"enemies":"The Heart","floor":56,"turns":7}],"seed_played":"6215021535550930917","potions_obtained":[{"floor":1.0,"key":"SteroidPotion"},{"floor":10,"key":"SteroidPotion"},{"floor":14,"key":"LiquidBronze"},{"floor":16,"key":"Block Potion"},{"floor":21,"key":"Energy Potion"},{"floor":33,"key":"ColorlessPotion"},{"floor":35,"key":"DistilledChaos"},{"floor":41,"key":"EntropicBrew"},{"floor":45,"key":"EssenceOfSteel"},{"floor":47,"key":"DistilledChaos"}],"is_trial":false,"path_per_floor":["M","M","M","?","M","R","E","R","T","E","?","R","?","M","R","B",null,"M","M","$","M","$","R","?","M","T","R","M","E","R","E","R","B",null,"M","?","M","$","?","E","M","M","T","T","E","R","M","E","R","B","B",null,"R","$","E","B",null],"character_chosen":"THE_SILENT","items_purchased":["Matryoshka","Toxic Egg 2","Vajra","Medical Kit","Cloak And Dagger+1","Blur+1","Acrobatics+1","Cloak And Dagger+1","Mummified Hand","A Thousand Cuts+1","Bag of Preparation","Bottled Tornado","Acrobatics+1","Calculated Gamble+1","Blade Dance+1","DuplicationPotion","Tools of the Trade+1"],"campfire_rested":1,"item_purchase_floors":[0,0,0,0,0,20,22,22,38,38,38,54,54,54,54,54,54],"current_hp_per_floor":[59,57,55,55,55,55,55,55,55,47,21,21,10,19,19,21,55,50,43,43,39,39,39,39,39,39,39,39,34,34,40,59,34,58,58,58,58,58,58,58,55,55,55,55,55,55,55,56,56,56,46,61,61,61,42,44],"gold":103,"neow_bonus":"","is_daily":false,"chose_seed":false,"campfire_upgraded":2,"win_rate":0.0,"timestamp":1611258498,"path_taken":["M","M","M","?","M","R","E","R","T","E","?","R","?","M","R","BOSS","M","M","$","M","$","R","?","M","T","R","?","E","R","E","R","BOSS","M","?","M","$","?","E","M","M","T","?","E","R","?","E","R","BOSS","BOSS","R","$","E","BOSS"],"items_purchased_type":["Relic","Relic","Relic","Relic","Card","Card","Card","Card","Relic","Card","Relic","Relic","Card","Card","Card","Potion","Card"],"build_version":"2020-12-22","purchased_purges":1,"victory":true,"max_hp_per_floor":[66,66,66,66,66,66,66,66,66,66,66,66,66,66,66,66,66,66,66,66,66,66,66,66,66,66,66,66,66,66,66,66,66,66,66,66,66,66,66,66,66,66,66,66,66,66,66,66,66,66,66,66,66,66,66,66],"relic_stats":{"counters":[279,1302],"CeramicFish":153,"Bag of Preparation":[22],"Letter Opener":[793],"Orichalcum":[198],"Medical Kit":[21],"Question Card":20,"Peace Pipe":8,"Busted Crown":36,"Ornamental Fan":[372],"Mummified Hand":[116],"Shuriken":[70],"Bronze Scales":[285],"Bird Faced Urn":[8],"Tiny Chest":1,"obtain_stats":[{"TwistedFunnel":20,"Ginger":0,"Whetstone":7,"Bottled Tornado":12,"Sling":36,"Boot":11,"Old Coin":39,"Blood Vial":12,"MealTicket":31,"HandDrill":0,"Runic Cube":17,"Pear":9,"Blue Candle":9,"Velvet Choker":17,"Eternal Feather":11,"Tingsha":48,"Pen Nib":9,"Paper Crane":0,"Akabeko":0,"Bird Faced Urn":0,"Unceasing Top":0,"Lantern":13,"Regal Pillow":9,"Torii":0,"Singing Bowl":11,"StoneCalendar":47,"Bag of Preparation":31,"Cursed Key":17,"Smiling Mask":24,"Ancient Tea Set":28,"Burning Blood":0,"Matryoshka":0,"Shovel":10,"Ninja Scroll":26,"WingedGreaves":0,"Chemical X":0,"Paper Frog":4,"Ring of the Snake":0,"Potion Belt":13,"The Specimen":0,"Self Forming Clay":3,"Golden Idol":3,"Thread and Needle":37,"PreservedInsect":0,"The Courier":10,"Omamori":26,"Frozen Egg 2":20,"MawBank":23,"Busted Crown":34,"Ornamental Fan":6,"Turnip":0,"Art of War":0,"Bottled Lightning":29,"Toy Ornithopter":9,"Ice Cream":0,"Calipers":25,"Gremlin Horn":48,"CeramicFish":0,"Vajra":46,"Runic Capacitor":0,"Sozu":17,"Lizard Tail":0,"Centennial Puzzle":46,"HornCleat":11,"Strawberry":8,"Prayer Wheel":45,"Philosopher\u0027s Stone":34,"Toxic Egg 2":0,"Girya":13,"Happy Flower":28,"Dead Branch":0,"Oddly Smooth Stone":34,"Letter Opener":34,"War Paint":9,"Question Card":11,"Du-Vu Doll":0,"OrangePellets":0,"Shuriken":8,"Bronze Scales":43,"Molten Egg 2":45,"Black Star":17,"Symbiotic Virus":6,"Meat on the Bone":3,"Darkstone Periapt":26,"Mango":0,"Snake Skull":45,"Juzu Bracelet":0,"Incense Burner":0,"Empty Cage":17,"ClockworkSouvenir":45,"Dream Catcher":26,"Nunchaku":48,"TheAbacus":46,"Mummified Hand":0,"Pantograph":9,"Gambling Chip":0,"Tiny Chest":0,"Red Mask":21,"Cracked Core":0,"Runic Pyramid":34,"Odd Mushroom":10,"Orichalcum":6,"Medical Kit":30,"White Beast Statue":28,"Mercury Hourglass":43,"Peace Pipe":14,"Calling Bell":34,"Anchor":19,"CaptainsWheel":0,"Bag of Marbles":0,"Coffee Dripper":34,"Membership Card":0,"TungstenRod":0,"FossilizedHelix":0},{"TwistedFunnel":168,"Ginger":11,"Whetstone":180,"Bottled Tornado":165,"Sling":121,"Boot":152,"Old Coin":269,"Blood Vial":4,"MealTicket":191,"HandDrill":49,"Runic Cube":7,"Pear":209,"Blue Candle":83,"Velvet Choker":143,"Eternal Feather":105,"Tingsha":201,"Pen Nib":62,"Paper Crane":147,"Akabeko":0,"Bird Faced Urn":56,"Unceasing Top":97,"Lantern":43,"Regal Pillow":162,"Torii":11,"Singing Bowl":210,"StoneCalendar":35,"Bag of Preparation":28,"Cursed Key":20,"Smiling Mask":25,"Ancient Tea Set":26,"Burning Blood":0,"Matryoshka":45,"Shovel":92,"Ninja Scroll":115,"WingedGreaves":63,"Chemical X":56,"Paper Frog":1,"Ring of the Snake":0,"Potion Belt":71,"The Specimen":228,"Self Forming Clay":1,"Golden Idol":38,"Thread and Needle":221,"PreservedInsect":0,"The Courier":84,"Omamori":25,"Frozen Egg 2":74,"MawBank":10,"Busted Crown":120,"Ornamental Fan":2,"Turnip":78,"Art of War":0,"Bottled Lightning":190,"Toy Ornithopter":67,"Ice Cream":63,"Calipers":25,"Gremlin Horn":35,"CeramicFish":0,"Vajra":34,"Runic Capacitor":45,"Sozu":167,"Lizard Tail":97,"Centennial Puzzle":224,"HornCleat":18,"Strawberry":3,"Prayer Wheel":33,"Philosopher\u0027s Stone":192,"Toxic Egg 2":78,"Girya":141,"Happy Flower":26,"Dead Branch":56,"Oddly Smooth Stone":220,"Letter Opener":220,"War Paint":16,"Question Card":256,"Du-Vu Doll":97,"OrangePellets":0,"Shuriken":16,"Bronze Scales":33,"Molten Egg 2":33,"Black Star":95,"Symbiotic Virus":61,"Meat on the Bone":158,"Darkstone Periapt":10,"Mango":37,"Snake Skull":128,"Juzu Bracelet":0,"Incense Burner":0,"Empty Cage":73,"ClockworkSouvenir":33,"Dream Catcher":77,"Nunchaku":249,"TheAbacus":128,"Mummified Hand":86,"Pantograph":3,"Gambling Chip":132,"Tiny Chest":11,"Red Mask":24,"Cracked Core":0,"Runic Pyramid":29,"Odd Mushroom":17,"Orichalcum":207,"Medical Kit":190,"White Beast Statue":117,"Mercury Hourglass":197,"Peace Pipe":6,"Calling Bell":220,"Anchor":184,"CaptainsWheel":202,"Bag of Marbles":0,"Coffee Dripper":243,"Membership Card":11,"TungstenRod":11,"FossilizedHelix":86},{"TwistedFunnel":715,"Ginger":62,"Whetstone":765,"Bottled Tornado":700,"Sling":501,"Boot":634,"Old Coin":1243,"Blood Vial":15,"MealTicket":841,"HandDrill":216,"Runic Cube":36,"Pear":923,"Blue Candle":350,"Velvet Choker":599,"Eternal Feather":430,"Tingsha":887,"Pen Nib":268,"Paper Crane":616,"Akabeko":0,"Bird Faced Urn":248,"Unceasing Top":406,"Lantern":194,"Regal Pillow":683,"Torii":62,"Singing Bowl":927,"StoneCalendar":146,"Bag of Preparation":124,"Cursed Key":96,"Smiling Mask":112,"Ancient Tea Set":116,"Burning Blood":0,"Matryoshka":202,"Shovel":381,"Ninja Scroll":473,"WingedGreaves":271,"Chemical X":248,"Paper Frog":2,"Ring of the Snake":0,"Potion Belt":298,"The Specimen":1030,"Self Forming Clay":2,"Golden Idol":164,"Thread and Needle":995,"PreservedInsect":0,"The Courier":354,"Omamori":112,"Frozen Egg 2":312,"MawBank":57,"Busted Crown":499,"Ornamental Fan":7,"Turnip":328,"Art of War":0,"Bottled Lightning":835,"Toy Ornithopter":283,"Ice Cream":271,"Calipers":112,"Gremlin Horn":146,"CeramicFish":0,"Vajra":143,"Runic Capacitor":202,"Sozu":710,"Lizard Tail":406,"Centennial Puzzle":1008,"HornCleat":87,"Strawberry":12,"Prayer Wheel":140,"Philosopher\u0027s Stone":852,"Toxic Egg 2":328,"Girya":593,"Happy Flower":116,"Dead Branch":248,"Oddly Smooth Stone":990,"Letter Opener":990,"War Paint":79,"Question Card":1166,"Du-Vu Doll":406,"OrangePellets":0,"Shuriken":79,"Bronze Scales":140,"Molten Egg 2":140,"Black Star":396,"Symbiotic Virus":265,"Meat on the Bone":667,"Darkstone Periapt":57,"Mango":159,"Snake Skull":530,"Juzu Bracelet":0,"Incense Burner":0,"Empty Cage":309,"ClockworkSouvenir":140,"Dream Catcher":326,"Nunchaku":1140,"TheAbacus":530,"Mummified Hand":360,"Pantograph":12,"Gambling Chip":554,"Tiny Chest":62,"Red Mask":109,"Cracked Core":0,"Runic Pyramid":129,"Odd Mushroom":83,"Orichalcum":911,"Medical Kit":835,"White Beast Statue":482,"Mercury Hourglass":871,"Peace Pipe":23,"Calling Bell":990,"Anchor":794,"CaptainsWheel":889,"Bag of Marbles":0,"Coffee Dripper":1110,"Membership Card":62,"TungstenRod":62,"FossilizedHelix":360}],"Toy Ornithopter":29,"Ring of the Snake":[154],"Meat on the Bone":72},"card_choices":[{"not_picked":["Cloak And Dagger+1","Prepared+1"],"picked":"Dagger Spray","floor":1.0},{"not_picked":["Quick Slash","Poisoned Stab"],"picked":"Tactician+1","floor":2.0},{"not_picked":["Dodge and Roll+1","Tactician+1"],"picked":"Deadly Poison+1","floor":3.0},{"not_picked":["Dagger Spray","Masterful Stab"],"picked":"Backflip+1","floor":5.0},{"not_picked":["Outmaneuver+1","Setup+1"],"picked":"Dodge and Roll+1","floor":7.0},{"not_picked":["Concentrate+1","Calculated Gamble+1"],"picked":"PiercingWail+1","floor":10},{"not_picked":["Deadly Poison+1","Outmaneuver+1","Accuracy"],"picked":"Bane","floor":14},{"not_picked":["A Thousand Cuts","Storm of Steel+1","Wraith Form v2"],"picked":"Doppelganger+1","floor":16},{"not_picked":["Prepared+1"],"picked":"Slice+1","floor":18},{"not_picked":["Dash","Dodge and Roll+1"],"picked":"SKIP","floor":19},{"not_picked":["Eviscerate"],"picked":"Footwork","floor":21},{"not_picked":["Distraction+1"],"picked":"Flying Knee+1","floor":25},{"not_picked":["Caltrops"],"picked":"Backflip+1","floor":28},{"not_picked":["Infinite Blades+1"],"picked":"Prepared+1","floor":29},{"not_picked":["Underhanded Strike"],"picked":"Deflect+1","floor":31},{"not_picked":["Doppelganger+1"],"picked":"Malaise+1","floor":33},{"not_picked":["Poisoned Stab","Sucker Punch"],"picked":"SKIP","floor":35},{"not_picked":["Finisher"],"picked":"Sucker Punch+1","floor":37},{"not_picked":["Heel Hook","Acrobatics+1"],"picked":"SKIP","floor":40},{"not_picked":["Deflect+1"],"picked":"Prepared+1","floor":41},{"not_picked":["Bane+1","Sucker Punch+1"],"picked":"SKIP","floor":42},{"not_picked":["Tactician+1"],"picked":"Storm of Steel+1","floor":45},{"not_picked":["Concentrate+1","Prepared+1"],"picked":"SKIP","floor":47},{"not_picked":["Outmaneuver+1","PiercingWail+1"],"picked":"SKIP","floor":48},{"not_picked":["Reflex+1"],"picked":"Cloak And Dagger+1","floor":55}],"player_experience":923198,"relics_obtained":[{"floor":7.0,"key":"Letter Opener"},{"floor":9.0,"key":"Meat on the Bone"},{"floor":9.0,"key":"Ornamental Fan"},{"floor":10,"key":"The Courier"},{"floor":26,"key":"Tiny Chest"},{"floor":26,"key":"CeramicFish"},{"floor":29,"key":"Frozen Egg 2"},{"floor":31,"key":"Lantern"},{"floor":39,"key":"Old Coin"},{"floor":40,"key":"Bronze Scales"},{"floor":44,"key":"Shuriken"},{"floor":45,"key":"Toy Ornithopter"},{"floor":48,"key":"Orichalcum"},{"floor":55,"key":"Bird Faced Urn"}],"event_choices":[{"damage_healed":0.0,"max_hp_gain":0.0,"max_hp_loss":0.0,"gold_gain":0.0,"event_name":"Living Wall","player_choice":"Grow","floor":4.0,"gold_loss":0.0,"damage_taken":0.0,"cards_upgraded":["Dagger Spray"]},{"damage_healed":0,"gold_gain":0,"player_choice":"Success","damage_taken":26,"relics_obtained":["Question Card"],"max_hp_gain":0,"max_hp_loss":0,"event_name":"Scrap Ooze","floor":11,"gold_loss":0},{"damage_healed":0,"gold_gain":75,"player_choice":"Gather Gold","damage_taken":11,"max_hp_gain":0,"max_hp_loss":0,"event_name":"World of Goop","floor":13,"gold_loss":0},{"damage_healed":0,"gold_gain":0,"player_choice":"Forge","damage_taken":0,"max_hp_gain":0,"max_hp_loss":0,"event_name":"Accursed Blacksmith","floor":24,"gold_loss":0,"cards_upgraded":["Bane"]},{"damage_healed":0,"gold_gain":0,"player_choice":"Ignored","damage_taken":0,"max_hp_gain":0,"max_hp_loss":0,"event_name":"Tomb of Lord Red Mask","floor":36,"gold_loss":0},{"damage_healed":0,"gold_gain":0,"player_choice":"Fight","damage_taken":0,"max_hp_gain":0,"max_hp_loss":0,"event_name":"Mysterious Sphere","floor":39,"gold_loss":0}],"is_beta":false,"boss_relics":[{"not_picked":["Calling Bell","Runic Dome"],"picked":"Busted Crown"},{"not_picked":["Ring of the Serpent","Black Star"],"picked":"Runic Pyramid"}],"items_purged_floors":[0],"is_endless":false,"potions_floor_spawned":[1,10,14,16,21,28,33,35,41,45,47],"ascension_level":20}}