{"host":"rwzz6mk6bpmb57ql","time":1611197367,"event":{"mods":["AchievementEnabler","BaseMod","Better Third Choice","BetterRewards","Colored Map","Highlight Path","Hubris","Infinite Spire","Minty Spire (QoL Compilation)","Replay The Spire","StSLib","Wandering Minibosses"],"gold_per_floor":[5618,5568,5586,5073,5085,5112,5112,5137,5137,5170,5187,4568,4599,4629,4641,4725,4737,4769,4798,3988,4005,3052,3052,3083,3083,3133,3133,3167,3167,3187,3222,3137,3213,3213,3223,3233,3233,3233,3233,3233,2859,2859,2859,2889,2889,2639,2639,2671,2671,2671,2671,2671,2232,2263,2263],"floor_reached":56,"language":"ENG","playtime":3058,"items_purged":["Defend_G","Strike_G","Strike_G","Defend_G","Defend_G","Predator"],"score":2398,"play_id":"5a344956-9db3-48bd-b63b-dacf05abcf68","local_time":"20210120204927","is_ascension_mode":true,"campfire_choices":[{"floor":7,"key":"RECALL"},{"data":"Strike_G","floor":15,"key":"PURGE"},{"data":"ReplayTheSpireMod:From All Sides","floor":25,"key":"SMITH"},{"data":"Finisher","floor":27,"key":"SMITH"},{"data":"infinitespire:DeathsTouch","floor":40,"key":"SMITH"},{"data":"hubris:EnhanceAbility","floor":52,"key":"SMITH"}],"circlet_count":0,"master_deck":["AscendersBane","infinitespire:Menacing+1","Strike_G","Strike_G","Defend_G","Defend_G","Survivor","Neutralize","Terror","Well Laid Plans","Mayhem+1","Flying Knee+1","Prepared","Finisher+1","Outmaneuver","ReplayTheSpireMod:From All Sides+1","Slice","Glass Knife+1","Dagger Throw","Choke","Burst+1","Footwork","hubris:EnhanceAbility+1","infinitespire:DeathsTouch+1","Blade Dance+1"],"relics":["Ring of the Snake","Omamori","Replay:Wax Seal","ReplayTheSpireMod:ShopPack","Pen Nib","CaptainsWheel","ReplayTheSpireMod:TigerMarble","OrangePellets","infinitespire:Beetle Shell","Bag of Preparation","MawBank","Cursed Key","Snake Skull","Replay:Multitool","Medical Kit","infinitespire:Lucky Rock","Matryoshka","HandDrill","infinitespire:CheckeredPen","Dream Catcher","Replay:Rubber Ducky","infinitespire:WardingShard","ReplayTheSpireMod:Ninjato","ReplayTheSpireMod:DimensionalGlitch","Philosopher\u0027s Stone","Boot","Oddly Smooth Stone","Ginger","Centennial Puzzle","Snack Pack","Happy Flower","Replay:WaspNest","Anchor","Bottled Tornado"],"acts_visited":["Exordium","TheCity","TheBeyond","TheEnding"],"potions_floor_usage":[1,3,6,8,13,13,16,16,19,19,24,28,33,35,44,54,54,55],"damage_taken":[{"damage":0,"enemies":"Cultist","floor":1,"turns":4},{"damage":0,"enemies":"Jaw Worm","floor":3,"turns":4},{"damage":0,"enemies":"Small Slimes","floor":5,"turns":4},{"damage":22,"enemies":"Lagavulin","floor":6,"turns":8},{"damage":20,"enemies":"3 Sentries","floor":8,"turns":3},{"damage":8,"enemies":"Gremlin Nob","floor":10,"turns":4},{"damage":11,"enemies":"Exordium Wildlife","floor":11,"turns":4},{"damage":20,"enemies":"3 Sentries","floor":13,"turns":6},{"damage":0,"enemies":"2 Fungi Beasts","floor":14,"turns":2},{"damage":25,"enemies":"Hexaghost","floor":16,"turns":7},{"damage":2,"enemies":"Chosen","floor":18,"turns":6},{"damage":8,"enemies":"Spheric Guardian","floor":19,"turns":4},{"damage":29,"enemies":"Snake Plant","floor":21,"turns":3},{"damage":0,"enemies":"Book of Stabbing","floor":24,"turns":3},{"damage":0,"enemies":"Gremlin Leader","floor":28,"turns":4},{"damage":20,"enemies":"Centurion and Healer","floor":30,"turns":3},{"damage":12,"enemies":"Nightmare","floor":31,"turns":6},{"damage":34,"enemies":"Collector","floor":33,"turns":6},{"damage":0,"enemies":"3 Darklings","floor":35,"turns":4},{"damage":84,"enemies":"3 Shapes","floor":36,"turns":4},{"damage":0,"enemies":"Nemesis","floor":44,"turns":3},{"damage":0,"enemies":"R_Hoarder","floor":48,"turns":6},{"damage":105,"enemies":"Awakened One","floor":50,"turns":8},{"damage":17,"enemies":"Shield and Spear","floor":54,"turns":3},{"damage":101,"enemies":"The Heart","floor":55,"turns":6}],"seed_played":"3568701327059857840","potions_obtained":[{"floor":0,"key":"Poison Potion"},{"floor":0,"key":"FairyPotion"},{"floor":0,"key":"LifebloodPotion"},{"floor":6,"key":"PowerPotion"},{"floor":10,"key":"SneckoOil"},{"floor":13,"key":"SkillPotion"},{"floor":14,"key":"Energy Potion"},{"floor":16,"key":"Poison Potion"},{"floor":18,"key":"FearPotion"},{"floor":24,"key":"GamblersBrew"},{"floor":31,"key":"Elixir"},{"floor":33,"key":"Fire Potion"},{"floor":35,"key":"SpeedPotion"},{"floor":36,"key":"Reflective Coating"},{"floor":54,"key":"SpeedPotion"}],"is_trial":false,"path_per_floor":["M","?","M","$","M","E","R","E","T","E","M","$","E","M","R_BF","B",null,"M","M","$","M","$","R","E","R","T","R","E","R","M","NM","R","B",null,"M","M","?","?","AVR","R","$","?","T","E","R","$","R","E","R","B",null,"R","$","E","B",null],"character_chosen":"THE_SILENT","items_purchased":["Omamori","Replay:Wax Seal","ReplayTheSpireMod:ShopPack","DistilledChaos","Well Laid Plans","OrangePellets","infinitespire:Beetle Shell","Bag of Preparation","DuplicationPotion","Snake Skull","Replay:Multitool","Medical Kit","Slice","SkillPotion","Glass Knife","infinitespire:Lucky Rock","Matryoshka","HandDrill","Dagger Throw","PowerPotion","Boot","Blade Dance","Snack Pack","Replay:WaspNest","Anchor","PowerPotion"],"campfire_rested":0,"item_purchase_floors":[4,4,4,4,4,12,12,12,12,20,20,20,20,20,22,22,22,22,22,22,41,41,46,53,53,53],"current_hp_per_floor":[129,129,129,129,129,107,107,87,87,79,68,68,48,48,48,23,108,106,98,98,69,69,109,109,109,109,109,109,136,116,104,104,70,120,120,86,86,86,86,86,86,86,86,86,126,126,126,127,136,41,112,112,112,100,6],"gold":2263,"neow_bonus":"THREE_SMALL_POTIONS","is_daily":false,"chose_seed":false,"campfire_upgraded":4,"win_rate":0.0,"timestamp":1611197367,"path_taken":["M","?","M","$","M","E","R","E","T","E","M","$","E","M","R_BF","BOSS","M","M","$","M","$","R","E","R","T","R","E","R","M","NM","R","BOSS","M","M","?","?","AVR","R","?","?","T","E","R","$","R","E","R","BOSS","R","$","E","BOSS"],"items_purchased_type":["Relic","Relic","Relic","Potion","Card","Relic","Relic","Relic","Potion","Relic","Relic","Relic","Card","Potion","Card","Relic","Relic","Relic","Card","Potion","Relic","Card","Relic","Relic","Relic","Potion"],"build_version":"2020-12-22","purchased_purges":6,"victory":true,"max_hp_per_floor":[136,136,136,136,136,136,136,136,136,136,136,136,136,136,136,136,136,136,136,136,136,136,136,136,136,136,136,136,136,136,136,136,136,136,136,136,136,136,136,136,136,136,136,136,136,136,136,136,136,136,136,136,136,136,136],"card_choices":[{"not_picked":["Poisoned Stab","Dagger Spray"],"picked":"Concentrate","floor":1},{"not_picked":["hubris:SlightOfHand","Bouncing Flask"],"picked":"Terror","floor":3},{"not_picked":["Poisoned Strike","ReplayUltimateDefense"],"picked":"Mayhem","floor":4},{"not_picked":["PiercingWail","Leg Sweep"],"picked":"Flying Knee","floor":5},{"not_picked":["Envenom","PiercingWail","Backflip"],"picked":"SKIP","floor":6},{"not_picked":["ReplayTheSpireMod:Speed Training","Distraction"],"picked":"Predator","floor":8},{"not_picked":["Dodge and Roll","Concentrate"],"picked":"Prepared","floor":10},{"not_picked":["Deflect","hubris:SlightOfHand","PiercingWail"],"picked":"SKIP","floor":11},{"not_picked":["Dagger Throw","Quick Slash"],"picked":"Finisher","floor":13},{"not_picked":["Catalyst","Sucker Punch"],"picked":"Outmaneuver","floor":14},{"not_picked":["Envenom","Venomology"],"picked":"ReplayTheSpireMod:From All Sides","floor":16},{"not_picked":["Escape Plan","Crippling Poison","Bouncing Flask"],"picked":"SKIP","floor":18},{"not_picked":["Dodge and Roll","Dagger Spray","Poisoned Stab"],"picked":"SKIP","floor":19},{"not_picked":["Dagger Throw","ReplayTheSpireMod:Scrap Shanks","Leg Sweep"],"picked":"SKIP","floor":21},{"not_picked":["Hidden Blade","Outmaneuver","Deadly Poison"],"picked":"SKIP","floor":24},{"not_picked":["Fluid Movement","Hidden Blade"],"picked":"Choke","floor":28},{"not_picked":["A Thousand Cuts","Leg Sweep","Well Laid Plans"],"picked":"SKIP","floor":30},{"not_picked":["Blade Dance","Underhanded Strike","hubris:SlightOfHand"],"picked":"SKIP","floor":31},{"not_picked":["Atom Bomb","Storm of Steel"],"picked":"Burst","floor":33},{"not_picked":["Fluid Movement","Sucker Punch","Calculated Gamble"],"picked":"SKIP","floor":35},{"not_picked":["Bane","Grand Finale"],"picked":"Footwork","floor":36},{"not_picked":["Forethought","Deep Breath"],"picked":"hubris:EnhanceAbility","floor":37},{"not_picked":["Sucker Punch+1","PiercingWail","Hidden Blade"],"picked":"SKIP","floor":44},{"not_picked":["Deflect","Dagger Throw+1","Underhanded Strike"],"picked":"SKIP","floor":48},{"not_picked":["Cloak And Dagger+1","Slice","Acrobatics+1"],"picked":"SKIP","floor":54}],"player_experience":173952,"relics_obtained":[{"floor":6,"key":"Pen Nib"},{"floor":8,"key":"CaptainsWheel"},{"floor":10,"key":"ReplayTheSpireMod:TigerMarble"},{"floor":13,"key":"MawBank"},{"floor":24,"key":"infinitespire:CheckeredPen"},{"floor":26,"key":"Dream Catcher"},{"floor":26,"key":"Replay:Rubber Ducky"},{"floor":28,"key":"infinitespire:WardingShard"},{"floor":43,"key":"Oddly Smooth Stone"},{"floor":43,"key":"Ginger"},{"floor":44,"key":"Centennial Puzzle"},{"floor":48,"key":"Happy Flower"},{"floor":54,"key":"Bottled Tornado"}],"event_choices":[{"cards_removed":["Concentrate"],"damage_healed":0,"gold_gain":0,"player_choice":"Card Removal","damage_taken":0,"max_hp_gain":0,"max_hp_loss":0,"event_name":"The Cleric","floor":2,"gold_loss":50},{"damage_healed":0,"gold_gain":0,"player_choice":"Obtained Relic","damage_taken":0,"relics_obtained":["ReplayTheSpireMod:Ninjato"],"max_hp_gain":0,"max_hp_loss":0,"event_name":"Addict","floor":32,"gold_loss":85},{"damage_healed":0,"gold_gain":0,"player_choice":"Memory 1","damage_taken":0,"max_hp_gain":0,"max_hp_loss":0,"event_name":"SensoryStone","floor":37,"gold_loss":0},{"damage_healed":0,"gold_gain":0,"player_choice":"Ignored","damage_taken":0,"max_hp_gain":0,"max_hp_loss":0,"event_name":"Transmorgrifier","floor":42,"gold_loss":0},{"damage_healed":0,"gold_gain":0,"player_choice":"Leave","damage_taken":0,"max_hp_gain":0,"max_hp_loss":0,"event_name":"FaceTrader","floor":47,"gold_loss":0}],"is_beta":false,"boss_relics":[{"not_picked":["hubris:BlackHole","hubris:CrackedHourglass"],"picked":"Cursed Key"},{"not_picked":["ReplayTheSpireMod:SealedPack","Replay:Bronze Core"],"picked":"ReplayTheSpireMod:DimensionalGlitch"}],"items_purged_floors":[4,12,20,22,39,41],"is_endless":false,"potions_floor_spawned":[6,10,13,14,16,18,24,31,33,35,36,54],"ascension_level":14}}