{"host":"8rwquwrlbfkmmuup","time":1611198028,"event":{"mods":["BaseMod","Halation","Infinite Spire","Minty Spire (QoL Compilation)","Replay The Spire","Shop Mod","StSLib"],"gold_per_floor":[117,129,129,129,140,171,171,205,205,205,217,17,17,29,29,124,124,144,345,345,358,388,388,388],"floor_reached":23,"language":"ENG","playtime":1019,"items_purged":[],"score":209,"play_id":"aa798179-54f5-4bb7-b970-b8496ffdd2cd","local_time":"20210120190028","is_ascension_mode":true,"campfire_choices":[{"floor":10.0,"key":"REST"},{"floor":10.0,"key":"RECALL"},{"floor":13.0,"key":"REST"},{"data":"Outmaneuver","floor":13.0,"key":"SMITH"},{"floor":15.0,"key":"REST"},{"data":"Deadly Poison","floor":15.0,"key":"SMITH"}],"circlet_count":0,"master_deck":["Strike_G","Strike_G","Strike_G","Strike_G","Strike_G","Defend_G","Defend_G","Defend_G","Defend_G","Defend_G","Survivor","Neutralize","Poisoned Stab","Backflip","Flying Knee","Crippling Poison+1","Corpse Explosion+1","Outmaneuver+1","Deadly Poison+1","Leg Sweep","Poison Darts","Outmaneuver","Deadly Poison","Backflip","Catalyst"],"relics":["Ring of the Snake","Ring of Peace","ReplayTheSpireMod:Ring of Collecting","Gremlin Food","halation:TwoAmDonut","infinitespire:Magic Flask","ReplayTheSpireMod:Ring of Challenge","Juzu Bracelet","Guide Book","halation:Prosthetics","halation:EternalFortune","Red Mask"],"acts_visited":["Exordium","TheCity"],"potions_floor_usage":[],"damage_taken":[{"damage":0.0,"enemies":"Jaw Worm","floor":1.0,"turns":5.0},{"damage":1.0,"enemies":"2 Louse","floor":2.0,"turns":3.0},{"damage":2.0,"enemies":"Cultist","floor":5.0,"turns":5.0},{"damage":5.0,"enemies":"3 Sentries","floor":6.0,"turns":6.0},{"damage":11.0,"enemies":"Lagavulin","floor":8.0,"turns":10.0},{"damage":5.0,"enemies":"3 Louse","floor":11.0,"turns":3.0},{"damage":0.0,"enemies":"Large Slime","floor":14.0,"turns":5.0},{"damage":9.0,"enemies":"The Guardian","floor":16.0,"turns":9.0},{"damage":0.0,"enemies":"3 Byrds","floor":18.0,"turns":4.0},{"damage":0.0,"enemies":"Shell Parasite","floor":21.0,"turns":2.0},{"damage":0.0,"enemies":"Masked Bandits","floor":22.0,"turns":2.0},{"damage":0,"enemies":"Book of Stabbing","floor":23,"turns":2}],"seed_played":"-1122595848516190388","potions_obtained":[{"floor":1.0,"key":"Explosive Potion"},{"floor":5.0,"key":"Toxic Potion"},{"floor":8.0,"key":"Weak Potion"},{"floor":14.0,"key":"CunningPotion"},{"floor":16.0,"key":"DuplicationPotion"},{"floor":18.0,"key":"AttackPotion"}],"is_trial":false,"path_per_floor":["M","M","?","?","M","E","?","E","T","R","M","$","R","M","R","B",null,"M","?","?","M","?","E"],"character_chosen":"THE_SILENT","items_purchased":["Guide Book","Deadly Poison"],"campfire_rested":3,"item_purchase_floors":[12,12],"current_hp_per_floor":[77,76,76,64,62,57,50,39,39,62,57,57,77,77,77,68,42,42,26,29,29,29,29,29],"gold":388,"neow_bonus":"TEN_PERCENT_HP_BONUS","is_daily":false,"chose_seed":false,"campfire_upgraded":2,"win_rate":0.0,"timestamp":1611198028,"path_taken":["M","M","?","?","M","E","?","E","T","R","M","?","R","M","R","BOSS","M","?","?","M","?","E"],"items_purchased_type":["Relic","Card"],"build_version":"2020-12-22","purchased_purges":0,"victory":false,"max_hp_per_floor":[77,77,77,77,77,77,77,77,77,77,77,77,77,77,77,77,42,42,42,45,45,45,45,45],"card_choices":[{"not_picked":["Endless Agony","Calculated Gamble"],"picked":"Poisoned Stab","floor":1.0},{"not_picked":["ReplayTheSpireMod:The Works","Flying Knee"],"picked":"Backflip","floor":2.0},{"not_picked":["All Out Attack","Cloak And Dagger"],"picked":"Flying Knee","floor":5.0},{"not_picked":["Cloak And Dagger","Predator"],"picked":"Crippling Poison","floor":6.0},{"not_picked":["Noxious Fumes","Dagger Spray"],"picked":"Corpse Explosion","floor":8.0},{"not_picked":["Endless Agony","ReplayTheSpireMod:Scrap Shanks"],"picked":"Outmaneuver","floor":11.0},{"not_picked":["ReplayTheSpireMod:Tripwire","Dodge and Roll"],"picked":"Leg Sweep","floor":14.0},{"not_picked":["Die Die Die","Burst"],"picked":"Poison Darts","floor":16.0},{"not_picked":["Prepared","Flying Knee+1"],"picked":"Outmaneuver","floor":18.0},{"not_picked":["Blade Dance","Underhanded Strike"],"picked":"Deadly Poison","floor":19.0},{"not_picked":["Well Laid Plans","Prepared+1"],"picked":"Backflip","floor":21.0},{"not_picked":["Flying Knee+1","Riddle With Holes+1"],"picked":"Catalyst","floor":22.0}],"player_experience":69505,"relics_obtained":[{"floor":3.0,"key":"Ring of Peace"},{"floor":3.0,"key":"ReplayTheSpireMod:Ring of Collecting"},{"floor":6.0,"key":"halation:TwoAmDonut"},{"floor":8.0,"key":"infinitespire:Magic Flask"},{"floor":9.0,"key":"ReplayTheSpireMod:Ring of Challenge"},{"floor":9.0,"key":"Juzu Bracelet"},{"floor":22.0,"key":"Red Mask"}],"event_choices":[{"damage_healed":0.0,"max_hp_gain":0.0,"max_hp_loss":0.0,"gold_gain":0.0,"event_name":"Scrap Ooze","player_choice":"Success","floor":4.0,"gold_loss":0.0,"damage_taken":12.0,"relics_obtained":["Gremlin Food"]},{"cards_removed":["Pain"],"damage_healed":0.0,"max_hp_gain":0.0,"max_hp_loss":0.0,"gold_gain":0.0,"event_name":"Golden Wing","player_choice":"Card Removal","floor":7.0,"gold_loss":0.0,"damage_taken":7.0},{"damage_healed":0.0,"max_hp_gain":0.0,"max_hp_loss":0.0,"gold_gain":0.0,"event_name":"Masked Bandits","player_choice":"Fought Bandits","floor":22.0,"gold_loss":0.0,"damage_taken":0.0}],"is_beta":false,"boss_relics":[{"not_picked":["Philosopher\u0027s Stone","SacredBark"],"picked":"halation:Prosthetics"}],"items_purged_floors":[],"is_endless":false,"potions_floor_spawned":[1,5,8,14,16,18],"killed_by":"Book of Stabbing","ascension_level":1}}