{"host":"ttx8tv95o5vka1nm","time":1611204142,"event":{"mods":["AchievementEnabler","BaseMod","Colored Map","Downfall","Infinite Spire","Minty Spire (QoL Compilation)","Shop Mod","StSLib","The Jungle"],"gold_per_floor":[110,120,70,70,70,70,102,102,102,277,303,81,115,140,140,253,253,281,305,314,339,35,35,44,78,101,134,36,45,45,68,68,68,68],"floor_reached":33,"language":"ENG","playtime":2436,"items_purged":["Doubt","Strike_B","Strike_B","Defend_B"],"score":419,"play_id":"735a4d51-f30c-4a18-b1c2-f841152a121e","local_time":"20210121144222","is_ascension_mode":true,"campfire_choices":[{"data":"Dualcast","floor":6,"key":"SMITH"},{"floor":8,"key":"REST"},{"data":"Redo","floor":15,"key":"SMITH"},{"data":"infinitespire:Gouge","floor":23,"key":"SMITH"},{"data":"Fission","floor":30,"key":"SMITH"},{"floor":32,"key":"REST"}],"circlet_count":0,"master_deck":["Strike_B","Strike_B+1","Defend_B","Defend_B","Zap+1","Dualcast+1","Darkness+1","Conserve Battery","Chill","Ball Lightning","Redo+1","Seek","Rebound+1","FTL","infinitespire:Gouge+1","Gash","Electrodynamics","Fission+1","Chill","Coolheaded","downfall:Bewildered","Sweeping Beam+1"],"relics":["Cracked Core","TungstenRod","Question Card","Emotion Chip","Bag of Marbles","CeramicFish","Nuclear Battery","infinitespire:Cupcake","HornCleat","MerchantsRug","infinitespire:FocusingShard","infinitespire:Freezer","infinitespire:Lychee Nut","sneckomod:BabySnecko"],"acts_visited":["Exordium","TheCity"],"potions_floor_usage":[11,18],"damage_taken":[{"damage":3,"enemies":"Jaw Worm","floor":1,"turns":4},{"damage":6,"enemies":"Small Slimes","floor":2,"turns":3},{"damage":30,"enemies":"Gremlin Nob","floor":7,"turns":4},{"damage":0,"enemies":"3 Sentries","floor":11,"turns":5},{"damage":13,"enemies":"Gremlin Nob","floor":13,"turns":3},{"damage":7,"enemies":"The Guardian","floor":16,"turns":7},{"damage":9,"enemies":"3 Byrds","floor":18,"turns":6},{"damage":8,"enemies":"Spheric Guardian","floor":19,"turns":4},{"damage":3,"enemies":"Centurion and Healer","floor":21,"turns":5},{"damage":18,"enemies":"Slavers","floor":25,"turns":4},{"damage":9,"enemies":"Nightmare","floor":27,"turns":6},{"damage":21,"enemies":"Cultist and Chosen","floor":31,"turns":5},{"damage":40,"enemies":"Collector","floor":33,"turns":6}],"seed_played":"-6918562221221968722","potions_obtained":[{"floor":7,"key":"LiquidMemories"},{"floor":13,"key":"Energy Potion"},{"floor":21,"key":"champ:CounterPotion"},{"floor":27,"key":"CultistPotion"}],"is_trial":false,"path_per_floor":["M","M","?","?","?","R","E","R","T","?","E","$","E","T","R","B",null,"M","M","AVR","M","$","R","?","E","T","NM","$","?","R","M","R","B"],"character_chosen":"DEFECT","items_purchased":["Lee\u0027s Waffle","MerchantsRug","Electrodynamics","Coolheaded"],"campfire_rested":2,"item_purchase_floors":[12,22,22,28],"current_hp_per_floor":[65,59,59,44,44,44,14,36,36,36,36,82,69,69,69,62,77,68,60,60,57,57,57,57,39,39,30,30,30,30,15,33,0,0],"gold":68,"neow_bonus":"UPGRADE_CARD","is_daily":false,"chose_seed":false,"campfire_upgraded":4,"win_rate":0.0,"timestamp":1611204142,"path_taken":["M","M","?","?","?","R","E","R","T","?","E","$","E","?","R","BOSS","M","M","AVR","M","$","R","?","E","T","NM","$","?","R","M","R","BOSS"],"items_purchased_type":["Relic","Relic","Card","Card"],"build_version":"2020-12-22","purchased_purges":4,"victory":false,"max_hp_per_floor":[75,75,75,75,75,75,75,75,75,75,75,82,82,82,82,82,82,82,82,82,82,82,82,82,82,82,61,61,61,61,61,61,61,61],"card_choices":[{"not_picked":["Sweeping Beam","Hologram"],"picked":"Darkness","floor":1},{"not_picked":["Go for the Eyes","Chaos"],"picked":"Conserve Battery","floor":2},{"not_picked":["Undo","Leap"],"picked":"Chill","floor":7},{"not_picked":["Turbo","Barrage","Streamline"],"picked":"Ball Lightning","floor":11},{"not_picked":["Sunder","All For One","Heatsinks"],"picked":"Redo","floor":13},{"not_picked":["Reboot","Buffer","Thunder Strike"],"picked":"Seek","floor":16},{"not_picked":["Streamline","Ball Lightning","Steam"],"picked":"Rebound+1","floor":18},{"not_picked":["Sweeping Beam+1","Reprogram","Beam Cell"],"picked":"FTL","floor":19},{"not_picked":["Compile Driver+1","Rebound","Stack+1"],"picked":"Gash","floor":21},{"not_picked":["Rebound+1","Rip and Tear","Aggregate"],"picked":"Chill","floor":25},{"not_picked":["Steam","Turbo","Double Energy","Rip and Tear"],"picked":"SKIP","floor":27},{"not_picked":["Coolheaded","Barrage","Steam Power+1"],"picked":"Sweeping Beam+1","floor":31}],"player_experience":772987,"relics_obtained":[{"floor":7,"key":"TungstenRod"},{"floor":9,"key":"Question Card"},{"floor":11,"key":"Emotion Chip"},{"floor":13,"key":"Bag of Marbles"},{"floor":14,"key":"CeramicFish"},{"floor":25,"key":"infinitespire:FocusingShard"},{"floor":26,"key":"infinitespire:Freezer"},{"floor":27,"key":"infinitespire:Lychee Nut"}],"event_choices":[{"cards_removed":["Defend_B"],"damage_healed":0,"gold_gain":0,"player_choice":"Card Removal","damage_taken":0,"max_hp_gain":0,"max_hp_loss":0,"event_name":"The Cleric","floor":3,"gold_loss":50},{"damage_healed":0,"gold_gain":0,"player_choice":"Entered Light","damage_taken":15,"max_hp_gain":0,"max_hp_loss":0,"event_name":"Shining Light","floor":4,"gold_loss":0,"cards_upgraded":["Darkness","Strike_B"]},{"damage_healed":0,"gold_gain":175,"player_choice":"AGREE","damage_taken":0,"max_hp_gain":0,"max_hp_loss":0,"event_name":"Liars Game","floor":10,"gold_loss":0,"cards_obtained":["Doubt"]},{"damage_healed":0,"gold_gain":0,"player_choice":"Read","damage_taken":0,"max_hp_gain":0,"max_hp_loss":0,"event_name":"The Library","floor":24,"gold_loss":0,"cards_obtained":["Fission"]}],"is_beta":false,"boss_relics":[{"not_picked":["Calling Bell","Tiny House"],"picked":"Nuclear Battery"}],"items_purged_floors":[12,20,22,28],"is_endless":true,"potions_floor_spawned":[7,13,21,27],"killed_by":"Collector","ascension_level":6}}