{"host":"zrg8yzdwi219jxzu","time":1611206878,"event":{"mods":["BaseMod","Minty Spire (QoL Compilation)"],"gold_per_floor":[116,191,366,380,340,375,387,400,448,35,35,68,68,91,91,214,214,227,227,103,124,124,124],"floor_reached":22,"language":"ENG","playtime":834,"items_purged":["Normality","Doubt"],"score":233,"play_id":"5e438e86-d8b7-40b9-9f12-a994775f488a","local_time":"20210121002758","is_ascension_mode":true,"campfire_choices":[{"data":"Armaments","floor":11,"key":"SMITH"},{"data":"Armaments","floor":15,"key":"SMITH"}],"circlet_count":0,"master_deck":["Strike_R+1","Strike_R+1","Strike_R+1","Strike_R+1","Strike_R+1","Defend_R+1","Defend_R+1","Defend_R+1","Defend_R+1","Bash","Sadistic Nature","Thunderclap","Clothesline","Armaments+1","Thunderclap","Armaments+1","Injury","Blood for Blood","Hemokinesis+1","Hemokinesis","Flame Barrier"],"relics":["Burning Blood","Blue Candle","MawBank","Meat on the Bone","Smiling Mask","Golden Idol","Black Star"],"acts_visited":["Exordium","TheCity"],"potions_floor_usage":[6,6,6,8,14,22],"damage_taken":[{"damage":1,"enemies":"Small Slimes","floor":1,"turns":4},{"damage":15,"enemies":"2 Louse","floor":4,"turns":3},{"damage":20,"enemies":"Gremlin Nob","floor":6,"turns":4},{"damage":14,"enemies":"Jaw Worm","floor":7,"turns":3},{"damage":7,"enemies":"3 Louse","floor":8,"turns":3},{"damage":32,"enemies":"3 Sentries","floor":12,"turns":7},{"damage":9,"enemies":"Red Slaver","floor":14,"turns":2},{"damage":15,"enemies":"Hexaghost","floor":16,"turns":9},{"damage":31,"enemies":"3 Byrds","floor":18,"turns":5},{"damage":43,"enemies":"Shell Parasite","floor":21,"turns":6},{"damage":34,"enemies":"Snake Plant","floor":22,"turns":2}],"seed_played":"533889022517629374","potions_obtained":[{"floor":4,"key":"Block Potion"},{"floor":5,"key":"FearPotion"},{"floor":5,"key":"SteroidPotion"},{"floor":5,"key":"AttackPotion"},{"floor":7,"key":"Fire Potion"},{"floor":12,"key":"Fire Potion"},{"floor":14,"key":"ElixirPotion"},{"floor":21,"key":"FearPotion"}],"is_trial":false,"path_per_floor":["M","?","?","M","?","E","M","M","T","$","R","E","?","M","R","B",null,"M","?","$","M","M"],"character_chosen":"IRONCLAD","items_purchased":["Meat on the Bone","Thunderclap","Armaments","Hemokinesis"],"campfire_rested":0,"item_purchase_floors":[10,10,10,20],"current_hp_per_floor":[80,69,69,60,60,46,38,37,37,37,37,23,23,32,32,35,80,55,55,55,30,0,0],"gold":124,"neow_bonus":"RANDOM_COLORLESS_2","is_daily":false,"chose_seed":false,"campfire_upgraded":2,"win_rate":0.0,"timestamp":1611206878,"path_taken":["M","?","?","?","?","E","?","M","T","$","R","E","?","M","R","BOSS","M","?","$","M","M"],"items_purchased_type":["Relic","Card","Card","Card"],"build_version":"2020-12-22","purchased_purges":2,"victory":false,"max_hp_per_floor":[80,80,80,80,80,80,80,80,80,80,80,80,80,80,80,80,80,80,80,80,80,80,80],"card_choices":[{"not_picked":["Panache","Secret Weapon"],"picked":"Sadistic Nature","floor":0},{"not_picked":["Heavy Blade","Dual Wield","Cleave"],"picked":"SKIP","floor":1},{"not_picked":["Whirlwind","Combust","Rupture"],"picked":"SKIP","floor":4},{"not_picked":["Warcry","Battle Trance"],"picked":"Thunderclap","floor":6},{"not_picked":["Havoc","True Grit"],"picked":"Clothesline","floor":7},{"not_picked":["Sword Boomerang","Twin Strike"],"picked":"Armaments","floor":8},{"not_picked":["Havoc","Corruption","Wild Strike"],"picked":"SKIP","floor":12},{"not_picked":["Headbutt","Heavy Blade"],"picked":"Blood for Blood","floor":14},{"not_picked":["Wild Strike","Whirlwind"],"picked":"Hemokinesis+1","floor":18},{"not_picked":["Iron Wave","Clash"],"picked":"Flame Barrier","floor":21}],"player_experience":113276,"relics_obtained":[{"floor":6,"key":"Blue Candle"},{"floor":9,"key":"MawBank"},{"floor":12,"key":"Smiling Mask"}],"event_choices":[{"damage_healed":0,"gold_gain":75,"player_choice":"Gather Gold","damage_taken":11,"max_hp_gain":0,"max_hp_loss":0,"event_name":"World of Goop","floor":2,"gold_loss":0},{"damage_healed":0,"gold_gain":175,"player_choice":"AGREE","damage_taken":0,"max_hp_gain":0,"max_hp_loss":0,"event_name":"Liars Game","floor":3,"gold_loss":0,"cards_obtained":["Doubt"]},{"damage_healed":0,"gold_gain":0,"player_choice":"Bought 3 Potions","damage_taken":0,"max_hp_gain":0,"max_hp_loss":0,"event_name":"The Woman in Blue","floor":5,"gold_loss":0},{"damage_healed":0,"gold_gain":0,"player_choice":"Take Wound","damage_taken":0,"relics_obtained":["Golden Idol"],"max_hp_gain":0,"max_hp_loss":0,"event_name":"Golden Idol","floor":13,"gold_loss":0,"cards_obtained":["Injury"]},{"damage_healed":0,"gold_gain":0,"player_choice":"Simplicity","damage_taken":0,"max_hp_gain":0,"max_hp_loss":0,"event_name":"Back to Basics","floor":19,"gold_loss":0,"cards_upgraded":["Strike_R","Strike_R","Strike_R","Strike_R","Strike_R","Defend_R","Defend_R","Defend_R","Defend_R"]}],"is_beta":false,"boss_relics":[{"not_picked":["Pandora\u0027s Box","Tiny House"],"picked":"Black Star"}],"items_purged_floors":[10,20],"is_endless":false,"potions_floor_spawned":[4,7,12,14,21],"killed_by":"Snake Plant","ascension_level":4}}