{"host":"ndpbn7fqb3wjbd7p","time":1611195748,"event":{"mods":["AchievementEnabler","Act Like it!","AlwaysNeverKeys","BaseMod","Better Vampires","Block Reminder","Colored Powertips","DeckTracker","Defuse TimeMaze Blight","Friendly Minions","Hallownest","Hermit","Highlight Path","MarisaÅiñ∂âJÅ@ñÇóùçπÅj","Minty Spire (QoL Compilation)","Permanent Neow","Shade Mod","StSLib","SuperFastMode","Synergy Search","The Mystic","Unceasing Turn Reminder","egg"],"gold_per_floor":[113,163,173,183,108,108,108,127,127,138,138,157,157,68,68,68,68],"floor_reached":16,"language":"ENG","playtime":512,"items_purged":["Defend_G"],"score":183,"play_id":"5a141563-456e-465e-ba01-b18a4d04fa78","local_time":"20210121032228","is_ascension_mode":true,"campfire_choices":[{"data":"Cloak And Dagger","floor":6,"key":"SMITH"},{"data":"Cloak And Dagger","floor":11,"key":"SMITH"},{"data":"Phantasmal Killer","floor":13,"key":"SMITH"},{"data":"Neutralize","floor":15,"key":"SMITH"}],"circlet_count":0,"master_deck":["AscendersBane","Strike_G","Strike_G","Strike_G","Strike_G","Strike_G","Defend_G","Defend_G","Defend_G","Survivor","Neutralize+1","Phantasmal Killer+1","Cloak And Dagger+1","Cloak And Dagger+1","Well Laid Plans","Infinite Blades","Accuracy"],"relics":["Ring of the Snake","HornCleat"],"acts_visited":["Exordium"],"potions_floor_usage":[7,12],"damage_taken":[{"damage":4,"enemies":"2 Louse","floor":1,"turns":3},{"damage":0,"enemies":"Cultist","floor":3,"turns":3},{"damage":0,"enemies":"Small Slimes","floor":4,"turns":3},{"damage":0,"enemies":"Exordium Thugs","floor":7,"turns":1},{"damage":3,"enemies":"3 Louse","floor":8,"turns":3},{"damage":5,"enemies":"Lots of Slimes","floor":10,"turns":6},{"damage":3,"enemies":"Looter","floor":12,"turns":4},{"damage":45,"enemies":"Hexaghost","floor":16,"turns":10}],"seed_played":"3735056442551946828","potions_obtained":[{"floor":1,"key":"SmokeBomb"},{"floor":8,"key":"Block Potion"}],"is_trial":false,"path_per_floor":["M","?","M","M","$","R","M","M","T","M","R","M","R","$","R","B"],"character_chosen":"THE_SILENT","items_purchased":["Accuracy"],"campfire_rested":0,"item_purchase_floors":[14],"current_hp_per_floor":[55,55,55,55,55,55,55,52,52,47,47,44,44,44,44,0,0],"gold":68,"neow_bonus":"TRANSFORM_CARD","is_daily":false,"chose_seed":false,"campfire_upgraded":4,"win_rate":0.0,"timestamp":1611195748,"path_taken":["M","?","M","M","$","R","M","?","T","M","R","M","R","$","R","BOSS"],"items_purchased_type":["Card"],"build_version":"2020-12-22","purchased_purges":1,"victory":false,"max_hp_per_floor":[66,66,66,66,66,66,66,66,66,66,66,66,66,66,66,66,66],"card_choices":[{"not_picked":["Calculated Gamble","All Out Attack"],"picked":"Cloak And Dagger","floor":1},{"not_picked":["Acrobatics","PiercingWail"],"picked":"Cloak And Dagger","floor":3},{"not_picked":["Dagger Spray","Outmaneuver"],"picked":"Well Laid Plans","floor":4},{"not_picked":["Caltrops","Distraction"],"picked":"Infinite Blades","floor":8},{"not_picked":["Dodge and Roll","Leg Sweep","Caltrops"],"picked":"SKIP","floor":10},{"not_picked":["Flying Knee","Deflect","Riddle With Holes"],"picked":"SKIP","floor":12}],"player_experience":1169924,"relics_obtained":[{"floor":9,"key":"HornCleat"}],"event_choices":[{"damage_healed":0,"gold_gain":50,"player_choice":"Pray","damage_taken":0,"max_hp_gain":0,"max_hp_loss":0,"event_name":"Golden Shrine","floor":2,"gold_loss":0}],"is_beta":false,"boss_relics":[],"items_purged_floors":[5],"is_endless":false,"potions_floor_spawned":[1,8],"killed_by":"Hexaghost","ascension_level":19}}