{"host":"9j9ju8r45kuhshxi","time":1611246498,"event":{"mods":["BaseMod","Colored Map","Colored Powertips","Highlight Path","Minty Spire (QoL Compilation)","Replay The Spire","Ryuuou龙王","StSLib","[功能]功能增强和修复MOD"],"gold_per_floor":[119,197,210,175,187,217,244,300,300,359,344,364,430,444,444,610,610,622,597,609,609,623,623,623,623,623,648,648,648,648,678,678,780,780,800,848,823,823,808,839,839,929,929,929,924,937,1082,1115,1115,1117,1117,1117,1117,1151,1151],"floor_reached":56,"language":"ZHS","playtime":16184,"items_purged":["Strike_G","Strike_G","Strike_G","Defend_G","Defend_G","Defend_G","Strike_G","Defend_G","Strike_G","Defend_G","Caltrops","Survivor","Hidden Blade","Blade Dance","Accuracy","Neutralize","Delirium","Shame","ReplayTheSpireMod:Splinters","ReplayTheSpireMod:From All Sides","Bane","Well Laid Plans","Setup+1","Burst","Acrobatics","ReplayTheSpireMod:Faulty Equipment+1"],"score":2335,"play_id":"b71e68c3-0a38-4f95-8c24-8a28149a2c1f","local_time":"20210122002818","is_ascension_mode":true,"campfire_choices":[{"floor":15.0,"key":"RECALL"},{"data":"Deadly Poison","floor":23,"key":"SMITH"},{"data":"Replay:Poison Smokescreen","floor":25,"key":"SMITH"},{"data":"Catalyst","floor":28,"key":"SMITH"},{"data":"Burst","floor":32,"key":"SMITH"},{"data":"Expertise","floor":41,"key":"SMITH"},{"data":"Atom Bomb","floor":44,"key":"SMITH"},{"data":"Crippling Poison","floor":49,"key":"SMITH"},{"data":"Bouncing Flask","floor":52,"key":"SMITH"}],"circlet_count":0,"master_deck":["Expertise+1","Deadly Poison+1","Replay:Poison Smokescreen+1","Backflip","ReplayUltimateDefense","Skewer+1","Burst+1","Crippling Poison+1","Bouncing Flask+1","ReplayTheSpireMod:Necrosis+1","Acrobatics","Corpse Explosion+1","Catalyst+1","Atom Bomb+1","Escape Plan+1","After Image","Draining Mist+1","Escape Plan+1","A Thousand Cuts","Backflip","Backflip","Footwork+1","Burst+1","Draining Mist+1","Backflip+1"],"relics":["Ring of the Snake","NeowsBlessing","Vajra","TheAbacus","Gambling Chip","Orichalcum","Replay:Bandana","Quantum Egg","Replay:WaspNest","ReplayTheSpireMod:Lightbulb","BargainBundle","Regal Pillow","Replay:PocketPolymizer","WristBlade","Toolbox","Happy Flower","Potion Belt","Nloth\u0027s Gift","White Beast Statue","Boot","Torii","Replay:Ancient Bell","Tiny Chest","Replay:Bottled Snecko","The Specimen","WingedGreaves","Strawberry","Replay:Kaleidoscope","Guide Book","Akabeko","Orrery","Replay:Bottled Eggs","Eternal Feather","Anchor","Pondfish Scales","ClockworkSouvenir","Pantograph","Pen Nib","ReplayTheSpireMod:CursedCoin","Golden Egg","Shovel","Whetstone","TwistedFunnel","Kunai","Centennial Puzzle","Bottled Lightning"],"acts_visited":["Exordium","TheCity","TheBeyond","TheEnding"],"potions_floor_usage":[33,33,55,55,55,55],"damage_taken":[{"damage":0.0,"enemies":"2 Louse","floor":1.0,"turns":1.0},{"damage":0.0,"enemies":"Jaw Worm","floor":3.0,"turns":1.0},{"damage":0.0,"enemies":"Cultist","floor":5.0,"turns":1.0},{"damage":0.0,"enemies":"Gremlin Nob","floor":6.0,"turns":1.0},{"damage":0.0,"enemies":"Replay:BlueRogue","floor":8.0,"turns":1.0},{"damage":0.0,"enemies":"3 Sentries","floor":10.0,"turns":2.0},{"damage":0.0,"enemies":"Exordium Thugs","floor":12.0,"turns":1.0},{"damage":0.0,"enemies":"Lagavulin","floor":13.0,"turns":1.0},{"damage":0.0,"enemies":"Large Slime","floor":14.0,"turns":1.0},{"damage":0,"enemies":"Hexaghost","floor":16,"turns":1},{"damage":0,"enemies":"Chosen","floor":18,"turns":1},{"damage":0,"enemies":"2 Thieves","floor":20,"turns":1},{"damage":0,"enemies":"Snake Plant","floor":22,"turns":1},{"damage":0,"enemies":"Book of Stabbing","floor":27,"turns":1},{"damage":0,"enemies":"Gremlin Leader","floor":31,"turns":1},{"damage":0,"enemies":"Pondfish","floor":33,"turns":3},{"damage":0,"enemies":"3 Darklings","floor":35,"turns":1},{"damage":0,"enemies":"2 Orb Walkers","floor":36,"turns":1},{"damage":0,"enemies":"Giant Head","floor":40,"turns":1},{"damage":0,"enemies":"R_Hoarder","floor":42,"turns":3},{"damage":0,"enemies":"Orb Walker","floor":46,"turns":1},{"damage":0,"enemies":"Nemesis","floor":48,"turns":1},{"damage":0,"enemies":"Replay:Hell Engine","floor":50,"turns":1},{"damage":0,"enemies":"Shield and Spear","floor":54,"turns":1},{"damage":10,"enemies":"The Heart","floor":55,"turns":3}],"seed_played":"317438010675408914","potions_obtained":[{"floor":1.0,"key":"Block Potion"},{"floor":1.0,"key":"SteroidPotion"},{"floor":2.0,"key":"GhostInAJar"},{"floor":5.0,"key":"Adrenaline Potion"},{"floor":8.0,"key":"Fruit Juice"},{"floor":10.0,"key":"FairyPotion"},{"floor":31,"key":"SpeedPotion"},{"floor":33,"key":"Dexterity Potion"},{"floor":33,"key":"Adrenaline Potion"},{"floor":35,"key":"Toxic Potion"}],"is_trial":false,"path_per_floor":["M","?","M","$","M","E","T","E","T","E","$","M","E","M","R","B",null,"M","$","M","?","M","R","?","R","T","E","R","?","?","E","R","B",null,"M","?","$","?","$","E","R","E","T","R","$","M","$","E","R","B",null,"R","$","E","B",null],"character_chosen":"THE_SILENT","items_purchased":["TheAbacus","Gambling Chip","Orichalcum","ReplayUltimateDefense","Caltrops","BargainBundle","Omamori","Regal Pillow","Accuracy","Hidden Blade","Toolbox","Happy Flower","Potion Belt","Bane","Acrobatics","BlessingOfTheForge","Fire Potion","FearPotion","Strawberry","Replay:Kaleidoscope","Guide Book","Akabeko","Orrery","Replay:Bottled Eggs","ClockworkSouvenir","Pantograph","Pen Nib","Acrobatics","Backflip","ReplayTheSpireMod:CursedCoin","Golden Egg","Shovel","Poison Potion","SpeedPotion","Footwork","TwistedFunnel","Kunai","Centennial Puzzle","Draining Mist","Backflip"],"campfire_rested":0,"item_purchase_floors":[4,4,4,4,4,11,11,11,11,11,19,19,19,19,19,19,19,19,37,37,37,39,39,39,45,45,45,45,45,47,47,47,47,47,47,53,53,53,53,53],"current_hp_per_floor":[63,46,46,46,46,46,46,51,51,51,51,51,51,51,51,51,69,69,69,69,69,69,69,55,55,55,55,55,55,55,55,55,55,74,74,74,81,81,81,81,83,83,83,83,83,83,83,83,83,83,83,83,83,83,73],"gold":1151,"neow_bonus":"THREE_ENEMY_KILL","is_daily":false,"chose_seed":false,"campfire_upgraded":8,"win_rate":0.0,"timestamp":1611246498,"path_taken":["M","?","?","$","M","E","?","E","T","E","$","M","E","M","R","BOSS","M","$","M","?","?","R","?","R","T","E","R","?","?","E","R","BOSS","M","?","$","?","$","E","R","E","T","R","$","M","$","E","R","BOSS","R","$","E","BOSS"],"items_purchased_type":["Relic","Relic","Relic","Card","Card","Relic","Relic","Relic","Card","Card","Relic","Relic","Relic","Card","Card","Potion","Potion","Potion","Relic","Relic","Relic","Relic","Relic","Relic","Relic","Relic","Relic","Card","Card","Relic","Relic","Relic","Potion","Potion","Card","Relic","Relic","Relic","Card","Card"],"build_version":"2020-12-22","purchased_purges":26,"victory":true,"max_hp_per_floor":[70,70,70,70,70,70,70,75,75,75,75,75,75,75,75,75,75,75,75,75,75,75,75,80,80,80,80,80,80,80,80,80,80,80,80,80,87,83,83,83,83,83,83,83,83,83,83,83,83,83,83,83,83,83,83],"card_choices":[{"not_picked":["Sucker Punch","ReplayTheSpireMod:The Works"],"picked":"Expertise","floor":1.0},{"not_picked":["Flying Knee","Backstab"],"picked":"Deadly Poison","floor":2.0},{"not_picked":["Quick Slash","Slice"],"picked":"Replay:Poison Smokescreen","floor":2.0},{"not_picked":["Reflex","Cloak And Dagger"],"picked":"Backflip","floor":3.0},{"not_picked":["Slice","Outmaneuver"],"picked":"Skewer","floor":5.0},{"not_picked":["Quick Slash","ReplayTheSpireMod:Speed Training"],"picked":"Burst","floor":6.0},{"not_picked":["Flying Knee","Reflex"],"picked":"Acrobatics","floor":8.0},{"not_picked":["ReplayTheSpireMod:Shiv Toss","Hidden Blade"],"picked":"Crippling Poison","floor":10.0},{"not_picked":["Leg Sweep","Deadly Poison"],"picked":"Bouncing Flask","floor":12.0},{"not_picked":["Outmaneuver","Catalyst","Poisoned Stab"],"picked":"SKIP","floor":13.0},{"not_picked":["Dagger Throw","Bouncing Flask","Choke"],"picked":"SKIP","floor":14.0},{"not_picked":["Adrenaline","Venomology"],"picked":"ReplayTheSpireMod:Necrosis","floor":16},{"not_picked":["Calculated Gamble","Sneak Up+1"],"picked":"Blade Dance","floor":18},{"not_picked":["Outmaneuver","Concentrate","Sucker Punch"],"picked":"SKIP","floor":20},{"not_picked":["Calculated Gamble+1","Blur"],"picked":"Corpse Explosion","floor":22},{"not_picked":["Reflex","Accuracy+1"],"picked":"Catalyst","floor":27},{"not_picked":["Hidden Blade","Expertise"],"picked":"Burst","floor":31},{"not_picked":["CurseOfTheBell","Writhe"],"picked":"ReplayTheSpireMod:Splinters","floor":34},{"not_picked":["Doubt","Decay"],"picked":"Shame","floor":34},{"not_picked":["Shame","Regret"],"picked":"Delirium","floor":34},{"not_picked":["Dagger Throw+1","Poisoned Stab+1"],"picked":"Escape Plan+1","floor":35},{"not_picked":["Dagger Throw+1","Dash+1"],"picked":"After Image","floor":36},{"not_picked":["Outmaneuver","Footwork"],"picked":"Draining Mist","floor":39},{"not_picked":["Dagger Throw+1","Outmaneuver+1"],"picked":"Escape Plan+1","floor":39},{"not_picked":["Outmaneuver+1","Cloak And Dagger+1"],"picked":"A Thousand Cuts","floor":39},{"not_picked":["Eviscerate","Heel Hook+1"],"picked":"Well Laid Plans","floor":39},{"not_picked":["Outmaneuver+1","Dodge and Roll+1"],"picked":"Setup+1","floor":39},{"not_picked":["Doppelganger","Wraith Form v2","Venomology"],"picked":"SKIP","floor":40},{"not_picked":["Wraith Form v2","Predator+1","Quick Slash+1"],"picked":"SKIP","floor":42},{"not_picked":["Dodge and Roll","Sucker Punch"],"picked":"Backflip","floor":46},{"not_picked":["Bullet Time","Bane+1"],"picked":"Burst","floor":48},{"not_picked":["Unload","Backflip","Choke+1"],"picked":"SKIP","floor":54}],"player_experience":164905,"relics_obtained":[{"floor":2.0,"key":"Vajra"},{"floor":6.0,"key":"Replay:Bandana"},{"floor":8.0,"key":"Quantum Egg"},{"floor":9.0,"key":"Replay:WaspNest"},{"floor":10.0,"key":"ReplayTheSpireMod:Lightbulb"},{"floor":13.0,"key":"Replay:PocketPolymizer"},{"floor":26,"key":"White Beast Statue"},{"floor":27,"key":"Boot"},{"floor":31,"key":"Torii"},{"floor":36,"key":"WingedGreaves"},{"floor":40,"key":"Eternal Feather"},{"floor":42,"key":"Anchor"},{"floor":43,"key":"Pondfish Scales"},{"floor":48,"key":"Whetstone"},{"floor":54,"key":"Bottled Lightning"}],"event_choices":[{"damage_healed":0,"gold_gain":0,"player_choice":"Traded Relic","damage_taken":0,"relics_obtained":["Nloth\u0027s Gift"],"max_hp_gain":0,"max_hp_loss":0,"event_name":"N\u0027loth","floor":21,"relics_lost":["Omamori"],"gold_loss":0},{"damage_healed":0,"gold_gain":0,"player_choice":"Shed Blood","damage_taken":19,"max_hp_gain":5,"max_hp_loss":0,"event_name":"Forgotten Altar","floor":24,"gold_loss":0},{"damage_healed":0,"gold_gain":0,"player_choice":"Read","damage_taken":0,"max_hp_gain":0,"max_hp_loss":0,"event_name":"The Library","floor":29,"gold_loss":0,"cards_obtained":["Noxious Fumes"]},{"damage_healed":0,"gold_gain":0,"cards_transformed":["Acrobatics","Noxious Fumes"],"player_choice":"Became Test Subject","damage_taken":0,"max_hp_gain":0,"max_hp_loss":0,"event_name":"Drug Dealer","floor":30,"gold_loss":0,"cards_obtained":["ReplayTheSpireMod:From All Sides","Atom Bomb"]},{"damage_healed":0,"gold_gain":0,"player_choice":"Fight","damage_taken":0,"max_hp_gain":0,"max_hp_loss":0,"event_name":"Mysterious Sphere","floor":36,"gold_loss":0},{"damage_healed":0,"gold_gain":0,"player_choice":"Max HP","damage_taken":0,"max_hp_gain":0,"max_hp_loss":4,"event_name":"Winding Halls","floor":38,"gold_loss":0}],"is_beta":false,"boss_relics":[{"not_picked":["Ring of Chaos","Runic Dome"],"picked":"WristBlade"},{"not_picked":["Philosopher\u0027s Stone","Honey Jar"],"picked":"Replay:Ancient Bell"},{"not_picked":["MawBank","Replay:Mystery Machine"],"picked":"Tiny Chest"},{"not_picked":["Darkstone Periapt","Replay:Bottled Steam"],"picked":"Replay:Bottled Snecko"},{"not_picked":["Durian","Replay:Towering Pillar of Hats"],"picked":"The Specimen"}],"items_purged_floors":[4,4,4,4,4,4,4,11,11,11,11,19,19,19,19,19,37,37,37,37,37,39,39,39,45,47],"is_endless":false,"potions_floor_spawned":[1,1,5,5,6,6,8,10,12,13,13,13,16,18,20,22,22,27,27,27,27,31,31,31,31,33,33,33,35,35,35,36,40,40,40,40,42,42,42,42,46,46,48,48,48,48,54,54,54,54],"ascension_level":7}}