{"host":"nkolxg4se00n20yf","time":1611230616,"event":{"mods":["BaseMod","CatGirl Mod","Chen","Colored Map","Colored Powertips","Downfall","Friendly Minions","Infinite Spire","Kiyohime????","Marisa????????","Minty Spire (QoL Compilation)","StSLib","Td1madao Mod","The Administrix","The Cursed","The Exalted","The Hierophant","The Servant 0.9.4"],"gold_per_floor":[11,86,101,114,79,105,105,131,131,156,156,185,198,42,42,140,140,151,168,368,368,380,380,406,486,509,522,37,37,47,74,74,179,179,189,189,200,217,60,60,87,105,105,105,105,151,151,167,167,167],"floor_reached":51,"language":"ENG","playtime":1939,"items_purged":[],"score":1358,"play_id":"3673987f-22f3-4419-bb9c-1d4b55456048","local_time":"20210121130336","is_ascension_mode":true,"campfire_choices":[{"floor":7.0,"key":"REST"},{"floor":11.0,"key":"REST"},{"data":"Zap","floor":15.0,"key":"SMITH"},{"data":"Panache","floor":23.0,"key":"SMITH"},{"data":"Steam Power","floor":32.0,"key":"SMITH"},{"data":"White Noise","floor":40.0,"key":"SMITH"},{"floor":44.0,"key":"REST"},{"floor":49,"key":"REST"}],"circlet_count":0,"master_deck":["AscendersBane","Strike_B","Strike_B","Strike_B","Strike_B","Defend_B","Defend_B","Defend_B","Defend_B","Zap+1","Dualcast","Panache+1","Steam+1","White Noise+1","Streamline","Steam Power+1","Gash","Scrape","Gash","Machine Learning","Beam Cell","Leap+1","infinitespire:Gouge","Loop","Melter+1","Rebound+1","Conserve Battery","Go for the Eyes+1","Amplify","Turbo","FTL+1","Parasite","Thunder Strike+1","Injury","Shame","TheCursedMod:Dregs"],"relics":["Cracked Core","Bromod:ArcaneUltimatum","Matryoshka","Blood Vial","Mercury Hourglass","Vajra","PreservedInsect","Gambling Chip","TheAbacus","Nuclear Battery","Molten Egg 2","infinitespire:EmpoweringShard","Singing Bowl","Art of War","Mango","War Paint","Ancient Tea Set","Bromod:ArcaneEnergize","Strange Spoon","Regal Pillow","Lizard Tail","Mummified Hand","Du-Vu Doll","FossilizedHelix"],"acts_visited":["Exordium","TheCity","TheBeyond"],"potions_floor_usage":[48,50],"damage_taken":[{"damage":1.0,"enemies":"Cultist","floor":1.0,"turns":3.0},{"damage":7.0,"enemies":"Small Slimes","floor":3.0,"turns":3.0},{"damage":5.0,"enemies":"Jaw Worm","floor":4.0,"turns":5.0},{"damage":23.0,"enemies":"Lagavulin","floor":6.0,"turns":7.0},{"damage":22.0,"enemies":"3 Sentries","floor":8.0,"turns":8.0},{"damage":1.0,"enemies":"Gremlin Nob","floor":12.0,"turns":3.0},{"damage":0.0,"enemies":"2 Fungi Beasts","floor":13.0,"turns":2.0},{"damage":31.0,"enemies":"Hexaghost","floor":16.0,"turns":6.0},{"damage":9.0,"enemies":"3 Byrds","floor":18.0,"turns":3.0},{"damage":7.0,"enemies":"Chosen","floor":19.0,"turns":3.0},{"damage":0.0,"enemies":"Sentry and Sphere","floor":22.0,"turns":3.0},{"damage":8.0,"enemies":"Gremlin Leader","floor":24.0,"turns":3.0},{"damage":0.0,"enemies":"Shelled Parasite and Fungi","floor":27.0,"turns":2.0},{"damage":6.0,"enemies":"Snake Plant","floor":30.0,"turns":4.0},{"damage":0.0,"enemies":"Book of Stabbing","floor":31.0,"turns":3.0},{"damage":17.0,"enemies":"Automaton","floor":33.0,"turns":7.0},{"damage":0.0,"enemies":"3 Shapes","floor":35.0,"turns":2.0},{"damage":7.0,"enemies":"Orb Walker","floor":37.0,"turns":3.0},{"damage":8.0,"enemies":"Writhing Mass","floor":38.0,"turns":6.0},{"damage":43.0,"enemies":"Nemesis","floor":41.0,"turns":5.0},{"damage":20.0,"enemies":"Maw","floor":42.0,"turns":6.0},{"damage":22.0,"enemies":"2 Orb Walkers","floor":46.0,"turns":3.0},{"damage":0,"enemies":"3 Darklings","floor":48,"turns":3},{"damage":94,"enemies":"Time Eater","floor":50,"turns":10}],"seed_played":"1426053310913289889","potions_obtained":[{"floor":6.0,"key":"champ:CounterPotion"},{"floor":12.0,"key":"BlessingOfTheForge"},{"floor":22.0,"key":"BlessingOfTheForge"},{"floor":27.0,"key":"bronze:BurnAndBuffPotion"},{"floor":35.0,"key":"AttackPotion"},{"floor":41.0,"key":"EssenceOfSteel"},{"floor":42.0,"key":"Dexterity Potion"}],"is_trial":false,"path_per_floor":["M","?","M","M","?","E","R","E","T","T","R","E","M","$","R","B",null,"M","M","?","AVR","M","R","E","T","T","M","$","?","M","E","R","B",null,"M","AVR","M","M","$","R","E","M","T","R","?","?","?","M","R","B",null],"character_chosen":"DEFECT","items_purchased":["TheAbacus","Mango","War Paint","Conserve Battery","Regal Pillow"],"campfire_rested":4,"item_purchase_floors":[14,28,28,28,39],"current_hp_per_floor":[67,56,49,44,62,39,61,39,39,39,61,62,64,64,64,35,65,58,53,53,53,55,55,49,49,49,51,65,65,61,65,65,50,81,83,83,78,74,74,74,35,17,17,60,65,47,47,51,97,5],"gold":167,"neow_bonus":"RANDOM_COLORLESS_2","is_daily":false,"chose_seed":false,"campfire_upgraded":4,"win_rate":0.0,"timestamp":1611230616,"path_taken":["M","?","M","M","?","E","R","E","T","?","R","E","M","$","R","BOSS","M","M","?","AVR","?","R","E","?","T","M","$","?","M","E","R","BOSS","M","AVR","M","M","$","R","E","M","T","R","?","?","?","M","R","BOSS"],"items_purchased_type":["Relic","Relic","Relic","Card","Relic"],"build_version":"2020-12-22","purchased_purges":0,"victory":true,"max_hp_per_floor":[75,75,75,75,75,75,75,75,75,75,75,75,75,75,75,75,75,75,75,75,75,75,75,75,75,75,75,89,89,89,91,91,91,91,91,91,91,93,93,93,95,95,95,95,100,102,102,104,104,104],"card_choices":[{"not_picked":["Master of Strategy","Chrysalis"],"picked":"Panache","floor":0.0},{"not_picked":["Turbo","Compile Driver"],"picked":"Steam","floor":1.0},{"not_picked":["Compile Driver","Hologram"],"picked":"White Noise","floor":3.0},{"not_picked":["Defragment","Redo"],"picked":"Streamline","floor":4.0},{"not_picked":["Sweeping Beam","Blizzard"],"picked":"Steam Power","floor":6.0},{"not_picked":["Undo","Rebound"],"picked":"Gash","floor":8.0},{"not_picked":["Auto Shields","Hologram"],"picked":"Scrape","floor":12.0},{"not_picked":["Cold Snap","Turbo"],"picked":"Gash","floor":13.0},{"not_picked":["Creative AI","Rainbow"],"picked":"Machine Learning","floor":16.0},{"not_picked":["Hologram","Cold Snap"],"picked":"Beam Cell","floor":18.0},{"not_picked":["Hologram","Coolheaded"],"picked":"Leap","floor":19.0},{"not_picked":["Skim","Meteor Strike+1"],"picked":"Loop","floor":22.0},{"not_picked":["Coolheaded","Scrape+1"],"picked":"Melter+1","floor":24.0},{"not_picked":["Cold Snap+1","Redo"],"picked":"Rebound+1","floor":27.0},{"not_picked":["Loop","Leap"],"picked":"Go for the Eyes+1","floor":30.0},{"not_picked":["Turbo","Defragment","Rebound+1"],"picked":"Singing Bowl","floor":31.0},{"not_picked":["Rainbow","Reboot"],"picked":"Amplify","floor":33.0},{"not_picked":["Cold Snap+1","Storm+1"],"picked":"Turbo","floor":35.0},{"not_picked":["Sweeping Beam+1","Ball Lightning+1"],"picked":"FTL+1","floor":37.0},{"not_picked":["Hologram","Storm","Cold Snap+1"],"picked":"Singing Bowl","floor":38.0},{"not_picked":["Skim","Compile Driver+1","Steam Power+1"],"picked":"Singing Bowl","floor":41.0},{"not_picked":["Blizzard+1","Turbo+1"],"picked":"Thunder Strike+1","floor":42.0},{"not_picked":["Reinforced Body","Go for the Eyes+1","Streamline+1"],"picked":"Singing Bowl","floor":46.0},{"not_picked":["Doom and Gloom+1","Turbo","Steam+1"],"picked":"Singing Bowl","floor":48}],"player_experience":1120662,"relics_obtained":[{"floor":6.0,"key":"Bromod:ArcaneUltimatum"},{"floor":8.0,"key":"Matryoshka"},{"floor":9.0,"key":"Blood Vial"},{"floor":9.0,"key":"Mercury Hourglass"},{"floor":10.0,"key":"Vajra"},{"floor":10.0,"key":"PreservedInsect"},{"floor":12.0,"key":"Gambling Chip"},{"floor":24.0,"key":"infinitespire:EmpoweringShard"},{"floor":25.0,"key":"Singing Bowl"},{"floor":26.0,"key":"Art of War"},{"floor":31.0,"key":"Ancient Tea Set"},{"floor":41.0,"key":"Lizard Tail"},{"floor":43.0,"key":"Mummified Hand"},{"floor":46.0,"key":"FossilizedHelix"}],"event_choices":[{"damage_healed":0.0,"max_hp_gain":0.0,"max_hp_loss":0.0,"gold_gain":75.0,"event_name":"World of Goop","player_choice":"Gather Gold","floor":2.0,"gold_loss":0.0,"damage_taken":11.0},{"damage_healed":18.0,"max_hp_gain":0.0,"max_hp_loss":0.0,"gold_gain":0.0,"event_name":"The Cleric","player_choice":"Healed","floor":5.0,"gold_loss":35.0,"damage_taken":0.0},{"damage_healed":0.0,"max_hp_gain":0.0,"max_hp_loss":0.0,"gold_gain":250.0,"event_name":"The Joust","player_choice":"Bet on Owner","floor":20.0,"gold_loss":50.0,"damage_taken":0.0},{"damage_healed":0.0,"max_hp_gain":0.0,"max_hp_loss":0.0,"gold_gain":0.0,"event_name":"Mysterious Sphere","player_choice":"Fight","floor":46.0,"gold_loss":0.0,"damage_taken":0.0},{"damage_healed":0.0,"max_hp_gain":0.0,"max_hp_loss":0.0,"gold_gain":0.0,"event_name":"The Woman in Blue","player_choice":"Bought 0 Potions","floor":47.0,"gold_loss":0.0,"damage_taken":0.0}],"is_beta":false,"boss_relics":[{"not_picked":["Empty Cage","Coffee Dripper"],"picked":"Nuclear Battery"},{"not_picked":["Bromod:ArcaneGrace","Sozu"],"picked":"Bromod:ArcaneEnergize"}],"items_purged_floors":[],"is_endless":false,"potions_floor_spawned":[6,12,22,27,35,41,42,46],"ascension_level":12}}