{"host":"6h0diz2ap0m56grs","time":1611273137,"event":{"mods":["2.2 Compatiblity","BaseMod","Colored Map","Marisa????????","Minty Spire (QoL Compilation)","Quick Restart","Replay The Spire","Shop Mod","StSLib","The Servant 0.9.4"],"gold_per_floor":[112,130,130,130,130,168,207,207,207,207,270,335,402,402,402,563,563,618,533,42,91,149,205,294,294,294,294,360,443,511,564,564,699,699,699],"floor_reached":34,"language":"ENG","playtime":906,"items_purged":[],"score":792,"play_id":"517916b0-ec42-41fd-b282-ed1c87522a9c","local_time":"20210121175217","daily_mods":["SealedDeck","Heirloom","Time Dilation","Flight"],"is_ascension_mode":true,"campfire_choices":[{"data":"Barrier","floor":8,"key":"SMITH"},{"data":"SurpressingFire","floor":8,"key":"SMITH"},{"data":"Defy","floor":10,"key":"SMITH"},{"data":"GearUp","floor":10,"key":"SMITH"},{"data":"Orbit","floor":15,"key":"SMITH"},{"data":"GearUp","floor":15,"key":"SMITH"},{"data":"SilverBlades","floor":25,"key":"SMITH"},{"data":"Ricochet","floor":25,"key":"SMITH"},{"data":"SurpressingFire","floor":27,"key":"SMITH"},{"data":"Orbit","floor":27,"key":"SMITH"},{"data":"SoulSculpture","floor":32,"key":"SMITH"},{"data":"Dilation","floor":32,"key":"SMITH"}],"circlet_count":0,"master_deck":["Defy+1","Defy+1","Collapse+1","Starlight+1","Ricochet+1","SurpressingFire+1","Barrier+1","GearUp+1","GearUp+1","Ricochet+1","Orbit+1","Desolation+1","Orbit+1","Dilation","Dilation+1","SilverBlades+1","Manipulate+1","SurpressingFire+1","DualDimension+1","SoulSculpture+1","InstantArmor+1","SilverMatrix"],"relics":["Uniform","replay:Trail_Library","Replay:Arrowhead","Golden Idol","Mercury Hourglass","White Beast Statue","Replay:Bandana","Replay:Baseball","Mirror","Bottled Tornado","Philosopher\u0027s Stone","PocketWatch","Medical Kit","Anchor","MerchantsRug","Mango","PreservedInsect","Replay:Ringing Soul","Whetstone","Girya","Pen Nib","SlaversCollar"],"acts_visited":["Exordium","TheCity","TheBeyond"],"potions_floor_usage":[],"damage_taken":[{"damage":0,"enemies":"Jaw Worm","floor":1,"turns":4},{"damage":0,"enemies":"2 Louse","floor":2,"turns":2},{"damage":8,"enemies":"Gremlin Nob","floor":6,"turns":5},{"damage":3,"enemies":"3 Sentries","floor":7,"turns":4},{"damage":1,"enemies":"Gremlin Nob","floor":11,"turns":3},{"damage":0,"enemies":"3 Sentries","floor":12,"turns":2},{"damage":0,"enemies":"Gremlin Nob","floor":13,"turns":3},{"damage":0,"enemies":"Hexaghost","floor":16,"turns":6},{"damage":0,"enemies":"Spheric Guardian","floor":18,"turns":2},{"damage":0,"enemies":"Chosen","floor":21,"turns":3},{"damage":0,"enemies":"Snake Plant","floor":22,"turns":4},{"damage":0,"enemies":"Replay:Snechameleon","floor":23,"turns":4},{"damage":6,"enemies":"Slavers","floor":24,"turns":3},{"damage":2,"enemies":"Gremlin Leader","floor":28,"turns":3},{"damage":2,"enemies":"Slavers","floor":29,"turns":2},{"damage":0,"enemies":"Gremlin Leader","floor":30,"turns":3},{"damage":0,"enemies":"Centurion and Healer","floor":31,"turns":2},{"damage":0,"enemies":"Champ","floor":33,"turns":4}],"seed_played":"836687954815603050","potions_obtained":[{"floor":1,"key":"BlessingOfTheForge"},{"floor":11,"key":"FairyPotion"},{"floor":12,"key":"Flashbang"},{"floor":13,"key":"Swift Potion"},{"floor":14,"key":"LiquidBronze"},{"floor":14,"key":"DuplicationPotion"},{"floor":21,"key":"Strength Potion"},{"floor":28,"key":"PowerPotion"}],"is_trial":true,"path_per_floor":["M","M","?","?","?","E","E","R","T","R","E","E","E","?","R","B",null,"M","?","$","M","M","E","E","R","T","R","E","E","E","M","R","B",null],"character_chosen":"THE_SERVANT","items_purchased":["Medical Kit","SilverBlades","Anchor","MerchantsRug"],"campfire_rested":0,"item_purchase_floors":[20,20,20,20],"current_hp_per_floor":[65,65,49,36,36,28,25,25,25,25,24,24,24,24,24,24,65,65,65,65,65,65,79,73,73,73,76,77,78,81,81,81,84,94,94],"gold":699,"neow_bonus":"","is_daily":false,"chose_seed":false,"campfire_upgraded":12,"win_rate":0.0,"timestamp":1611273137,"path_taken":["M","M","?","?","?","E","E","R","T","R","E","E","E","?","R","BOSS","M","?","$","M","M","E","E","R","T","R","E","E","E","M","R","BOSS"],"items_purchased_type":["Relic","Card","Relic","Relic"],"build_version":"2020-12-22","purchased_purges":0,"victory":false,"max_hp_per_floor":[65,65,65,65,65,65,65,65,65,65,65,65,65,65,65,65,65,65,65,65,65,65,79,79,79,79,82,85,88,91,91,91,94,94,94],"card_choices":[{"not_picked":["FastForward","Revamp","Potential"],"picked":"SKIP","floor":1},{"not_picked":["TimeWarp","Potential","Defy"],"picked":"SKIP","floor":2},{"not_picked":["TimeWarp","Collapse"],"picked":"Orbit","floor":6},{"not_picked":["Potential","Moondial"],"picked":"Desolation","floor":7},{"not_picked":["ReturningBlade","FanOfKnives","Revamp"],"picked":"SKIP","floor":11},{"not_picked":["TimeWarp","Read"],"picked":"Dilation","floor":12},{"not_picked":["PendulumOfEternity","Spin","Read"],"picked":"SKIP","floor":13},{"not_picked":["Duplication","LightFlow"],"picked":"Dilation","floor":16},{"not_picked":["Deadline","Revamp","Starlight+1"],"picked":"SKIP","floor":18},{"not_picked":["Spin","DoubleEdge"],"picked":"Manipulate+1","floor":21},{"not_picked":["TimeWarp","Potential","FastForward+1"],"picked":"SKIP","floor":22},{"not_picked":["WasteNot","BestPractice","Orbit"],"picked":"SKIP","floor":23},{"not_picked":["ReturningBlade","Rewind","BestPractice"],"picked":"SKIP","floor":24},{"not_picked":["TimeWarp","DoubleEdge"],"picked":"DualDimension+1","floor":28},{"not_picked":["Replace+1","Duplication"],"picked":"SoulSculpture","floor":29},{"not_picked":["FastForward+1","Advance"],"picked":"InstantArmor+1","floor":30},{"not_picked":["ReturningBlade","DoubleEdge+1","FastForward"],"picked":"SKIP","floor":31},{"not_picked":["Deny","FloweringNight"],"picked":"SilverMatrix","floor":33}],"player_experience":227440,"relics_obtained":[{"floor":6,"key":"Mercury Hourglass"},{"floor":7,"key":"White Beast Statue"},{"floor":9,"key":"Replay:Bandana"},{"floor":11,"key":"Replay:Baseball"},{"floor":12,"key":"Mirror"},{"floor":13,"key":"Bottled Tornado"},{"floor":23,"key":"Mango"},{"floor":24,"key":"PreservedInsect"},{"floor":26,"key":"Replay:Ringing Soul"},{"floor":28,"key":"Whetstone"},{"floor":29,"key":"Girya"},{"floor":30,"key":"Pen Nib"}],"event_choices":[{"damage_healed":0,"gold_gain":0,"player_choice":"Take Damage","damage_taken":16,"relics_obtained":["Golden Idol"],"max_hp_gain":0,"max_hp_loss":0,"event_name":"Golden Idol","floor":3,"gold_loss":0},{"damage_healed":0,"gold_gain":0,"player_choice":"Entered Light","damage_taken":13,"max_hp_gain":0,"max_hp_loss":0,"event_name":"Shining Light","floor":4,"gold_loss":0,"cards_upgraded":["Defy","Ricochet"]},{"damage_healed":0,"gold_gain":0,"player_choice":"Grow","damage_taken":0,"max_hp_gain":0,"max_hp_loss":0,"event_name":"Living Wall","floor":5,"gold_loss":0,"cards_upgraded":["Collapse"]},{"damage_healed":0,"gold_gain":0,"player_choice":"Got Potions","damage_taken":0,"max_hp_gain":0,"max_hp_loss":0,"event_name":"Lab","floor":14,"gold_loss":0},{"damage_healed":0,"gold_gain":0,"player_choice":"Obtained Relic","damage_taken":0,"relics_obtained":["PocketWatch"],"max_hp_gain":0,"max_hp_loss":0,"event_name":"Addict","floor":19,"gold_loss":85}],"is_beta":false,"boss_relics":[{"not_picked":["Fusion Hammer","SplendidAttire"],"picked":"Philosopher\u0027s Stone"},{"not_picked":["Tiny House","Velvet Choker"],"picked":"SlaversCollar"}],"items_purged_floors":[],"is_endless":false,"potions_floor_spawned":[1,11,12,13,16,18,21,22,23,24,28,29,30,31,33],"ascension_level":1}}