{"host":"mdnuhe0e3jmsk2w1","time":1611262774,"event":{"mods":["2.2 Compatiblity","BaseMod","Colored Map","DeckTracker","Highlight Path","Keyboard Shortcuts","Minty Spire (QoL Compilation)","Permanent Neow","Quick Restart","StSLib","SuperFastMode"],"gold_per_floor":[113,123,123,48,63,89,101,120,191,366,366,378,207,224,224,325,325,338,21,35,55,70,95,95,114,163,178,189,39,39,39,39,135,135,155,173,191,131,144,144,144,144],"floor_reached":41,"language":"KOR","playtime":2592,"items_purged":["Regret","Defend_P","Defend_P","Doubt"],"score":518,"play_id":"bc7f59f0-316b-485f-bb8d-299c4193359a","local_time":"20210122055934","is_ascension_mode":true,"campfire_choices":[{"data":"Eruption","floor":11,"key":"SMITH"},{"data":"MentalFortress","floor":15,"key":"SMITH"},{"floor":24,"key":"REST"},{"floor":30,"key":"REST"},{"floor":32,"key":"REST"},{"floor":40,"key":"REST"}],"circlet_count":0,"master_deck":["Strike_P+1","Strike_P+1","Strike_P+1","Defend_P+1","Eruption+1","Vigilance","FlurryOfBlows+1","Evaluate+1","DeusExMachina","Tantrum","MentalFortress+1","DeusExMachina","InnerPeace+1","FlurryOfBlows+1","Brilliance+1","Nirvana","Judgement"],"relics":["PureWater","Vajra","Lizard Tail","Mummified Hand","Sozu","TheAbacus","Ancient Tea Set","Bag of Preparation","Astrolabe"],"acts_visited":["Exordium","TheCity","TheBeyond"],"potions_floor_usage":[7,16,16,25,41],"damage_taken":[{"damage":12,"enemies":"Jaw Worm","floor":1,"turns":5},{"damage":0,"enemies":"Cultist","floor":2,"turns":3},{"damage":0,"enemies":"2 Louse","floor":5,"turns":2},{"damage":22,"enemies":"3 Sentries","floor":6,"turns":4},{"damage":0,"enemies":"2 Fungi Beasts","floor":7,"turns":2},{"damage":2,"enemies":"Blue Slaver","floor":8,"turns":4},{"damage":10,"enemies":"Lots of Slimes","floor":12,"turns":4},{"damage":0,"enemies":"Exordium Wildlife","floor":14,"turns":2},{"damage":0,"enemies":"Slime Boss","floor":16,"turns":4},{"damage":32,"enemies":"2 Thieves","floor":18,"turns":3},{"damage":12,"enemies":"Chosen","floor":20,"turns":4},{"damage":19,"enemies":"Snake Plant","floor":21,"turns":5},{"damage":30,"enemies":"Cultist and Chosen","floor":22,"turns":9},{"damage":5,"enemies":"Gremlin Leader","floor":23,"turns":5},{"damage":8,"enemies":"Snecko","floor":25,"turns":3},{"damage":18,"enemies":"Centurion and Healer","floor":27,"turns":5},{"damage":0,"enemies":"Chosen and Byrds","floor":28,"turns":3},{"damage":31,"enemies":"Automaton","floor":33,"turns":5},{"damage":0,"enemies":"Orb Walker","floor":35,"turns":1},{"damage":22,"enemies":"3 Darklings","floor":36,"turns":3},{"damage":11,"enemies":"Sphere and 2 Shapes","floor":37,"turns":4},{"damage":24,"enemies":"Spire Growth","floor":39,"turns":4},{"damage":42,"enemies":"Reptomancer","floor":41,"turns":2}],"seed_played":"-1122265698200830725","potions_obtained":[{"floor":2,"key":"PowerPotion"},{"floor":5,"key":"BottledMiracle"},{"floor":8,"key":"Strength Potion"},{"floor":14,"key":"SkillPotion"},{"floor":16,"key":"DuplicationPotion"}],"is_trial":false,"path_per_floor":["M","M","?","$","M","E","M","M","T","?","R","M","$","M","R","B",null,"M","$","M","M","M","E","R","M","T","M","M","$","R","?","R","B",null,"M","M","M","?","M","R","E"],"character_chosen":"WATCHER","items_purchased":["Tantrum","InnerPeace","TheAbacus"],"campfire_rested":4,"item_purchase_floors":[13,19,19],"current_hp_per_floor":[60,60,60,60,60,38,38,36,36,36,36,26,26,26,26,26,72,40,40,28,9,22,17,38,30,30,12,12,12,33,33,54,23,72,72,50,39,39,15,36,0,0],"gold":144,"neow_bonus":"ONE_RANDOM_RARE_CARD","is_daily":false,"chose_seed":false,"campfire_upgraded":2,"win_rate":0.0,"timestamp":1611262774,"path_taken":["M","M","?","$","M","E","M","M","T","?","R","M","?","M","R","BOSS","M","$","M","M","M","E","R","M","T","M","M","$","R","?","R","BOSS","M","?","?","?","?","R","E"],"items_purchased_type":["Card","Card","Relic"],"build_version":"2020-12-22","purchased_purges":4,"victory":false,"max_hp_per_floor":[72,72,72,72,72,72,72,72,72,72,72,72,72,72,72,72,72,72,72,72,72,72,72,72,72,72,72,72,72,72,72,72,72,72,72,72,72,72,72,72,72,72],"card_choices":[{"not_picked":["Nirvana","Protect"],"picked":"FlurryOfBlows","floor":1},{"not_picked":["CarveReality","CutThroughFate","Worship"],"picked":"SKIP","floor":2},{"not_picked":["EmptyMind","Prostrate","Collect"],"picked":"SKIP","floor":5},{"not_picked":["Conclude","Study","ThirdEye"],"picked":"SKIP","floor":6},{"not_picked":["Indignation","EmptyFist"],"picked":"Evaluate","floor":7},{"not_picked":["Consecrate","ReachHeaven","Worship"],"picked":"SKIP","floor":8},{"not_picked":["CarveReality","EmptyMind"],"picked":"DeusExMachina","floor":12},{"not_picked":["Prostrate","FlurryOfBlows"],"picked":"MentalFortress","floor":14},{"not_picked":["LessonLearned","SpiritShield"],"picked":"DeusExMachina","floor":16},{"not_picked":["ReachHeaven","Swivel","ForeignInfluence"],"picked":"SKIP","floor":18},{"not_picked":["SashWhip","CutThroughFate+1","FlyingSleeves+1"],"picked":"SKIP","floor":20},{"not_picked":["JustLucky","ThirdEye","Sanctity+1"],"picked":"SKIP","floor":21},{"not_picked":["SashWhip+1","Halt"],"picked":"FlurryOfBlows","floor":22},{"not_picked":["Devotion","Study","ThirdEye"],"picked":"SKIP","floor":23},{"not_picked":["CrushJoints","Collect+1","EmptyBody"],"picked":"SKIP","floor":25},{"not_picked":["FlyingSleeves+1","SashWhip","CrushJoints"],"picked":"SKIP","floor":27},{"not_picked":["EmptyFist","SashWhip","Consecrate"],"picked":"SKIP","floor":28},{"not_picked":["EmptyFist+1","DeceiveReality","JustLucky+1"],"picked":"SKIP","floor":35},{"not_picked":["FollowUp+1","WaveOfTheHand","PathToVictory+1"],"picked":"SKIP","floor":36},{"not_picked":["Crescendo","SashWhip+1","Fasting2"],"picked":"SKIP","floor":37},{"not_picked":["EmptyFist","Ragnarok","PathToVictory+1"],"picked":"SKIP","floor":39}],"player_experience":130805,"relics_obtained":[{"floor":6,"key":"Lizard Tail"},{"floor":9,"key":"Mummified Hand"},{"floor":23,"key":"Ancient Tea Set"},{"floor":26,"key":"Bag of Preparation"}],"event_choices":[{"damage_healed":0,"gold_gain":0,"player_choice":"Box","damage_taken":0,"relics_obtained":["Vajra"],"max_hp_gain":0,"max_hp_loss":0,"event_name":"Big Fish","floor":3,"gold_loss":0,"cards_obtained":["Regret"]},{"damage_healed":0,"gold_gain":175,"player_choice":"AGREE","damage_taken":0,"max_hp_gain":0,"max_hp_loss":0,"event_name":"Liars Game","floor":10,"gold_loss":0,"cards_obtained":["Doubt"]},{"damage_healed":0,"gold_gain":0,"player_choice":"Upgraded","damage_taken":0,"max_hp_gain":0,"max_hp_loss":0,"event_name":"Upgrade Shrine","floor":31,"gold_loss":0,"cards_upgraded":["FlurryOfBlows"]},{"damage_healed":0,"gold_gain":0,"cards_transformed":["Wireheading","DeceiveReality"],"player_choice":"Transformed Cards","damage_taken":0,"max_hp_gain":0,"max_hp_loss":0,"event_name":"Designer","floor":38,"gold_loss":60,"cards_obtained":["Nirvana","Judgement"]}],"is_beta":false,"boss_relics":[{"not_picked":["Philosopher\u0027s Stone","Snecko Eye"],"picked":"Sozu"},{"not_picked":["VioletLotus","Tiny House"],"picked":"Astrolabe"}],"items_purged_floors":[4,13,19,29],"is_endless":false,"potions_floor_spawned":[2,5,8,14,16,21,22,23,25,28,37,39],"killed_by":"Reptomancer","ascension_level":2}}