{"host":"auzdvixyoignpx0j","time":1611218535,"event":{"mods":["BaseMod","Better Altar","Better Skull","Better Third Choice","Colored Powertips","Googly Eyes","Minty Spire (QoL Compilation)","Spicy Shops","StSLib","The IronCluck"],"gold_per_floor":[114,128,128,128,128,166,182,182,182],"floor_reached":8,"language":"ENG","playtime":510,"items_purged":[],"score":59,"play_id":"830198c4-0eb7-446a-b0b0-ee8c4e5841cc","local_time":"20210121004215","is_ascension_mode":true,"campfire_choices":[],"circlet_count":0,"master_deck":["Strike_R","Strike_R","Strike_R","Strike_R","Strike_R","Defend_R","Defend_R","Defend_R","Defend_R","Bash","Normality","Demon Form","Thunderclap","Infernal Blade","Regret","Heavy Blade","Seeing Red"],"relics":["Burning Blood","Happy Flower","Golden Idol","Blood Vial","Eternal Feather"],"acts_visited":["Exordium"],"potions_floor_usage":[8,8],"damage_taken":[{"damage":16,"enemies":"Jaw Worm","floor":1,"turns":5},{"damage":12,"enemies":"2 Louse","floor":2,"turns":2},{"damage":45,"enemies":"Gremlin Nob","floor":6,"turns":5},{"damage":5,"enemies":"Small Slimes","floor":7,"turns":4},{"damage":21,"enemies":"Lagavulin","floor":8,"turns":4}],"seed_played":"-8374678959014746317","potions_obtained":[{"floor":6,"key":"DuplicationPotion"},{"floor":7,"key":"Swift Potion"}],"is_trial":false,"path_per_floor":["M","M","?","?","?","E","M","E"],"character_chosen":"IRONCLAD","items_purchased":[],"campfire_rested":0,"item_purchase_floors":[],"current_hp_per_floor":[70,64,52,52,52,15,18,0,0],"gold":182,"neow_bonus":"THREE_RARE_CARDS","is_daily":false,"chose_seed":false,"campfire_upgraded":0,"win_rate":0.0,"timestamp":1611218535,"path_taken":["M","M","?","?","?","E","?","E"],"items_purchased_type":[],"build_version":"2020-12-22","purchased_purges":0,"victory":false,"max_hp_per_floor":[80,80,80,74,74,74,74,74,74],"card_choices":[{"not_picked":["Bludgeon","Exhume"],"picked":"Demon Form","floor":0},{"not_picked":["Warcry","Perfected Strike"],"picked":"Thunderclap","floor":1},{"not_picked":["True Grit","Fire Breathing"],"picked":"Infernal Blade","floor":2},{"not_picked":["Corruption","Havoc"],"picked":"Heavy Blade","floor":6},{"not_picked":["Clash","Bloodletting"],"picked":"Seeing Red","floor":7}],"player_experience":378681,"relics_obtained":[{"floor":6,"key":"Eternal Feather"}],"event_choices":[{"damage_healed":0,"gold_gain":0,"player_choice":"Relic ","damage_taken":12,"max_hp_gain":0,"max_hp_loss":0,"event_name":"betterThird:BetterScrap","floor":3,"gold_loss":0,"cards_obtained":["Buffer"]},{"damage_healed":0,"gold_gain":0,"player_choice":"Lose Max HP","damage_taken":0,"relics_obtained":["Golden Idol"],"max_hp_gain":0,"max_hp_loss":6,"event_name":"Golden Idol","floor":4,"gold_loss":0},{"damage_healed":0,"gold_gain":0,"player_choice":"Box","damage_taken":0,"relics_obtained":["Blood Vial"],"max_hp_gain":0,"max_hp_loss":0,"event_name":"Big Fish","floor":5,"gold_loss":0,"cards_obtained":["Regret"]}],"is_beta":false,"boss_relics":[],"items_purged_floors":[],"is_endless":false,"potions_floor_spawned":[6,7],"killed_by":"Lagavulin","ascension_level":1}}