{"host":"s794kqxf2n1qz2yr","time":1611188590,"event":{"mods":["100% Spire Juice","2.2 Compatiblity","AchievementEnabler","Aspiration","BaseMod","Downfall","Friendly Minions","Hermit","Marisa????????","Minty Spire (QoL Compilation)","Permanent Neow","Spire Arcade","StSLib"],"gold_per_floor":[116,41,41,51,68,68,93,93,116,132,146,156,173,173,173,173,173],"floor_reached":16,"language":"ENG","playtime":4318,"items_purged":["Moonworks:Strike"],"score":129,"play_id":"114ebac7-ecba-4b9e-afdb-02f0e112ff5f","local_time":"20210121002310","is_ascension_mode":false,"campfire_choices":[{"data":"Moonworks:CloudOfSeagulls","floor":6,"key":"SMITH"},{"floor":8,"key":"REST"},{"floor":15,"key":"REST"}],"circlet_count":0,"master_deck":["Moonworks:Strike","Moonworks:Strike","Moonworks:Strike","Moonworks:Defend","Moonworks:Defend+1","Moonworks:Defend+1","Moonworks:Defend","Moonworks:Ambush","Moonworks:LongDistanceShot","Moonworks:JonathanRush","Moonworks:CloudOfSeagulls+1","Moonworks:NicePresent","Moonworks:CloudOfSeagulls","Moonworks:NicePresent","Moonworks:CloudOfSeagulls","Moonworks:CloudOfSeagulls"],"relics":["Moonworks:BrokenBomb","Moonworks:Homemark","aspiration:HummingbirdHeart","War Paint"],"acts_visited":["Exordium"],"potions_floor_usage":[16,16,16],"damage_taken":[{"damage":0,"enemies":"Cultist","floor":1,"turns":3},{"damage":8,"enemies":"Jaw Worm","floor":4,"turns":3},{"damage":4,"enemies":"2 Louse","floor":5,"turns":2},{"damage":33,"enemies":"Gremlin Nob","floor":7,"turns":4},{"damage":12,"enemies":"Gremlin Gang","floor":10,"turns":5},{"damage":4,"enemies":"3 Louse","floor":11,"turns":3},{"damage":9,"enemies":"Looter","floor":12,"turns":3},{"damage":0,"enemies":"Red Slaver","floor":13,"turns":3},{"damage":32,"enemies":"Hexaghost","floor":16,"turns":7}],"seed_played":"7244297153185047229","potions_obtained":[{"floor":7,"key":"LiquidMemories"},{"floor":10,"key":"Fire Potion"},{"floor":12,"key":"Strength Potion"}],"is_trial":false,"path_per_floor":["M","$","?","M","M","R","E","R","T","M","M","M","M","?","R","B"],"character_chosen":"THE_STARBREAKER","items_purchased":[],"campfire_rested":2,"item_purchase_floors":[],"current_hp_per_floor":[60,60,60,52,48,48,15,33,33,21,17,8,8,8,26,0,0],"gold":173,"neow_bonus":"THREE_CARDS","is_daily":false,"chose_seed":false,"campfire_upgraded":1,"win_rate":0.0,"timestamp":1611188590,"path_taken":["M","?","?","M","?","R","E","R","T","M","M","M","M","?","R","BOSS"],"items_purchased_type":[],"build_version":"2020-12-22","purchased_purges":1,"victory":false,"max_hp_per_floor":[60,60,60,60,60,60,60,60,60,60,60,60,60,60,60,60,60],"card_choices":[{"not_picked":["Moonworks:EvilSpyWorkPreparation","Moonworks:ForcedRevival"],"picked":"Moonworks:JonathanRush","floor":0},{"not_picked":["Moonworks:DeployBits","Moonworks:DevilHand"],"picked":"Moonworks:CloudOfSeagulls","floor":1},{"not_picked":["Moonworks:BigMagnum","Moonworks:LulusLuckyEgg"],"picked":"Moonworks:CloudOfSeagulls","floor":4},{"not_picked":["Moonworks:ImOnFire","Moonworks:EvilSpyWorkPreparation"],"picked":"Moonworks:NicePresent","floor":5},{"not_picked":["Moonworks:SakisCookie","Moonworks:DeployBits","Moonworks:ImOnFire"],"picked":"SKIP","floor":7},{"not_picked":["Moonworks:Poppoformation","Moonworks:RedAndBlue","Moonworks:Assault"],"picked":"SKIP","floor":10},{"not_picked":["Moonworks:Flamethrower","Moonworks:MixPhenomenon"],"picked":"Moonworks:CloudOfSeagulls","floor":11},{"not_picked":["Moonworks:Dinner","Moonworks:CookingTime","Moonworks:IndiscriminateFireSupport"],"picked":"SKIP","floor":12},{"not_picked":["Moonworks:RocketCannon","Moonworks:MiracleRedBeanIceCream"],"picked":"Moonworks:CloudOfSeagulls","floor":13}],"player_experience":339060,"relics_obtained":[{"floor":7,"key":"aspiration:HummingbirdHeart"},{"floor":9,"key":"War Paint"}],"event_choices":[{"damage_healed":0,"gold_gain":0,"player_choice":"1 cards matched","damage_taken":0,"max_hp_gain":0,"max_hp_loss":0,"event_name":"Match and Keep!","floor":3,"gold_loss":0,"cards_obtained":["Moonworks:NicePresent"]},{"damage_healed":0,"gold_gain":0,"player_choice":"Ignored","damage_taken":0,"max_hp_gain":0,"max_hp_loss":0,"event_name":"Liars Game","floor":14,"gold_loss":0}],"is_beta":false,"boss_relics":[],"items_purged_floors":[2],"is_endless":false,"potions_floor_spawned":[7,10,12,13],"killed_by":"Hexaghost","ascension_level":0}}