{"host":"t6r1isv2bex5ovch","time":1611246207,"event":{"mods":["AchievementEnabler","Act Like it!","Aspiration","BaseMod","Better Altar","Better Match","Better Note","Better Sensory Stone","Better Skull","Better Third Choice","Better Vampires","Colored Powertips","Displayed Cursed Tome","Evolution","Fox Events","Hubris","Minty Spire (QoL Compilation)","StS++","StSLib","The Jungle"],"gold_per_floor":[114,114,39,0,0,0,32,32,57,77,88,88,106,139,139,139,139],"floor_reached":16,"language":"ENG","playtime":787,"items_purged":["Defend_G"],"score":124,"play_id":"4bb89113-b65b-4634-9910-e500dd2e3f82","local_time":"20210122022327","is_ascension_mode":true,"campfire_choices":[{"floor":6.0,"key":"RECALL"},{"data":"Neutralize","floor":8.0,"key":"SMITH"},{"data":"Noxious Fumes","floor":15.0,"key":"SMITH"}],"circlet_count":0,"master_deck":["Dagger Throw","Strike_G","Strike_G","Strike_G","Strike_G","Defend_G","Defend_G","Defend_G","Survivor","Neutralize+1","Backflip","Enlightenment","Slice","Blade Dance+1","Noxious Fumes+1"],"relics":["Ring of the Snake","EVO:Axolotl","aspiration:Nostalgia","Cracked Core","Bronze Scales","PreservedInsect","Toxic Egg 2","StSpp:GiftCard"],"acts_visited":["Exordium"],"potions_floor_usage":[],"damage_taken":[{"damage":3.0,"enemies":"2 Louse","floor":1.0,"turns":3.0},{"damage":53.0,"enemies":"Lagavulin","floor":7.0,"turns":7.0},{"damage":0.0,"enemies":"Small Slimes","floor":10.0,"turns":2.0},{"damage":1.0,"enemies":"Jaw Worm","floor":11.0,"turns":2.0},{"damage":0.0,"enemies":"2 Fungi Beasts","floor":13.0,"turns":2.0},{"damage":7.0,"enemies":"3 Sentries","floor":14.0,"turns":5.0},{"damage":16,"enemies":"The Guardian","floor":16,"turns":4}],"seed_played":"-3397723771351467162","potions_obtained":[{"floor":10.0,"key":"LiquidMemories"}],"is_trial":false,"path_per_floor":["M","?","$","?","$","R","E","R","T","M","M","T","M","E","R","B"],"character_chosen":"THE_SILENT","items_purchased":[],"campfire_rested":0,"item_purchase_floors":[],"current_hp_per_floor":[67,67,67,73,73,73,20,20,20,20,19,19,19,12,12,0,0],"gold":139,"neow_bonus":"NOSTALGIA","is_daily":false,"chose_seed":false,"campfire_upgraded":2,"win_rate":0.0,"timestamp":1611246207,"path_taken":["M","?","$","?","?","R","E","R","T","M","M","?","?","E","R","BOSS"],"items_purchased_type":[],"build_version":"2020-12-22","purchased_purges":1,"victory":false,"max_hp_per_floor":[70,70,70,76,76,76,76,76,76,76,76,76,76,76,76,76,76],"card_choices":[{"not_picked":["StSpp:StrikeFirst","Cloak And Dagger"],"picked":"Backflip","floor":1.0},{"not_picked":["Prepared","Expertise","Tactician"],"picked":"SKIP","floor":7.0},{"not_picked":["hubris:Sniper","Dagger Throw"],"picked":"Slice","floor":10.0},{"not_picked":["Crippling Poison","StSpp:Dive","Setup"],"picked":"SKIP","floor":11.0},{"not_picked":["Underhanded Strike","Reflex+1"],"picked":"Blade Dance+1","floor":13.0},{"not_picked":["Outmaneuver+1","Infinite Blades"],"picked":"Noxious Fumes","floor":14.0}],"player_experience":352168,"relics_obtained":[{"floor":7.0,"key":"Bronze Scales"},{"floor":9.0,"key":"PreservedInsect"},{"floor":12.0,"key":"Toxic Egg 2"},{"floor":14.0,"key":"StSpp:GiftCard"}],"event_choices":[{"cards_removed":["Defend_G"],"damage_healed":0.0,"max_hp_gain":0.0,"max_hp_loss":0.0,"gold_gain":0.0,"event_name":"Living Wall","player_choice":"Forget","floor":2.0,"gold_loss":0.0,"damage_taken":0.0},{"damage_healed":0.0,"max_hp_gain":0.0,"max_hp_loss":0.0,"gold_gain":0.0,"event_name":"betterThird:BetterSerpent","player_choice":"RENOUNCE","floor":4.0,"gold_loss":39.0,"damage_taken":39.0,"cards_obtained":["Enlightenment"]}],"is_beta":false,"boss_relics":[],"items_purged_floors":[3],"is_endless":false,"potions_floor_spawned":[10],"killed_by":"The Guardian","ascension_level":3}}