{"host":"4hkuu26ltn0le3bk","time":1611193131,"event":{"mods":["100% Spire Juice","Arknights The Spire","Astrologer","BaseMod","BetterRewards","Clockwork Mod","Colored Map","Colored Powertips","Downfall","Friendly Minions","Gremlin Mod","Hermit","Marisa????????","Minty Spire (QoL Compilation)","Quick Restart","StSLib","Td1madao Mod","The Bug Knight","The Construct","The Cursed","The Disciple","The Factory","The Hierophant","The Jungle","The Servant 0.9.4"],"gold_per_floor":[114,189,204,215,215,250,270,281,307,323,323,348,348,361,361,459,459,476,493,511,511,511,511],"floor_reached":22,"language":"ENG","playtime":1425,"items_purged":[],"score":200,"play_id":"a3b8ff3c-9b7e-4a89-a7e6-c87f6f87c3c6","local_time":"20210120203851","is_ascension_mode":false,"campfire_choices":[{"data":"construct:GuardCore","floor":11,"key":"SMITH"},{"data":"construct:BatteryAcid","floor":13,"key":"SMITH"},{"floor":15,"key":"RECALL"}],"circlet_count":0,"master_deck":["construct:Strike_Gold","construct:Strike_Gold","construct:Strike_Gold","construct:Strike_Gold","construct:Strike_Gold","construct:Defend_Gold","construct:Defend_Gold","construct:Defend_Gold","construct:Defend_Gold","construct:Defend_Gold","construct:AttackMode+1","construct:DefenseMode","construct:ClusterMines","construct:Anticipate","construct:BatteryAcid+1","construct:ClusterMines","construct:SyphonStrike","construct:CripplingShot","construct:GuardCore+1","construct:ClusterMines","construct:GatlingGun","construct:ScopeCore","construct:Zapper","construct:ModeShift","construct:Stasis"],"relics":["construct:Cogwheel","Bottled Flame","PreservedInsect","HollowMod:PaleOreRelic","Black Star"],"acts_visited":["Exordium","TheCity"],"potions_floor_usage":[10,12,16,20],"damage_taken":[{"damage":2,"enemies":"Small Slimes","floor":1,"turns":4},{"damage":0,"enemies":"2 Louse","floor":3,"turns":3},{"damage":0,"enemies":"Cultist","floor":4,"turns":4},{"damage":32,"enemies":"Lagavulin","floor":6,"turns":8},{"damage":0,"enemies":"Large Slime","floor":7,"turns":4},{"damage":3,"enemies":"Looter","floor":8,"turns":3},{"damage":9,"enemies":"2 Fungi Beasts","floor":10,"turns":4},{"damage":16,"enemies":"HollowMod:MossKnight","floor":12,"turns":5},{"damage":22,"enemies":"Gremlin Gang","floor":14,"turns":5},{"damage":6,"enemies":"The Guardian","floor":16,"turns":8},{"damage":26,"enemies":"3 Byrds","floor":18,"turns":5},{"damage":19,"enemies":"Shell Parasite","floor":19,"turns":5},{"damage":49,"enemies":"Snake Plant","floor":20,"turns":6},{"damage":29,"enemies":"Chosen and Byrds","floor":22,"turns":4}],"seed_played":"3738241011439314841","potions_obtained":[{"floor":3,"key":"DuplicationPotion"},{"floor":6,"key":"PowerPotion"},{"floor":10,"key":"FairyPotion"},{"floor":12,"key":"PowerPotion"},{"floor":16,"key":"Regen Potion"}],"is_trial":false,"path_per_floor":["M","?","M","M","?","E","M","M","T","M","R","E","R","M","R","B",null,"M","M","M","?","M"],"character_chosen":"THE_CONSTRUCT_MOD","items_purchased":[],"campfire_rested":0,"item_purchase_floors":[],"current_hp_per_floor":[91,80,80,80,80,48,48,45,45,36,36,20,20,27,27,21,93,67,48,14,14,0,0],"gold":511,"neow_bonus":"TEN_PERCENT_HP_BONUS","is_daily":false,"chose_seed":false,"campfire_upgraded":2,"win_rate":0.0,"timestamp":1611193131,"path_taken":["M","?","M","M","?","E","?","M","T","M","R","E","R","M","R","BOSS","M","?","M","?","M"],"items_purchased_type":[],"build_version":"2020-12-22","purchased_purges":0,"victory":false,"max_hp_per_floor":[93,93,93,93,93,93,93,93,93,93,93,93,93,93,93,93,93,93,93,93,93,93,93],"card_choices":[{"not_picked":["construct:HeavyBolt","construct:Forcefield"],"picked":"construct:ClusterMines","floor":1},{"not_picked":["construct:SuppressiveFire","construct:LaserCore"],"picked":"construct:Anticipate","floor":3},{"not_picked":["construct:ForceCore","construct:SuppressiveFire"],"picked":"construct:BatteryAcid","floor":4},{"not_picked":["construct:Dampening","construct:HardReboot"],"picked":"construct:ClusterMines","floor":6},{"not_picked":["construct:Backfire","construct:Versatility"],"picked":"construct:SyphonStrike","floor":7},{"not_picked":["construct:SuppressiveFire","construct:PointDefense"],"picked":"construct:CripplingShot","floor":8},{"not_picked":["construct:Synchronize","construct:OneWayMirror"],"picked":"construct:GuardCore","floor":10},{"not_picked":["construct:SpinDrive","construct:SyphonStrike","construct:OmegaCannon"],"picked":"SKIP","floor":12},{"not_picked":["construct:SyphonStrike","construct:FocusedBeam"],"picked":"construct:ClusterMines","floor":14},{"not_picked":["construct:HyperBeam","construct:PanicFire"],"picked":"construct:GatlingGun","floor":16},{"not_picked":["construct:Boost","construct:Antimatter"],"picked":"construct:ScopeCore","floor":18},{"not_picked":["construct:SuppressiveFire","construct:Forcefield"],"picked":"construct:Zapper","floor":19},{"not_picked":["construct:SweepLaser","construct:Accumulate+1"],"picked":"construct:ModeShift","floor":20}],"player_experience":255743,"relics_obtained":[{"floor":6,"key":"Bottled Flame"},{"floor":9,"key":"PreservedInsect"},{"floor":12,"key":"HollowMod:PaleOreRelic"}],"event_choices":[{"damage_healed":0,"gold_gain":75,"player_choice":"Gather Gold","damage_taken":11,"max_hp_gain":0,"max_hp_loss":0,"event_name":"World of Goop","floor":2,"gold_loss":0},{"damage_healed":0,"gold_gain":0,"player_choice":"Forge","damage_taken":0,"max_hp_gain":0,"max_hp_loss":0,"event_name":"Accursed Blacksmith","floor":5,"gold_loss":0,"cards_upgraded":["construct:AttackMode"]},{"damage_healed":0,"gold_gain":0,"player_choice":"Read","damage_taken":0,"max_hp_gain":0,"max_hp_loss":0,"event_name":"The Library","floor":21,"gold_loss":0,"cards_obtained":["construct:Stasis"]}],"is_beta":false,"boss_relics":[{"not_picked":["bronze:MakeshiftBattery","SacredBark"],"picked":"Black Star"}],"items_purged_floors":[],"is_endless":false,"potions_floor_spawned":[3,6,10,12,16],"killed_by":"Chosen and Byrds","ascension_level":0}}