{"host":"1s3n9odryuenogaq","time":1611201968,"event":{"mods":["AchievementEnabler","BaseMod","BetterRewards","Colored Map","Colored Powertips","Googly Eyes","GungeonMod","Minty Spire (QoL Compilation)","StSLib"],"gold_per_floor":[115,115,130,15,15,15,47,17,17,36,36,36,49,224,224,325,325,335,345,345,345,345],"floor_reached":21,"language":"ENG","playtime":1647,"items_purged":[],"score":177,"play_id":"466b8824-3f77-427d-8d0f-a6d3ecb8215c","local_time":"20210121040608","is_ascension_mode":false,"campfire_choices":[{"floor":6,"key":"RECALL"},{"floor":11,"key":"REST"},{"floor":15,"key":"REST"}],"circlet_count":0,"master_deck":["DemoMod:Strike_Huntress","DemoMod:Strike_Huntress","DemoMod:Defend_Huntress","DemoMod:Defend_Huntress","DemoMod:Defend_Huntress","DemoMod:Roll","DemoMod:ManualReload","DemoMod:RustySidearm","DemoMod:CrossBow","DemoMod:AWP","DemoMod:ChanceBullets+1","DemoMod:Evolver","DemoMod:ZorGun+1","DemoMod:RadGun","DemoMod:HungryBullets","DemoMod:CombinedRifle","DemoMod:JK47","Doubt","DemoMod:FightSabre","DemoMod:Eureka","DemoMod:AC15+1","DemoMod:HuntsMan","Madness","DemoMod:BSG"],"relics":["DemoMod:Dog","DemoMod:GnawedKey","Toy Ornithopter","DemoMod:OrangeGuonStone","Philosopher\u0027s Stone"],"acts_visited":["Exordium","TheCity"],"potions_floor_usage":[7,16,16,16,21],"damage_taken":[{"damage":0,"enemies":"Cultist","floor":1,"turns":2},{"damage":0,"enemies":"Small Slimes","floor":3,"turns":2},{"damage":41,"enemies":"Lagavulin","floor":7,"turns":11},{"damage":0,"enemies":"2 Louse","floor":10,"turns":3},{"damage":4,"enemies":"Blue Slaver","floor":13,"turns":2},{"damage":8,"enemies":"The Guardian","floor":16,"turns":12},{"damage":28,"enemies":"Spheric Guardian","floor":18,"turns":4},{"damage":22,"enemies":"Chosen","floor":19,"turns":5},{"damage":33,"enemies":"Centurion and Healer","floor":21,"turns":6}],"seed_played":"-8297406485963230255","potions_obtained":[{"floor":1,"key":"Weak Potion"},{"floor":7,"key":"Weak Potion"},{"floor":10,"key":"Block Potion"},{"floor":13,"key":"EssenceOfSteel"},{"floor":19,"key":"Explosive Potion"}],"is_trial":false,"path_per_floor":["M","?","M","$","?","R","E","?","T","M","R","$","M","?","R","B",null,"M","M","?","M"],"character_chosen":"HUNTRESS","items_purchased":["DemoMod:GnawedKey"],"campfire_rested":2,"item_purchase_floors":[4],"current_hp_per_floor":[70,70,70,70,56,56,15,15,15,15,36,36,32,32,53,60,70,42,20,20,0,0],"gold":345,"neow_bonus":"TRANSFORM_CARD","is_daily":false,"chose_seed":false,"campfire_upgraded":0,"win_rate":0.0,"timestamp":1611201968,"path_taken":["M","?","M","?","?","R","E","?","T","M","R","$","M","?","R","BOSS","M","M","?","M"],"items_purchased_type":["Relic"],"build_version":"2020-12-22","purchased_purges":0,"victory":false,"max_hp_per_floor":[70,70,70,70,70,70,70,70,70,70,70,70,70,70,70,70,70,70,70,70,70,70],"card_choices":[{"not_picked":["DemoMod:RadGun","DemoMod:DoubleSwitch"],"picked":"DemoMod:ChanceBullets","floor":1},{"not_picked":["DemoMod:GunShield","DemoMod:Ejector"],"picked":"DemoMod:ZorGun","floor":3},{"not_picked":["DemoMod:PotionOfGunFriendShip","DemoMod:DirectionalPad"],"picked":"DemoMod:RadGun","floor":7},{"not_picked":["DemoMod:SAA","DemoMod:BalloonGun"],"picked":"DemoMod:HungryBullets","floor":7},{"not_picked":["DemoMod:AbyssalTentacle","DemoMod:ConditionalReflex"],"picked":"DemoMod:CombinedRifle","floor":10},{"not_picked":["DemoMod:AWP","DemoMod:TeaPot"],"picked":"DemoMod:JK47","floor":13},{"not_picked":["DemoMod:Behold!","DemoMod:DarkMarker"],"picked":"DemoMod:FightSabre","floor":16},{"not_picked":["DemoMod:Elimentaler","DemoMod:BalloonGun"],"picked":"DemoMod:Eureka","floor":16},{"not_picked":["DemoMod:Ejector","DemoMod:TeaPot"],"picked":"DemoMod:AC15+1","floor":18},{"not_picked":["DemoMod:GunShield","DemoMod:AbyssalTentacle"],"picked":"DemoMod:HuntsMan","floor":19}],"player_experience":925415,"relics_obtained":[{"floor":7,"key":"Toy Ornithopter"},{"floor":9,"key":"DemoMod:OrangeGuonStone"}],"event_choices":[{"cards_removed":["DemoMod:Defend_Huntress"],"damage_healed":0,"gold_gain":0,"player_choice":"Took Card","damage_taken":0,"max_hp_gain":0,"max_hp_loss":0,"event_name":"NoteForYourself","floor":2,"gold_loss":0,"cards_obtained":["DemoMod:Evolver"]},{"damage_healed":0,"gold_gain":0,"player_choice":"Entered Light","damage_taken":14,"max_hp_gain":0,"max_hp_loss":0,"event_name":"Shining Light","floor":5,"gold_loss":0,"cards_upgraded":["DemoMod:ZorGun","DemoMod:ChanceBullets"]},{"damage_healed":0,"gold_gain":0,"player_choice":"Left Gold","damage_taken":0,"max_hp_gain":0,"max_hp_loss":0,"event_name":"World of Goop","floor":8,"gold_loss":30},{"damage_healed":0,"gold_gain":175,"player_choice":"AGREE","damage_taken":0,"max_hp_gain":0,"max_hp_loss":0,"event_name":"Liars Game","floor":14,"gold_loss":0,"cards_obtained":["Doubt"]},{"damage_healed":0,"gold_gain":0,"player_choice":"2 cards matched","damage_taken":0,"max_hp_gain":0,"max_hp_loss":0,"event_name":"Match and Keep!","floor":20,"gold_loss":0,"cards_obtained":["Madness","DemoMod:BSG"]},{"damage_healed":0,"gold_gain":0,"player_choice":"2 cards matched","damage_taken":0,"max_hp_gain":0,"max_hp_loss":0,"event_name":"Match and Keep!","floor":20,"gold_loss":0,"cards_obtained":["Madness","DemoMod:BSG"]}],"is_beta":false,"boss_relics":[{"not_picked":["Empty Cage","SacredBark"],"picked":"Philosopher\u0027s Stone"}],"items_purged_floors":[],"is_endless":false,"potions_floor_spawned":[1,7,10,13,19],"killed_by":"Centurion and Healer","ascension_level":0}}