{"host":"hf83sijwe64ts2lm","time":1611199579,"event":{"mods":["2.2 Compatiblity","BaseMod","Better Altar","Better Match","Better Note","Better Sensory Stone","Better Skull","Better Third Choice","ChefMod","Colored Map","Colored Powertips","Highlight Path","Hubris","Infinite Spire","Minty Spire (QoL Compilation)","Quick Restart","Rare Cards Sparkle","Relic Stats","Replay The Spire","Shop Mod","Spicy Shops","StSLib","Thieving Mod"],"gold_per_floor":[113,113,132,147,166,196,196,231,231,231,244,309,309,309,309,410,410,425,436,99,118,130,130,165,165,165,165,182,182,182,182,182,196,196,300,300,313,333,101,101,112,112,112,112,136,150,150,163,163,179,179,179],"floor_reached":53,"language":"ENG","playtime":1519,"items_purged":[],"score":899,"play_id":"90bb6014-f0e2-4a29-bb48-a3e418372e5c","local_time":"20210120222619","is_ascension_mode":true,"campfire_choices":[{"floor":7.0,"key":"REST"},{"floor":10.0,"key":"REST"},{"floor":13.0,"key":"REST"},{"floor":15.0,"key":"RECALL"},{"floor":23.0,"key":"REST"},{"floor":25.0,"key":"REST"},{"data":"Electrodynamics","floor":25.0,"key":"SMITH"},{"floor":31.0,"key":"REST"},{"data":"hubris:PowerSurge","floor":31.0,"key":"SMITH"},{"floor":34.0,"key":"REST"},{"data":"hubris:PowerSurge","floor":34.0,"key":"SMITH"},{"floor":42.0,"key":"REST"},{"data":"Replay:Parry","floor":42.0,"key":"SMITH"},{"floor":44.0,"key":"REST"},{"data":"Creative AI","floor":44.0,"key":"SMITH"},{"floor":47.0,"key":"REST"},{"data":"Rainbow","floor":49.0,"key":"SMITH"},{"floor":51.0,"key":"REST"}],"circlet_count":0,"master_deck":["Strike_B","Strike_B","Strike_B","Strike_B","Defend_B","Defend_B","Defend_B","Defend_B","Zap+1","Dualcast","Conserve Battery","Melter","Conserve Battery","Capacitor","Coolheaded","Leap","Lockon","Rip and Tear","Barrage","Electrodynamics+1","Barrage","Sweeping Beam","Creative AI+1","Doom and Gloom","Go for the Eyes","Coolheaded","Beam Cell+1","Auto Shields","hubris:PowerSurge+1","hubris:Compulsion","Sickly","infinitespire:Fortify","FIFO Queue","Loop+1","Decay","hubris:PowerSurge+1","Melter","Ball Lightning","Rebound+1","Gash","Hologram","Gash","Storm","Replay:Parry+1","Sunder+1","Self Repair","Chill+1","Ball Lightning","Glacier+1","Tempest+1","Coolheaded","Rainbow+1","ReplaySolidLightProjector+1","Leap+1","Conserve Battery+1","Creative AI"],"relics":["Cracked Core","Strawberry","HornCleat","hubris:GrandSneckoEye","infinitespire:Magic Flask","Cables","Prayer Wheel","Inserter","Prayer Wheel","hubris:Icosahedron","hubris:Towel","DataDisk"],"acts_visited":["Exordium","TheCity","TheBeyond"],"potions_floor_usage":[],"damage_taken":[{"damage":2.0,"enemies":"Jaw Worm","floor":1.0,"turns":3.0},{"damage":0.0,"enemies":"Cultist","floor":3.0,"turns":3.0},{"damage":3.0,"enemies":"2 Louse","floor":4.0,"turns":3.0},{"damage":13.0,"enemies":"Exordium Thugs","floor":5.0,"turns":5.0},{"damage":44.0,"enemies":"Gremlin Nob","floor":6.0,"turns":5.0},{"damage":20.0,"enemies":"3 Sentries","floor":8.0,"turns":7.0},{"damage":0.0,"enemies":"3 Louse","floor":11.0,"turns":4.0},{"damage":34.0,"enemies":"Fading Forest","floor":16.0,"turns":11.0},{"damage":15.0,"enemies":"Shell Parasite","floor":18.0,"turns":4.0},{"damage":10.0,"enemies":"2 Thieves","floor":19.0,"turns":3.0},{"damage":22.0,"enemies":"Centurion and Healer","floor":21.0,"turns":4.0},{"damage":15.0,"enemies":"Cultist and Chosen","floor":22.0,"turns":6.0},{"damage":10.0,"enemies":"Nightmare","floor":24.0,"turns":8.0},{"damage":48.0,"enemies":"Snecko","floor":28.0,"turns":6.0},{"damage":13.0,"enemies":"Snake Plant","floor":33.0,"turns":3.0},{"damage":17.0,"enemies":"Collector","floor":35.0,"turns":5.0},{"damage":0.0,"enemies":"3 Shapes","floor":37.0,"turns":1.0},{"damage":7.0,"enemies":"Orb Walker","floor":38.0,"turns":3.0},{"damage":41.0,"enemies":"4 Shapes","floor":41.0,"turns":4.0},{"damage":28.0,"enemies":"3 Darklings","floor":46.0,"turns":4.0},{"damage":12.0,"enemies":"Sphere and 2 Shapes","floor":48.0,"turns":5.0},{"damage":0.0,"enemies":"Spire Growth","floor":50.0,"turns":6.0},{"damage":25,"enemies":"infinitespire:MassOfShapes","floor":52,"turns":9}],"seed_played":"8200118713850933527","potions_obtained":[{"floor":3.0,"key":"LiquidMemories"},{"floor":4.0,"key":"Weak Potion"},{"floor":6.0,"key":"SkillPotion"},{"floor":12.0,"key":"PotionOfCapacity"},{"floor":12.0,"key":"Energy Potion"},{"floor":12.0,"key":"Explosive Potion"},{"floor":16.0,"key":"Swift Potion"},{"floor":18.0,"key":"Venom Potion"},{"floor":22.0,"key":"Fire Potion"},{"floor":33.0,"key":"PowerPotion"},{"floor":35.0,"key":"LiquidBronze"},{"floor":46.0,"key":"Cursed Concoction"},{"floor":50.0,"key":"GamblersBrew"}],"is_trial":false,"path_per_floor":["M","?","M","M","M","E","R","E","T","R","M","?","R","?","R","B",null,"M","M","$","M","M","R","NM","R","T","?","M","PTL","PTL","R","?","M","R","B",null,"M","M","$","?","M","R","?","R","T","M","R","M","R","M","R","B",null],"character_chosen":"DEFECT","items_purchased":["Creative AI","Doom and Gloom","Go for the Eyes","Coolheaded","Storm","Replay:Parry","Block Potion"],"campfire_rested":11,"item_purchase_floors":[20,20,20,20,39,39,39],"current_hp_per_floor":[73,73,73,70,57,20,44,24,24,48,48,48,72,77,77,51,78,63,53,53,31,16,42,32,58,58,58,10,10,10,36,36,23,49,32,73,73,66,66,66,25,51,51,77,77,49,75,63,63,63,87,62],"gold":179,"neow_bonus":"THREE_CARDS","is_daily":false,"chose_seed":false,"campfire_upgraded":6,"win_rate":0.0,"timestamp":1611199579,"path_taken":["M","?","M","?","M","E","R","E","T","R","M","?","R","?","R","BOSS","M","M","$","M","M","R","NM","R","T","?","M","PTL","PTL","R","?","M","R","BOSS","M","M","$","?","M","R","?","R","T","M","R","M","R","M","R","BOSS"],"items_purchased_type":["Card","Card","Card","Card","Card","Card","Potion"],"build_version":"2020-12-22","purchased_purges":0,"victory":true,"max_hp_per_floor":[75,75,75,75,75,82,82,82,82,82,82,82,82,87,87,87,87,87,87,87,87,87,87,87,87,87,87,87,87,87,87,87,87,87,87,87,87,87,87,87,87,87,87,87,87,87,87,87,87,87,87,87],"relic_stats":{"Inserter":[14],"counters":[23,111],"Prayer Wheel":11,"obtain_stats":[{"DataDisk":45,"HornCleat":8,"Inserter":36,"hubris:Icosahedron":40,"Strawberry":6,"Prayer Wheel":28,"hubris:GrandSneckoEye":17,"infinitespire:Magic Flask":24,"hubris:Towel":43,"Cracked Core":0,"Cables":26},{"DataDisk":19,"HornCleat":6,"Inserter":16,"hubris:Icosahedron":18,"Strawberry":5,"Prayer Wheel":14,"hubris:GrandSneckoEye":8,"infinitespire:Magic Flask":13,"hubris:Towel":19,"Cracked Core":0,"Cables":13},{"DataDisk":87,"HornCleat":26,"Inserter":80,"hubris:Icosahedron":84,"Strawberry":19,"Prayer Wheel":69,"hubris:GrandSneckoEye":41,"infinitespire:Magic Flask":66,"hubris:Towel":87,"Cracked Core":0,"Cables":66}],"Cables":[38,21,11,3,3]},"card_choices":[{"not_picked":["BasicCrystalCard","Leap"],"picked":"Conserve Battery","floor":0.0},{"not_picked":["Redo","Rebound"],"picked":"Melter","floor":1.0},{"not_picked":["Cold Snap","Leap"],"picked":"Conserve Battery","floor":3.0},{"not_picked":["Barrage","Beam Cell"],"picked":"Capacitor","floor":4.0},{"not_picked":["ReplaySort","Chaos"],"picked":"Coolheaded","floor":5.0},{"not_picked":["Crystallizer","Rebound"],"picked":"Leap","floor":6.0},{"not_picked":["Turbo","Conserve Battery"],"picked":"Lockon","floor":8.0},{"not_picked":["Undo","Redo"],"picked":"Rip and Tear","floor":11.0},{"not_picked":["Glacier","Fusion"],"picked":"Barrage","floor":12.0},{"not_picked":["Amplify","Seek"],"picked":"Electrodynamics","floor":16.0},{"not_picked":["Stack","Reprogram+1"],"picked":"Barrage","floor":18.0},{"not_picked":["Steam","Barrage"],"picked":"Sweeping Beam","floor":19.0},{"not_picked":["Conserve Battery","Barrage"],"picked":"Beam Cell+1","floor":21.0},{"not_picked":["Gash","Cold Snap"],"picked":"Auto Shields","floor":22.0},{"not_picked":["Rip and Tear","Coolheaded"],"picked":"hubris:PowerSurge","floor":24.0},{"not_picked":["ReplayTheSpireMod:Chaos Vortex","infinitespire:TheBestDefense"],"picked":"infinitespire:Fortify","floor":27.0},{"not_picked":["Stack+1","Melter"],"picked":"FIFO Queue","floor":28.0},{"not_picked":["Crystallizer+1","Turbo"],"picked":"Loop+1","floor":28.0},{"not_picked":["Cold Snap","White Noise"],"picked":"hubris:PowerSurge","floor":33.0},{"not_picked":["Reinforced Body","Turbo"],"picked":"Melter","floor":33.0},{"not_picked":["hubris:Prefetch","Hyperbeam"],"picked":"ReplayTheSpireMod:Fabricate Wheel","floor":35.0},{"not_picked":["Cold Snap","Sunder"],"picked":"Ball Lightning","floor":37.0},{"not_picked":["Hologram","Compile Driver+1"],"picked":"Rebound+1","floor":37.0},{"not_picked":["BasicCrystalCard+1","Time Bomb"],"picked":"Gash","floor":38.0},{"not_picked":["ReplayTheSpireMod:System Scan","BasicCrystalCard+1"],"picked":"Hologram","floor":38.0},{"not_picked":["Panic Button","All For One"],"picked":"Gash","floor":38.0},{"not_picked":["Blizzard+1","Reinforced Body+1"],"picked":"Sunder+1","floor":41.0},{"not_picked":["Force Field","Gash"],"picked":"Self Repair","floor":41.0},{"not_picked":["Turbo","Aggregate+1"],"picked":"Chill+1","floor":41.0},{"not_picked":["Cold Snap","Conserve Battery"],"picked":"Ball Lightning","floor":46.0},{"not_picked":["Reprogram","Coolheaded"],"picked":"Glacier+1","floor":46.0},{"not_picked":["Hologram","Streamline+1"],"picked":"Tempest+1","floor":46.0},{"not_picked":["Compile Driver","Hologram"],"picked":"Coolheaded","floor":48.0},{"not_picked":["Crystallizer+1","Compile Driver+1"],"picked":"Rainbow","floor":48.0},{"not_picked":["Compile Driver","Sunder"],"picked":"ReplaySolidLightProjector+1","floor":48.0},{"not_picked":["Sweeping Beam+1","Compile Driver+1"],"picked":"Leap+1","floor":50.0},{"not_picked":["Steam+1","Streamline+1"],"picked":"Conserve Battery+1","floor":50.0},{"not_picked":["Cold Snap+1","Panic Button+1"],"picked":"Creative AI","floor":50.0}],"player_experience":131870,"relics_obtained":[{"floor":6.0,"key":"Strawberry"},{"floor":8.0,"key":"HornCleat"},{"floor":24.0,"key":"infinitespire:Magic Flask"},{"floor":26.0,"key":"Cables"},{"floor":45.0,"key":"DataDisk"}],"event_choices":[{"damage_healed":0.0,"max_hp_gain":0.0,"max_hp_loss":0.0,"gold_gain":0.0,"event_name":"Upgrade Shrine","player_choice":"Upgraded","floor":2.0,"gold_loss":0.0,"damage_taken":0.0,"cards_upgraded":["Zap"]},{"damage_healed":0.0,"max_hp_gain":5.0,"max_hp_loss":0.0,"gold_gain":0.0,"event_name":"Big Fish","player_choice":"Donut","floor":14.0,"gold_loss":0.0,"damage_taken":0.0},{"damage_healed":0.0,"max_hp_gain":0.0,"max_hp_loss":0.0,"gold_gain":0.0,"event_name":"betterAltar:BetterAltar","player_choice":" Defy","floor":32.0,"gold_loss":0.0,"damage_taken":0.0,"cards_obtained":["Decay"]}],"is_beta":false,"boss_relics":[{"not_picked":["Pandora\u0027s Box","Coffee Dripper"],"picked":"hubris:GrandSneckoEye"},{"not_picked":["hubris:VirtuousBlindfold","ChewingGum"],"picked":"Inserter"}],"items_purged_floors":[],"is_endless":false,"potions_floor_spawned":[3,4,6,16,18,22,33,35,46,50],"ascension_level":5}}