{"host":"6r3ioyv75hs1gp74","time":1611235271,"event":{"mods":["AchievementEnabler","Act Like it!","BaseMod","Better Sensory Stone","Better Third Choice","Block Reminder","Colored Map","Colored Powertips","Curses Come First","Minty Spire (QoL Compilation)","StSLib"],"gold_per_floor":[112,126,136,151,42,42,58,93,138,150,15,15,29,29,29,144,144,164,164,13,53,87,87,87,118,144,176,195,195,195],"floor_reached":29,"language":"ENG","playtime":2434,"items_purged":["Strike_P","Strike_P","Writhe"],"score":292,"play_id":"81d26483-34d0-4ba6-bafc-e84b3367e198","local_time":"20210121132111","is_ascension_mode":false,"campfire_choices":[{"data":"ClearTheMind","floor":6,"key":"SMITH"},{"floor":15,"key":"REST"},{"floor":24,"key":"REST"}],"circlet_count":0,"master_deck":["Strike_P","Strike_P+1","Defend_P+1","Defend_P+1","Eruption","Vigilance","Indignation+1","ClearTheMind+1","LessonLearned+1","Meditate","Conclude+1","ThirdEye+1","WaveOfTheHand","Swivel","Pray+1","EmptyBody","HandOfGreed","Devotion+1","Crescendo+1","CutThroughFate+1","CarveReality+1","FlurryOfBlows+1","Meditate","Evaluate","ReachHeaven+1","Nirvana","Weave+1"],"relics":["Sozu","Orichalcum","Fusion Hammer","Molten Egg 2","Anchor","Tiny Chest","Boot"],"acts_visited":["Exordium","TheCity"],"potions_floor_usage":[],"damage_taken":[{"damage":0,"enemies":"Cultist","floor":1,"turns":3},{"damage":0,"enemies":"2 Louse","floor":2,"turns":2},{"damage":1,"enemies":"Jaw Worm","floor":3,"turns":3},{"damage":13,"enemies":"3 Louse","floor":4,"turns":3},{"damage":5,"enemies":"Looter","floor":7,"turns":3},{"damage":10,"enemies":"3 Sentries","floor":8,"turns":6},{"damage":4,"enemies":"Blue Slaver","floor":10,"turns":3},{"damage":8,"enemies":"Gremlin Gang","floor":13,"turns":4},{"damage":13,"enemies":"The Guardian","floor":16,"turns":11},{"damage":0,"enemies":"Chosen","floor":18,"turns":4},{"damage":13,"enemies":"2 Thieves","floor":21,"turns":4},{"damage":12,"enemies":"3 Cultists","floor":22,"turns":4},{"damage":0,"enemies":"Book of Stabbing","floor":25,"turns":3},{"damage":56,"enemies":"Gremlin Leader","floor":27,"turns":5},{"damage":0,"enemies":"Snake Plant","floor":28,"turns":3},{"damage":17,"enemies":"Book of Stabbing","floor":29,"turns":3}],"seed_played":"-285658628021872779","potions_obtained":[],"is_trial":false,"path_per_floor":["M","M","M","M","$","R","M","E","T","M","$","?","M","?","R","B",null,"M","?","$","M","M","?","R","E","T","E","M","E"],"character_chosen":"WATCHER","items_purchased":["Conclude","Pray","CutThroughFate+1"],"campfire_rested":2,"item_purchase_floors":[5,11,20],"current_hp_per_floor":[72,72,71,58,58,58,53,43,43,39,39,32,24,24,45,32,72,72,72,72,59,47,47,68,68,68,12,12,0,0],"gold":195,"neow_bonus":"BOSS_RELIC","is_daily":false,"chose_seed":false,"campfire_upgraded":1,"win_rate":0.0,"timestamp":1611235271,"path_taken":["M","M","M","M","$","R","M","E","T","M","?","?","?","?","R","BOSS","M","?","$","M","M","?","R","E","T","E","M","E"],"items_purchased_type":["Card","Card","Card"],"build_version":"2020-12-22","purchased_purges":3,"victory":false,"max_hp_per_floor":[72,72,72,72,72,72,72,72,72,72,72,72,72,72,72,72,72,72,72,72,72,72,72,72,72,72,72,72,72,72],"card_choices":[{"not_picked":["EmptyBody","ClearTheMind"],"picked":"Indignation","floor":1},{"not_picked":["JustLucky","Prostrate"],"picked":"ClearTheMind","floor":2},{"not_picked":["WreathOfFlame","Crescendo"],"picked":"LessonLearned","floor":3},{"not_picked":["Fasting2","Evaluate"],"picked":"Meditate","floor":4},{"not_picked":["CrushJoints","JustLucky"],"picked":"ThirdEye","floor":7},{"not_picked":["Halt","CarveReality"],"picked":"WaveOfTheHand","floor":8},{"not_picked":["BowlingBash","Worship"],"picked":"Swivel","floor":10},{"not_picked":["Consecrate","Perseverance"],"picked":"EmptyBody","floor":13},{"not_picked":["Impatience","Metamorphosis"],"picked":"HandOfGreed","floor":14},{"not_picked":["Establishment","Ragnarok"],"picked":"Devotion","floor":16},{"not_picked":["ClearTheMind","Evaluate+1"],"picked":"Crescendo+1","floor":18},{"not_picked":["Sanctity","Halt"],"picked":"CarveReality+1","floor":21},{"not_picked":["Swivel","Consecrate+1"],"picked":"FlurryOfBlows+1","floor":22},{"not_picked":["CutThroughFate+1","Fasting2"],"picked":"ReachHeaven+1","floor":25},{"not_picked":["SashWhip+1","Sanctity"],"picked":"Nirvana","floor":27},{"not_picked":["ClearTheMind+1","SignatureMove+1"],"picked":"Weave+1","floor":28}],"player_experience":102885,"relics_obtained":[{"floor":8,"key":"Orichalcum"},{"floor":25,"key":"Anchor"},{"floor":26,"key":"Tiny Chest"},{"floor":27,"key":"Boot"}],"event_choices":[{"damage_healed":0,"gold_gain":0,"player_choice":"Damaged","damage_taken":7,"max_hp_gain":0,"max_hp_loss":0,"event_name":"Wheel of Change","floor":12,"gold_loss":0},{"damage_healed":0,"gold_gain":1,"player_choice":"1","damage_taken":0,"max_hp_gain":0,"max_hp_loss":0,"event_name":"betterStone:BetterStone","floor":14,"gold_loss":0},{"damage_healed":0,"gold_gain":0,"player_choice":"Opened","damage_taken":0,"relics_obtained":["Molten Egg 2"],"max_hp_gain":0,"max_hp_loss":0,"event_name":"The Mausoleum","floor":19,"gold_loss":0,"cards_obtained":["Writhe"]},{"damage_healed":0,"gold_gain":0,"cards_transformed":["Defend_P","Defend_P"],"player_choice":"Became Test Subject","damage_taken":0,"max_hp_gain":0,"max_hp_loss":0,"event_name":"Drug Dealer","floor":23,"gold_loss":0,"cards_obtained":["Meditate","Evaluate"]}],"is_beta":false,"boss_relics":[{"not_picked":["Runic Dome","Empty Cage"],"picked":"Fusion Hammer"}],"items_purged_floors":[5,11,20],"is_endless":false,"potions_floor_spawned":[2,4,7,13,25,27,28],"killed_by":"Book of Stabbing","ascension_level":0}}