{"host":"a0d98l75j0h1o085","time":1611269880,"event":{"mods":["AlwaysNeverKeys","BaseMod","Downfall","Highlight Path","Minty Spire (QoL Compilation)","StSLib"],"gold_per_floor":[99,112,112,130,130,158,158,175,185,199,199,215,236,75,91,193,193,193,212,16,16,31,81,81,176,188,188,214,232,232,245,258,359,359,259,274,274,274,274,174,198,223,223,236,136,146,146,73,91,91,91,116,56,56,56,56],"floor_reached":57,"language":"ENG","playtime":10279,"items_purged":["Pain","Guardian:CrystalBeam"],"score":1304,"play_id":"41e8be94-c819-4258-bb49-1d74838fc51b","local_time":"20210121225800","is_ascension_mode":false,"campfire_choices":[{"data":"Guardian:CurlUp","floor":1,"key":"SMITH"},{"data":"Guardian:BodySlam","floor":11,"key":"SMITH"},{"data":"Guardian:DecasProtection","floor":18,"key":"SMITH"},{"floor":35,"key":"RECALL"},{"data":"Guardian:StasisField","floor":40,"key":"SMITH"},{"data":"Guardian:TimeCapacitor","floor":45,"key":"SMITH"},{"data":"Guardian:ShieldCharger","floor":47,"key":"SMITH"},{"data":"Guardian:DecasProtection","floor":54,"key":"SMITH"}],"circlet_count":0,"master_deck":["Guardian:CurlUp+1","Guardian:TwinSlam","Guardian:ShieldCharger+1","Guardian:BodySlam+1","Guardian:StasisField+1","Guardian:DonusPower","Guardian:Planning","Guardian:TimeCapacitor+1","Guardian:TemporalShield","Guardian:TimeSifter","Guardian:DecasProtection+1","Guardian:SpikerProtocol","Guardian:RevengeProtocol","Guardian:PrismaticBarrier+1","Guardian:Repulse+1","Guardian:Planning","Guardian:AncientConstruct","Guardian:Incinerate","downfall:Aged","Writhe","Regret","Guardian:Clone+1","Guardian:Recover+1","Guardian:TemporalShield","Guardian:BronzeOrb","Guardian:TimeSifter","Guardian:DecasProtection+1"],"relics":["Guardian:ModeShifter","Eternal Feather","WarpedTongs","Bag of Preparation","Happy Flower","Odd Mushroom","Pandora\u0027s Box","Enchiridion","The Courier","Bird Faced Urn","Lizard Tail","Peace Pipe","Cursed Key","downfall:HeartBlessingBlue","Guardian:StasisEgg","StrikeDummy","downfall:HeartBlessingRed","Art of War","Turnip","downfall:HeartBlessingGreen","Gambling Chip"],"acts_visited":["Exordium","TheCity","TheBeyond","TheEnding"],"potions_floor_usage":[6,15,33,55,55,56],"damage_taken":[{"damage":0,"enemies":"2 Louse","floor":2,"turns":4},{"damage":1,"enemies":"Cultist","floor":4,"turns":4},{"damage":9,"enemies":"Lagavulin","floor":6,"turns":7},{"damage":4,"enemies":"Jaw Worm","floor":8,"turns":3},{"damage":4,"enemies":"Exordium Wildlife","floor":9,"turns":4},{"damage":0,"enemies":"2 Fungi Beasts","floor":10,"turns":4},{"damage":3,"enemies":"Gremlin Gang","floor":12,"turns":6},{"damage":5,"enemies":"The Mushroom Lair","floor":13,"turns":4},{"damage":10,"enemies":"downfall:FleeingMerchant","floor":14,"turns":4},{"damage":0,"enemies":"Exordium Thugs","floor":15,"turns":5},{"damage":28,"enemies":"DF_ARCHETYPE_STREAMLINE","floor":16,"turns":9},{"damage":0,"enemies":"Spheric Guardian","floor":19,"turns":3},{"damage":0,"enemies":"downfall:FleeingMerchant","floor":20,"turns":4},{"damage":0,"enemies":"Chosen","floor":22,"turns":2},{"damage":0,"enemies":"downfall:FleeingMerchant","floor":25,"turns":2},{"damage":2,"enemies":"Sentry and Sphere","floor":26,"turns":4},{"damage":0,"enemies":"Gremlin Leader","floor":28,"turns":6},{"damage":3,"enemies":"Chosen and Byrds","floor":29,"turns":4},{"damage":0,"enemies":"Snake Plant","floor":31,"turns":4},{"damage":0,"enemies":"3 Cultists","floor":32,"turns":4},{"damage":42,"enemies":"SI_MIRROR_ARCHETYPE","floor":33,"turns":9},{"damage":0,"enemies":"Orb Walker","floor":36,"turns":4},{"damage":21,"enemies":"Nemesis","floor":42,"turns":5},{"damage":0,"enemies":"3 Shapes","floor":44,"turns":3},{"damage":3,"enemies":"Sphere and 2 Shapes","floor":46,"turns":5},{"damage":8,"enemies":"Maw","floor":49,"turns":6},{"damage":50,"enemies":"IC_BLOCK_ARCHETYPE","floor":50,"turns":7},{"damage":6,"enemies":"downfall:CharBossMerchant","floor":52,"turns":6},{"damage":3,"enemies":"downfall:NeowBoss","floor":55,"turns":11},{"damage":0,"enemies":"downfall:NeowBossFinal","floor":56,"turns":9}],"seed_played":"3262418721942550439","potions_obtained":[{"floor":4,"key":"Swift Potion"},{"floor":9,"key":"EssenceOfSteel"},{"floor":13,"key":"DistilledChaos"},{"floor":15,"key":"GamblersBrew"},{"floor":16,"key":"sneckomod:MuddlingPotion"},{"floor":22,"key":"Strength Potion"},{"floor":26,"key":"Block Potion"},{"floor":33,"key":"Energy Potion"}],"is_trial":false,"path_per_floor":["R","M","?","M","?","E","T","M","M","M","R","M","?","$","M","B",null,"R","M","$","?","M","T","T","$","M","?","E","M","T","M","M","B",null,"R","M","?","?","?","R","T","E","?","M","R","M","R","$","M","B",null,"E","$","R","B","B",null],"character_chosen":"GUARDIAN","items_purchased":["Guardian:BronzeOrb","Guardian:PrismaticBarrier","Bird Faced Urn","Guardian:BronzeOrb","Guardian:Gem_Green","Guardian:DecasProtection"],"campfire_rested":0,"item_purchase_floors":[14,20,25,48,48,53],"current_hp_per_floor":[72,72,65,64,64,55,55,51,47,47,56,53,48,38,38,10,96,96,96,96,80,80,80,80,80,90,90,96,96,96,96,96,55,96,106,106,106,106,106,106,106,95,95,106,106,106,106,106,106,59,106,103,103,106,106,106],"gold":56,"neow_bonus":"TWENTY_PERCENT_HP_BONUS","is_daily":false,"chose_seed":false,"campfire_upgraded":7,"win_rate":0.0,"timestamp":1611269880,"path_taken":["R","M","?","M","?","E","T","M","M","?","R","M","?","$","M","BOSS","R","M","$","?","M","?","T","?","M","?","E","?","?","M","M","BOSS","R","M","?","?","?","R","T","E","?","M","R","M","R","$","M","BOSS","E","$","R","BOSS","BOSS"],"items_purchased_type":["Card","Card","Relic","Card","Card","Card"],"build_version":"2020-12-22","purchased_purges":2,"victory":true,"max_hp_per_floor":[96,96,96,96,96,96,96,96,96,96,96,96,96,96,96,96,96,96,96,96,96,96,96,96,96,96,96,96,96,96,96,96,96,96,106,106,106,106,106,106,106,106,106,106,106,106,106,106,106,106,106,106,106,106,106,106],"card_choices":[{"not_picked":["Guardian:PiercingHide","Guardian:Gem_Green"],"picked":"Guardian:ShieldCharger","floor":2},{"not_picked":["Guardian:Gem_Cyan","Guardian:PolyBeam"],"picked":"Guardian:BodySlam","floor":4},{"not_picked":["Guardian:TemporalStrike","Guardian:RollAttack"],"picked":"Guardian:StasisField","floor":6},{"not_picked":["Guardian:TemporalStrike","Guardian:PolyBeam"],"picked":"Guardian:Gem_Yellow","floor":8},{"not_picked":["Guardian:SentryBeam","Guardian:Gem_Crimson"],"picked":"Guardian:DonusPower","floor":9},{"not_picked":["Guardian:RollAttack","Guardian:Gem_Yellow"],"picked":"Guardian:Planning","floor":10},{"not_picked":["Guardian:CrystalBeam","Guardian:RefractedBeam","Guardian:Gem_Lightblue"],"picked":"SKIP","floor":12},{"not_picked":["Guardian:Reroute","Guardian:SentryBeam"],"picked":"Guardian:TimeCapacitor","floor":14},{"not_picked":["Guardian:PolyBeam","Guardian:PrimingBeam"],"picked":"Guardian:TemporalShield","floor":15},{"not_picked":["Guardian:Gem_Synthetic","Guardian:ExploitGems"],"picked":"Guardian:TimeSifter","floor":16},{"not_picked":["Guardian:TemporalStrike+1","Guardian:TimeCapacitor","Guardian:Emergency"],"picked":"SKIP","floor":19},{"not_picked":["Guardian:CrystalBeam","Guardian:Gem_Lightblue"],"picked":"Guardian:Gem_Yellow","floor":20},{"not_picked":["Guardian:CrystalBeam","Guardian:Gem_Red","Guardian:Harden"],"picked":"SKIP","floor":22},{"not_picked":["Guardian:Gem_Lightblue","Guardian:PiercingHide"],"picked":"Guardian:Repulse+1","floor":25},{"not_picked":["Guardian:BronzeArmor","Guardian:Emergency"],"picked":"Guardian:Planning","floor":26},{"not_picked":["Guardian:AncientConstruct","Guardian:CrystalBeam+1"],"picked":"Guardian:Gem_Orange","floor":28},{"not_picked":["Guardian:PolyBeam","Guardian:TemporalStrike"],"picked":"Guardian:Gem_Cyan","floor":29},{"not_picked":["Guardian:MultiBeam+1","Guardian:Recover","Guardian:CrystalBeam+1"],"picked":"SKIP","floor":31},{"not_picked":["Guardian:Gem_Lightblue","Guardian:PrismaticBarrier","Guardian:VentSteam"],"picked":"SKIP","floor":32},{"not_picked":["Guardian:ExploitGems","Guardian:RevengeProtocol"],"picked":"Guardian:AncientConstruct","floor":33},{"not_picked":["Guardian:Gem_Red","Guardian:GuardianWhirl+1"],"picked":"Guardian:Incinerate","floor":36},{"not_picked":["Guardian:RollAttack","Guardian:PrimingBeam"],"picked":"Guardian:Clone+1","floor":42},{"not_picked":["Guardian:SentryBeam","Guardian:Harden"],"picked":"Guardian:Recover+1","floor":44},{"not_picked":["Guardian:Planning","Guardian:RefractedBeam+1"],"picked":"Guardian:TemporalShield","floor":46},{"not_picked":["Guardian:GuardianWhirl","Guardian:ChargeCore","Guardian:RollAttack"],"picked":"SKIP","floor":49},{"not_picked":["Guardian:AncientConstruct","Guardian:ChargeCore+1"],"picked":"Guardian:TimeSifter","floor":52}],"player_experience":779120,"relics_obtained":[{"floor":6,"key":"Bag of Preparation"},{"floor":7,"key":"Happy Flower"},{"floor":13,"key":"Odd Mushroom"},{"floor":21,"key":"Enchiridion"},{"floor":24,"key":"The Courier"},{"floor":28,"key":"Lizard Tail"},{"floor":30,"key":"Peace Pipe"},{"floor":38,"key":"StrikeDummy"},{"floor":41,"key":"Art of War"},{"floor":42,"key":"Turnip"},{"floor":52,"key":"Gambling Chip"}],"event_choices":[{"damage_healed":0,"gold_gain":0,"player_choice":"Success","damage_taken":7,"relics_obtained":["Eternal Feather"],"max_hp_gain":0,"max_hp_loss":0,"event_name":"Scrap Ooze","floor":3,"gold_loss":0},{"damage_healed":0,"gold_gain":0,"player_choice":"Fought Mushrooms","damage_taken":0,"max_hp_gain":0,"max_hp_loss":0,"event_name":"Mushrooms","floor":13,"gold_loss":0},{"cards_removed":["Guardian:BronzeOrb"],"damage_healed":0,"gold_gain":0,"player_choice":"Removed Attack","damage_taken":0,"max_hp_gain":0,"max_hp_loss":0,"event_name":"Falling","floor":39,"gold_loss":0}],"is_beta":false,"boss_relics":[{"not_picked":["Snecko Eye","bronze:MakeshiftBattery"],"picked":"Pandora\u0027s Box"},{"not_picked":["Black Star","SlaversCollar"],"picked":"Cursed Key"}],"items_purged_floors":[14,20],"is_endless":false,"potions_floor_spawned":[4,9,13,15,16,22,26,32,33,36,46,49,52],"ascension_level":0}}