{"host":"9b7hrp48q3pna783","time":1611202353,"event":{"mods":["BaseMod","Colored Map","Colored Powertips","Highlight Path","Minty Spire (QoL Compilation)","Relic Stats"],"gold_per_floor":[112,122,135,21,38,63,63,80,80,96,96,123,139,139,139,241,241,255,267,5,5,15,15,30,30,57,73,108,108,108,126,126,126,126],"floor_reached":33,"language":"ENG","playtime":1952,"items_purged":["Strike_G"],"score":309,"play_id":"e2a6f1c0-ce63-463f-8e07-785610ac9a3d","local_time":"20210120231233","is_ascension_mode":true,"campfire_choices":[{"data":"Deadly Poison","floor":7,"key":"SMITH"},{"data":"Infinite Blades","floor":11,"key":"SMITH"},{"floor":15,"key":"REST"},{"data":"After Image","floor":23,"key":"SMITH"},{"floor":25,"key":"REST"},{"floor":29,"key":"REST"},{"data":"Envenom","floor":32,"key":"SMITH"}],"circlet_count":0,"master_deck":["Strike_G+1","Strike_G","Strike_G+1","Strike_G","Defend_G","Defend_G","Defend_G","Defend_G","Defend_G","Survivor","Neutralize","Footwork","Deadly Poison+1","Infinite Blades+1","Well Laid Plans","Acrobatics","Blur","Envenom+1","Escape Plan","Burst","After Image+1","Backflip","Prepared+1","Noxious Fumes+1","Tactician+1","Catalyst+1"],"relics":["Ring of the Snake","NeowsBlessing","Anchor","The Courier","Sozu","Shuriken","Whetstone","Toxic Egg 2"],"acts_visited":["Exordium","TheCity"],"potions_floor_usage":[5,6,12,12,16],"damage_taken":[{"damage":0,"enemies":"Jaw Worm","floor":1,"turns":1},{"damage":0,"enemies":"Cultist","floor":2,"turns":1},{"damage":0,"enemies":"2 Louse","floor":3,"turns":1},{"damage":0,"enemies":"Large Slime","floor":5,"turns":7},{"damage":22,"enemies":"Lagavulin","floor":6,"turns":7},{"damage":0,"enemies":"Looter","floor":8,"turns":4},{"damage":0,"enemies":"2 Fungi Beasts","floor":10,"turns":5},{"damage":32,"enemies":"Gremlin Nob","floor":12,"turns":4},{"damage":7,"enemies":"Red Slaver","floor":13,"turns":4},{"damage":26,"enemies":"The Guardian","floor":16,"turns":9},{"damage":11,"enemies":"Spheric Guardian","floor":18,"turns":7},{"damage":26,"enemies":"Chosen","floor":19,"turns":8},{"damage":5,"enemies":"Snake Plant","floor":22,"turns":6},{"damage":24,"enemies":"Snecko","floor":24,"turns":7},{"damage":0,"enemies":"Centurion and Healer","floor":27,"turns":7},{"damage":12,"enemies":"Book of Stabbing","floor":28,"turns":7},{"damage":5,"enemies":"Cultist and Chosen","floor":31,"turns":5},{"damage":41,"enemies":"Collector","floor":33,"turns":5}],"seed_played":"-2109678347098808824","potions_obtained":[{"floor":1,"key":"Block Potion"},{"floor":3,"key":"Strength Potion"},{"floor":5,"key":"PowerPotion"},{"floor":8,"key":"CunningPotion"},{"floor":10,"key":"Ancient Potion"},{"floor":13,"key":"Regen Potion"}],"is_trial":false,"path_per_floor":["M","M","M","$","M","E","R","M","T","M","R","E","M","?","R","B",null,"M","M","$","?","M","R","M","R","T","M","E","R","?","M","R","B"],"character_chosen":"THE_SILENT","items_purchased":["Well Laid Plans","Shuriken","Noxious Fumes"],"campfire_rested":3,"item_purchase_floors":[4,20,20],"current_hp_per_floor":[70,70,70,70,70,48,48,48,48,48,48,16,9,9,30,19,70,59,33,33,33,28,28,4,25,25,25,13,34,34,29,29,0,0],"gold":126,"neow_bonus":"THREE_ENEMY_KILL","is_daily":false,"chose_seed":false,"campfire_upgraded":4,"win_rate":0.0,"timestamp":1611202353,"path_taken":["M","M","M","$","M","E","R","M","T","M","R","E","M","?","R","BOSS","M","M","$","?","?","R","M","R","T","M","E","R","?","M","R","BOSS"],"items_purchased_type":["Card","Relic","Card"],"build_version":"2020-12-22","purchased_purges":1,"victory":false,"max_hp_per_floor":[70,70,70,70,70,70,70,70,70,70,70,70,70,70,70,70,70,70,70,70,70,70,70,70,70,70,70,70,70,70,70,70,70,70],"relic_stats":{"Sozu":4,"counters":[18,95],"Shuriken":[11],"Whetstone":["Strike_G","Strike_G"],"obtain_stats":[{"Sozu":17,"Anchor":6,"NeowsBlessing":0,"Shuriken":20,"The Courier":12,"Whetstone":26,"Toxic Egg 2":28,"Ring of the Snake":0},{"Sozu":10,"Anchor":5,"NeowsBlessing":0,"Shuriken":12,"The Courier":8,"Whetstone":14,"Toxic Egg 2":16,"Ring of the Snake":0},{"Sozu":43,"Anchor":17,"NeowsBlessing":0,"Shuriken":58,"The Courier":30,"Whetstone":71,"Toxic Egg 2":85,"Ring of the Snake":0}],"Ring of the Snake":[36]},"card_choices":[{"not_picked":["Crippling Poison","Reflex"],"picked":"Footwork","floor":1},{"not_picked":["Underhanded Strike","Escape Plan"],"picked":"Deadly Poison","floor":2},{"not_picked":["Choke","Distraction"],"picked":"Infinite Blades","floor":3},{"not_picked":["Dagger Spray","Underhanded Strike"],"picked":"Acrobatics","floor":5},{"not_picked":["Expertise","Well Laid Plans"],"picked":"Blur","floor":6},{"not_picked":["Infinite Blades","Flying Knee","Eviscerate"],"picked":"SKIP","floor":8},{"not_picked":["Blur","Footwork","Expertise"],"picked":"SKIP","floor":10},{"not_picked":["Concentrate","Escape Plan"],"picked":"Envenom","floor":12},{"not_picked":["Infinite Blades","Sucker Punch"],"picked":"Escape Plan","floor":13},{"not_picked":["Envenom","Doppelganger"],"picked":"After Image","floor":16},{"not_picked":["Outmaneuver+1","Riddle With Holes"],"picked":"Backflip","floor":18},{"not_picked":["Sucker Punch+1","Tactician"],"picked":"Prepared+1","floor":19},{"not_picked":["Bane+1","Dagger Throw","Acrobatics"],"picked":"SKIP","floor":22},{"not_picked":["PiercingWail","Bane","Poisoned Stab"],"picked":"SKIP","floor":24},{"not_picked":["Heel Hook","Escape Plan"],"picked":"Tactician+1","floor":27},{"not_picked":["Bullet Time+1","Setup+1"],"picked":"Catalyst+1","floor":28},{"not_picked":["Deflect+1","Poisoned Stab","Finisher"],"picked":"SKIP","floor":31}],"player_experience":100990,"relics_obtained":[{"floor":6,"key":"Anchor"},{"floor":12,"key":"The Courier"},{"floor":26,"key":"Whetstone"},{"floor":28,"key":"Toxic Egg 2"}],"event_choices":[{"damage_healed":0,"gold_gain":0,"player_choice":"1 cards matched","damage_taken":0,"max_hp_gain":0,"max_hp_loss":0,"event_name":"Match and Keep!","floor":14,"gold_loss":0,"cards_obtained":["Burst"]},{"damage_healed":0,"gold_gain":0,"player_choice":"Upgraded","damage_taken":0,"max_hp_gain":0,"max_hp_loss":0,"event_name":"Upgrade Shrine","floor":21,"gold_loss":0,"cards_upgraded":["Noxious Fumes"]},{"damage_healed":0,"gold_gain":0,"player_choice":"Ignored","damage_taken":0,"max_hp_gain":0,"max_hp_loss":0,"event_name":"Vampires","floor":30,"gold_loss":0}],"is_beta":false,"boss_relics":[{"not_picked":["Calling Bell","Pandora\u0027s Box"],"picked":"Sozu"}],"items_purged_floors":[4],"is_endless":false,"potions_floor_spawned":[1,3,5,8,10,13,22,24,28,31],"killed_by":"Collector","ascension_level":2}}