{"host":"Zandorum","time":1611226206,"event":{"mods":["100% Spire Juice","2.2 Compatiblity","Act Like it!","Bard","BaseMod","Hermit","Hubris","Jorbs\u0027s Wanderer Trilogy","Mimic Mod","Minty Spire (QoL Compilation)","Quick Restart","Rare Cards Sparkle","Reorder Act Four","Somnambulant","StSLib","The Cursed","The Disciple","The Hierophant","The Jungle","The Runesmith"],"gold_per_floor":[117,117,134,151,151,151,186,66,66,84,84,98,98,123,123,248,248,269,269,269,283,283,283,298,298,368,368,368,71,106,121,121,246,6,29,29,29,52,385,385,404,404,404,418,428,439,112,125,125,125],"floor_reached":51,"language":"ENG","playtime":1510,"items_purged":["Moonworks:Strike"],"score":738,"play_id":"9905d272-16f1-4404-b8f3-4f6cc7b14a24","local_time":"20210121025006","is_ascension_mode":false,"campfire_choices":[{"data":"Moonworks:NicePresent","floor":6,"key":"SMITH"},{"data":"Moonworks:BackdoorTrade","floor":8,"key":"SMITH"},{"data":"Moonworks:GoAway","floor":15,"key":"SMITH"},{"data":"Vengeance","floor":23,"key":"SMITH"},{"data":"Moonworks:Ambush","floor":25,"key":"SMITH"},{"data":"Moonworks:LongDistanceShot","floor":28,"key":"SMITH"},{"data":"Moonworks:NicePresent","floor":32,"key":"SMITH"},{"data":"Moonworks:FullSpeedAlicianrone","floor":40,"key":"SMITH"},{"data":"Moonworks:NicePresent","floor":42,"key":"SMITH"},{"floor":49,"key":"REST"}],"circlet_count":0,"master_deck":["Moonworks:Strike","Moonworks:Strike","Moonworks:Strike","Moonworks:Defend","Moonworks:Defend","Moonworks:Defend","Moonworks:Defend","Moonworks:Ambush+1","Moonworks:LongDistanceShot+1","Moonworks:NicePresent+1","Moonworks:BackdoorTrade+1","Moonworks:FullSpeedAlicianrone+1","Moonworks:GoAway+1","Moonworks:CompletionReward+1","Moonworks:DeployBits","Vengeance+1","Moonworks:AngelHand","Moonworks:CompletionReward+1","Moonworks:NicePresent+1","Moonworks:NicePresent+1"],"relics":["Moonworks:BrokenBomb","Moonworks:Homemark","NeowsBlessing","hubris:PeanutButter","Spirit Poop","hubris:GlazedTorus","Blue Candle","Sozu","Mercury Hourglass","Runesmith:Nanobots","Ancient Tea Set","Matryoshka","hubris:Towel","hubris:Reverence","hubris:SlimyHat","Shuriken"],"acts_visited":["Exordium","TheCity","TheBeyond"],"potions_floor_usage":[14,16,27],"damage_taken":[{"damage":0,"enemies":"2 Louse","floor":1,"turns":1},{"damage":0,"enemies":"Cultist","floor":3,"turns":1},{"damage":0,"enemies":"Small Slimes","floor":4,"turns":2},{"damage":25,"enemies":"Lagavulin","floor":7,"turns":8},{"damage":0,"enemies":"Red Slaver","floor":10,"turns":4},{"damage":0,"enemies":"3 Louse","floor":12,"turns":2},{"damage":0,"enemies":"Blue Slaver","floor":14,"turns":2},{"damage":34,"enemies":"The Guardian","floor":16,"turns":10},{"damage":0,"enemies":"Chosen","floor":18,"turns":3},{"damage":0,"enemies":"Shell Parasite","floor":21,"turns":2},{"damage":0,"enemies":"Snake Plant","floor":24,"turns":2},{"damage":0,"enemies":"Slavers","floor":27,"turns":1},{"damage":0,"enemies":"Gremlin Leader","floor":30,"turns":3},{"damage":5,"enemies":"Centurion and Healer","floor":31,"turns":3},{"damage":27,"enemies":"Champ","floor":33,"turns":5},{"damage":5,"enemies":"3 Shapes","floor":35,"turns":2},{"damage":0,"enemies":"Orb Walker","floor":38,"turns":2},{"damage":0,"enemies":"Sphere and 2 Shapes","floor":41,"turns":3},{"damage":13,"enemies":"4 Shapes","floor":44,"turns":2},{"damage":0,"enemies":"3 Darklings","floor":45,"turns":2},{"damage":0,"enemies":"Spire Growth","floor":46,"turns":2},{"damage":0,"enemies":"Writhing Mass","floor":48,"turns":3},{"damage":19,"enemies":"Time Eater","floor":50,"turns":4}],"seed_played":"4994560329114596641","potions_obtained":[{"floor":1,"key":"LiquidMemories"},{"floor":4,"key":"AttackPotion"},{"floor":16,"key":"SmokeBomb"}],"is_trial":false,"path_per_floor":["M","?","M","M","?","R","E","R","T","M","?","M","?","M","R","B",null,"M","?","?","M","?","R","M","R","T","E","R","$","E","M","R","B",null,"M","T","?","M","?","R","M","R","T","M","M","M","$","M","R","B",null],"character_chosen":"THE_STARBREAKER","items_purchased":["Moonworks:NicePresent","Runesmith:Nanobots","Shuriken"],"campfire_rested":1,"item_purchase_floors":[29,29,47],"current_hp_per_floor":[60,60,60,60,60,60,35,35,35,35,35,35,35,35,35,1,56,56,56,56,56,56,56,56,56,56,56,56,56,56,51,51,24,56,51,51,51,51,51,51,51,51,51,38,38,38,38,38,54,35],"gold":125,"neow_bonus":"THREE_ENEMY_KILL","is_daily":false,"chose_seed":false,"campfire_upgraded":9,"win_rate":0.0,"timestamp":1611226206,"path_taken":["M","?","M","M","?","R","E","R","T","?","?","?","?","M","R","BOSS","M","?","?","M","?","R","M","R","T","E","R","$","E","M","R","BOSS","M","?","?","M","?","R","M","R","T","M","M","M","$","M","R","BOSS"],"items_purchased_type":["Card","Relic","Relic"],"build_version":"2020-12-18","purchased_purges":1,"victory":true,"max_hp_per_floor":[60,60,60,60,60,60,60,60,60,60,60,60,56,56,56,56,56,56,56,56,56,56,56,56,56,56,56,56,56,56,56,56,56,56,56,56,56,56,56,56,56,56,56,56,56,56,56,56,56,56],"card_choices":[{"not_picked":["Moonworks:RedAndBlue","Moonworks:SakisCookie","Moonworks:ImOnFire"],"picked":"SKIP","floor":1},{"not_picked":["Moonworks:TacticalRetreat","Moonworks:UnpaidWork"],"picked":"Moonworks:NicePresent","floor":3},{"not_picked":["Moonworks:DeployBits","Moonworks:BigMagnum","Moonworks:LulusLuckyEgg"],"picked":"SKIP","floor":4},{"not_picked":["Moonworks:ImOnFire","Moonworks:JonathanRush"],"picked":"Moonworks:BackdoorTrade","floor":7},{"not_picked":["Moonworks:JonathanRush","Moonworks:CastOff"],"picked":"Moonworks:FullSpeedAlicianrone","floor":10},{"not_picked":["Moonworks:Gamble","Moonworks:IndiscriminateFireSupport"],"picked":"Moonworks:CompletionReward","floor":12},{"not_picked":["Moonworks:Heat300Percent","Moonworks:JonathanRush"],"picked":"Moonworks:DeployBits","floor":14},{"not_picked":["Moonworks:LulusLuckyEgg+1","Moonworks:Assault","Moonworks:CloudOfSeagulls"],"picked":"SKIP","floor":18},{"not_picked":["Moonworks:DeployBits","Moonworks:EvilSpyWorkPreparation"],"picked":"Moonworks:AngelHand","floor":21},{"not_picked":["Moonworks:LulusLuckyEgg","Moonworks:Dinner","Moonworks:JonathanRush"],"picked":"SKIP","floor":24},{"not_picked":["Moonworks:StiffCrystal","Moonworks:SinkOrSwim","Moonworks:BindingChains"],"picked":"SKIP","floor":30},{"not_picked":["Moonworks:CloudOfSeagulls","Moonworks:BigMagnum","Moonworks:DeployBits"],"picked":"SKIP","floor":31},{"not_picked":["Moonworks:EvilSpyWorkPreparation+1","Moonworks:BigMagnum"],"picked":"Moonworks:NicePresent","floor":35},{"not_picked":["Moonworks:IndiscriminateFireSupport","Moonworks:ImOnFire","Moonworks:JonathanRush"],"picked":"SKIP","floor":38},{"not_picked":["Moonworks:BigMagnum","Moonworks:Poppoformation","Moonworks:SakisCookie+1"],"picked":"SKIP","floor":41},{"not_picked":["Moonworks:Dinner","Moonworks:DeployBits","Moonworks:SakisCookie"],"picked":"SKIP","floor":44},{"not_picked":["Moonworks:BigMagnum","Moonworks:LulusLuckyEgg+1","Moonworks:SakisCookie"],"picked":"SKIP","floor":45},{"not_picked":["Moonworks:ForcedRevival+1","Moonworks:JonathanRush+1","Moonworks:DeployBits"],"picked":"SKIP","floor":46},{"not_picked":["Moonworks:DeployBits+1","Moonworks:Poppoformation+1","Moonworks:SelfDestruct+1"],"picked":"SKIP","floor":48}],"player_experience":160066,"relics_obtained":[{"floor":7,"key":"hubris:GlazedTorus"},{"floor":9,"key":"Blue Candle"},{"floor":26,"key":"Mercury Hourglass"},{"floor":30,"key":"Ancient Tea Set"},{"floor":36,"key":"Matryoshka"},{"floor":43,"key":"hubris:Reverence"},{"floor":43,"key":"hubris:SlimyHat"}],"event_choices":[{"damage_healed":0,"gold_gain":0,"player_choice":"Box","damage_taken":0,"relics_obtained":["hubris:PeanutButter"],"max_hp_gain":0,"max_hp_loss":0,"event_name":"Big Fish","floor":2,"gold_loss":0,"cards_obtained":["Regret"]},{"cards_removed":["Regret"],"damage_healed":0,"gold_gain":0,"player_choice":"Offered Curse","damage_taken":0,"relics_obtained":["Spirit Poop"],"max_hp_gain":0,"max_hp_loss":0,"event_name":"Bonfire Elementals","floor":5,"gold_loss":0},{"damage_healed":0,"gold_gain":0,"player_choice":"1 cards matched","damage_taken":0,"max_hp_gain":0,"max_hp_loss":0,"event_name":"Match and Keep!","floor":11,"gold_loss":0,"cards_obtained":["Moonworks:GoAway"]},{"damage_healed":0,"gold_gain":0,"player_choice":"Lose Max HP","damage_taken":0,"relics_obtained":["Golden Idol"],"max_hp_gain":0,"max_hp_loss":4,"event_name":"Golden Idol","floor":13,"gold_loss":0},{"damage_healed":0,"gold_gain":0,"player_choice":"Read","damage_taken":0,"max_hp_gain":0,"max_hp_loss":0,"event_name":"The Library","floor":20,"gold_loss":0,"cards_obtained":["Vengeance"]},{"damage_healed":0,"gold_gain":0,"player_choice":"Copied","damage_taken":0,"max_hp_gain":0,"max_hp_loss":0,"event_name":"Duplicator","floor":22,"gold_loss":0,"cards_obtained":["Moonworks:CompletionReward"]},{"damage_healed":0,"gold_gain":333,"player_choice":"Gave Idol","damage_taken":0,"max_hp_gain":0,"max_hp_loss":0,"event_name":"The Moai Head","floor":39,"relics_lost":["Golden Idol"],"gold_loss":0}],"is_beta":true,"boss_relics":[{"not_picked":["Coffee Dripper","Velvet Choker"],"picked":"Sozu"},{"not_picked":["Runic Dome","Cursed Key","hubris:HollowSoul"]}],"items_purged_floors":[47],"is_endless":false,"potions_floor_spawned":[1,4,16,21,27,31,33,38,44,46,48],"ascension_level":0}}