{"host":"2zt55z1m1j8q763w","time":1611227958,"event":{"mods":["AchievementEnabler","BaseMod","Highlight Path","Minty Spire (QoL Compilation)","Relic Stats"],"gold_per_floor":[112,112,124,124,138,176,176,2,27,46,46,46,70,94,94,213,213,213,153,153,153,153,153,153,153,153,153,153,31,31,31,31,31,31,31,31,31,31,31,31,31,31,31,31,31,31,31,31,31,31,31],"floor_reached":50,"language":"ENG","playtime":4936,"items_purged":["All For One"],"score":482,"play_id":"e62aadc6-31c8-461c-8a1c-270e7725d1e7","local_time":"20210121121918","is_ascension_mode":false,"campfire_choices":[{"data":"Sweeping Beam","floor":7.0,"key":"SMITH"},{"floor":12.0,"key":"REST"},{"data":"Leap","floor":15.0,"key":"SMITH"},{"data":"Defragment","floor":23,"key":"SMITH"},{"data":"Coolheaded","floor":25,"key":"SMITH"},{"floor":32,"key":"REST"},{"data":"Defragment","floor":40,"key":"SMITH"},{"data":"Electrodynamics","floor":42,"key":"SMITH"},{"floor":49,"key":"REST"}],"circlet_count":0,"master_deck":["Strike_B","Strike_B","Defend_B","Defend_B+1","Defend_B","Zap","Dualcast","Auto Shields+1","Go for the Eyes","Rebound","Sweeping Beam+1","Hologram","Leap+1","Coolheaded+1","Cold Snap","Melter+1","Defragment+1","Conserve Battery","Conserve Battery","Self Repair","Chaos+1","Cold Snap","Sweeping Beam+1","Electrodynamics+1","Conserve Battery+1","Defragment+1","Hologram+1","Melter","Go for the Eyes+1","Echo Form","Compile Driver+1","Redo+1","Doom and Gloom+1"],"relics":["Cracked Core","Golden Idol","Toy Ornithopter","Happy Flower","Ancient Tea Set","Ectoplasm","Enchiridion","Calipers","Sozu","Lantern","Old Coin","Pocketwatch"],"acts_visited":["Exordium","TheCity","TheBeyond"],"potions_floor_usage":[20,33,50],"damage_taken":[{"damage":2.0,"enemies":"2 Louse","floor":1.0,"turns":2.0},{"damage":0.0,"enemies":"Small Slimes","floor":3.0,"turns":3.0},{"damage":1.0,"enemies":"Cultist","floor":5.0,"turns":4.0},{"damage":16.0,"enemies":"Lagavulin","floor":6.0,"turns":11.0},{"damage":0.0,"enemies":"3 Louse","floor":10.0,"turns":3.0},{"damage":2.0,"enemies":"Looter","floor":14.0,"turns":3.0},{"damage":42.0,"enemies":"Slime Boss","floor":16.0,"turns":13.0},{"damage":0.0,"enemies":"Shell Parasite","floor":18.0,"turns":6.0},{"damage":11.0,"enemies":"2 Thieves","floor":19.0,"turns":4.0},{"damage":28,"enemies":"Snake Plant","floor":20,"turns":6},{"damage":3,"enemies":"Centurion and Healer","floor":22,"turns":6},{"damage":0,"enemies":"Sentry and Sphere","floor":24,"turns":3},{"damage":0,"enemies":"3 Cultists","floor":27,"turns":4},{"damage":0,"enemies":"Centurion and Healer","floor":28,"turns":8},{"damage":0,"enemies":"Snake Plant","floor":31,"turns":5},{"damage":17,"enemies":"Automaton","floor":33,"turns":12},{"damage":8,"enemies":"Orb Walker","floor":35,"turns":3},{"damage":13,"enemies":"3 Shapes","floor":36,"turns":4},{"damage":17,"enemies":"Writhing Mass","floor":37,"turns":7},{"damage":0,"enemies":"3 Darklings","floor":38,"turns":3},{"damage":0,"enemies":"Maw","floor":39,"turns":8},{"damage":2,"enemies":"Jaw Worm Horde","floor":41,"turns":5},{"damage":81,"enemies":"Giant Head","floor":44,"turns":14},{"damage":6,"enemies":"Writhing Mass","floor":45,"turns":5},{"damage":0,"enemies":"Mind Bloom Boss Battle","floor":46,"turns":6},{"damage":0,"enemies":"Sphere and 2 Shapes","floor":48,"turns":5},{"damage":77,"enemies":"Time Eater","floor":50,"turns":8}],"seed_played":"-3017910833194718688","potions_obtained":[{"floor":1.0,"key":"EssenceOfSteel"},{"floor":3.0,"key":"Block Potion"},{"floor":10.0,"key":"LiquidMemories"},{"floor":14.0,"key":"Fire Potion"},{"floor":18.0,"key":"FairyPotion"},{"floor":20,"key":"PotionOfCapacity"},{"floor":27,"key":"CultistPotion"},{"floor":31,"key":"PowerPotion"}],"is_trial":false,"path_per_floor":["M","?","M","?","M","E","R","$","T","M","?","R","T","M","R","B",null,"M","M","M","?","M","R","M","R","T","M","M","$","?","M","R","B",null,"M","M","M","M","M","R","M","R","T","E","M","?","?","M","R","B"],"character_chosen":"DEFECT","items_purchased":["Happy Flower","Hologram","Cold Snap"],"campfire_rested":3,"item_purchase_floors":[8,8,29],"current_hp_per_floor":[52,37,37,37,36,20,20,20,20,20,20,42,42,40,40,3,75,75,64,41,25,22,22,22,22,22,22,29,29,29,36,58,53,75,74,68,58,65,75,75,75,75,75,29,30,37,37,44,66,0,0],"gold":31,"neow_bonus":"REMOVE_TWO","is_daily":false,"chose_seed":false,"campfire_upgraded":6,"win_rate":0.0,"timestamp":1611227958,"path_taken":["M","?","M","?","M","E","R","$","T","M","?","R","?","M","R","BOSS","M","?","M","?","M","R","M","R","T","M","M","$","?","M","R","BOSS","M","M","M","M","M","R","M","R","T","E","M","?","?","M","R","BOSS"],"items_purchased_type":["Relic","Card","Card"],"build_version":"2020-12-22","purchased_purges":1,"victory":false,"max_hp_per_floor":[75,75,75,75,75,75,75,75,75,75,75,75,75,75,75,75,75,75,75,75,75,75,75,75,75,75,75,75,75,75,75,75,75,75,75,75,75,75,75,75,75,75,75,75,75,75,75,75,75,75,75],"relic_stats":{"Sozu":6,"Happy Flower":[47],"counters":[27,161],"Golden Idol":146,"Ectoplasm":828,"obtain_stats":[{"Sozu":34,"Lantern":43,"Calipers":26,"Happy Flower":8,"Golden Idol":4,"Enchiridion":21,"Ectoplasm":17,"Cracked Core":0,"Ancient Tea Set":9,"Toy Ornithopter":6,"Old Coin":44,"Pocketwatch":46},{"Sozu":16,"Lantern":22,"Calipers":12,"Happy Flower":4,"Golden Idol":2,"Enchiridion":10,"Ectoplasm":7,"Cracked Core":0,"Ancient Tea Set":4,"Toy Ornithopter":4,"Old Coin":23,"Pocketwatch":25},{"Sozu":93,"Lantern":123,"Calipers":64,"Happy Flower":20,"Golden Idol":5,"Enchiridion":55,"Ectoplasm":39,"Cracked Core":0,"Ancient Tea Set":20,"Toy Ornithopter":20,"Old Coin":137,"Pocketwatch":148}],"Toy Ornithopter":20,"Pocketwatch":[12]},"card_choices":[{"not_picked":["Steam","BootSequence"],"picked":"Auto Shields","floor":1.0},{"not_picked":["Skim","Streamline"],"picked":"Go for the Eyes","floor":3.0},{"not_picked":["Tempest","Chaos"],"picked":"Rebound","floor":5.0},{"not_picked":["Double Energy","Storm"],"picked":"Sweeping Beam","floor":6.0},{"not_picked":["Coolheaded","Gash"],"picked":"Leap","floor":10.0},{"not_picked":["Go for the Eyes","Skim"],"picked":"Coolheaded","floor":14.0},{"not_picked":["Multi-Cast","Rainbow"],"picked":"All For One","floor":16.0},{"not_picked":["Steam","Double Energy"],"picked":"Cold Snap","floor":18.0},{"not_picked":["Conserve Battery+1","Rebound+1"],"picked":"Melter+1","floor":19.0},{"not_picked":["FTL","BootSequence"],"picked":"Defragment","floor":20},{"not_picked":["Stack+1","Hologram"],"picked":"Conserve Battery","floor":22},{"not_picked":["Force Field","Rainbow"],"picked":"Conserve Battery","floor":24},{"not_picked":["Coolheaded","Reinforced Body"],"picked":"Self Repair","floor":27},{"not_picked":["Steam","Steam Power+1"],"picked":"Chaos+1","floor":28},{"not_picked":["Go for the Eyes+1","Capacitor"],"picked":"Sweeping Beam+1","floor":31},{"not_picked":["Creative AI","Reboot"],"picked":"Electrodynamics","floor":33},{"not_picked":["Darkness","Sweeping Beam"],"picked":"Conserve Battery+1","floor":35},{"not_picked":["Tempest+1","Barrage+1"],"picked":"Defragment","floor":36},{"not_picked":["Stack","Rebound+1"],"picked":"Hologram+1","floor":37},{"not_picked":["Go for the Eyes","Rip and Tear+1"],"picked":"Melter","floor":38},{"not_picked":["Reprogram","Gash","Darkness"],"picked":"SKIP","floor":39},{"not_picked":["Sweeping Beam","Cold Snap"],"picked":"Go for the Eyes+1","floor":41},{"not_picked":["Reprogram","Amplify"],"picked":"Echo Form","floor":44},{"not_picked":["Hologram+1","Coolheaded+1"],"picked":"Compile Driver+1","floor":45},{"not_picked":["Leap","Reinforced Body"],"picked":"Redo+1","floor":46},{"not_picked":["Consume","Beam Cell"],"picked":"Doom and Gloom+1","floor":48}],"player_experience":70419,"relics_obtained":[{"floor":6.0,"key":"Toy Ornithopter"},{"floor":9.0,"key":"Ancient Tea Set"},{"floor":21,"key":"Enchiridion"},{"floor":26,"key":"Calipers"},{"floor":43,"key":"Lantern"},{"floor":44,"key":"Old Coin"},{"floor":46,"key":"Pocketwatch"}],"event_choices":[{"damage_healed":0.0,"max_hp_gain":0.0,"max_hp_loss":0.0,"gold_gain":0.0,"event_name":"Shining Light","player_choice":"Entered Light","floor":2.0,"gold_loss":0.0,"damage_taken":15.0,"cards_upgraded":["Auto Shields","Defend_B"]},{"damage_healed":0.0,"max_hp_gain":0.0,"max_hp_loss":0.0,"gold_gain":0.0,"event_name":"Golden Idol","player_choice":"Take Wound","floor":4.0,"gold_loss":0.0,"damage_taken":0.0,"relics_obtained":["Golden Idol"],"cards_obtained":["Injury"]},{"cards_removed":["Injury"],"damage_healed":0.0,"max_hp_gain":0.0,"max_hp_loss":0.0,"gold_gain":0.0,"event_name":"Living Wall","player_choice":"Forget","floor":11.0,"gold_loss":0.0,"damage_taken":0.0},{"damage_healed":0,"gold_gain":0,"player_choice":"Obtained Book","damage_taken":16,"max_hp_gain":0,"max_hp_loss":0,"event_name":"Cursed Tome","floor":21,"gold_loss":0},{"cards_removed":["Defend_B"],"damage_healed":0,"gold_gain":0,"player_choice":"Elegance","damage_taken":0,"max_hp_gain":0,"max_hp_loss":0,"event_name":"Back to Basics","floor":30,"gold_loss":0},{"damage_healed":0,"gold_gain":0,"player_choice":"Fight","damage_taken":0,"max_hp_gain":0,"max_hp_loss":0,"event_name":"MindBloom","floor":46,"gold_loss":0},{"damage_healed":0,"gold_gain":0,"player_choice":"Ignored","damage_taken":0,"max_hp_gain":0,"max_hp_loss":0,"event_name":"The Moai Head","floor":47,"gold_loss":0}],"is_beta":false,"boss_relics":[{"not_picked":["Philosopher\u0027s Stone","Velvet Choker"],"picked":"Ectoplasm"},{"not_picked":["Fusion Hammer","Black Star"],"picked":"Sozu"}],"items_purged_floors":[29],"is_endless":false,"potions_floor_spawned":[1,3,10,14,18,20,27,31,38,39,41,44,45,46],"killed_by":"Time Eater","ascension_level":0}}