{"host":"k2mw1od0xoi9pcfj","time":1611197089,"event":{"mods":["Act Like it!","Aspiration","BaseMod","Downfall","Energized Spire","Hermit","Highlight Path","Minty Spire (QoL Compilation)","Permanent Neow","Relic Stats","Retaliation","StSLib","TheHeartMod"],"gold_per_floor":[20,36,36,51,63,95,95,95,95],"floor_reached":8,"language":"ENG","playtime":803,"items_purged":[],"score":58,"play_id":"62e9c417-cbee-4aa4-8844-f6f1bc80c87a","local_time":"20210120204449","is_ascension_mode":false,"campfire_choices":[{"floor":7,"key":"REST"}],"circlet_count":0,"master_deck":["hermit:Strike_Hermit","hermit:Strike_Hermit","hermit:Strike_Hermit","hermit:Strike_Hermit","hermit:Defend_Hermit","hermit:Defend_Hermit","hermit:Defend_Hermit","hermit:Defend_Hermit","hermit:Snapshot","hermit:Covet","Magnetism+1","hermit:FlashPowder","hermit:CursedWeapon","hermit:LoneWolf","hermit:Showdown","hermit:LoneWolf"],"relics":["hermit:Momento","Bottled Lightning"],"acts_visited":["Exordium"],"potions_floor_usage":[5,8],"damage_taken":[{"damage":9,"enemies":"2 Louse","floor":1,"turns":7},{"damage":6,"enemies":"Jaw Worm","floor":2,"turns":4},{"damage":2,"enemies":"Cultist","floor":4,"turns":5},{"damage":35,"enemies":"Gremlin Gang","floor":5,"turns":6},{"damage":20,"enemies":"3 Sentries","floor":6,"turns":8},{"damage":35,"enemies":"Gremlin Nob","floor":8,"turns":4}],"seed_played":"117209569429335839","potions_obtained":[{"floor":1,"key":"Block Potion"},{"floor":4,"key":"LiquidMemories"}],"is_trial":false,"path_per_floor":["M","M","?","M","M","E","R","E"],"character_chosen":"HERMIT","items_purchased":[],"campfire_rested":1,"item_purchase_floors":[],"current_hp_per_floor":[66,60,60,58,23,3,25,0,0],"gold":95,"neow_bonus":"RANDOM_COLORLESS_2","is_daily":false,"chose_seed":false,"campfire_upgraded":0,"win_rate":0.0,"timestamp":1611197089,"path_taken":["M","M","?","M","M","E","R","E"],"items_purchased_type":[],"build_version":"2020-12-22","purchased_purges":0,"victory":false,"max_hp_per_floor":[75,75,75,75,75,75,75,75,75],"relic_stats":{"counters":[6,34],"obtain_stats":[{"Bottled Lightning":6,"hermit:Momento":0},{"Bottled Lightning":5,"hermit:Momento":0},{"Bottled Lightning":30,"hermit:Momento":0}]},"card_choices":[{"not_picked":["Secret Technique","Apotheosis"],"picked":"Magnetism","floor":0},{"not_picked":["hermit:SprayPray","hermit:Roulette"],"picked":"hermit:FlashPowder","floor":1},{"not_picked":["hermit:Horror","hermit:Midnight"],"picked":"hermit:CursedWeapon","floor":2},{"not_picked":["hermit:Misfire","hermit:Feint"],"picked":"hermit:LoneWolf","floor":4},{"not_picked":["hermit:NoHoldsBarred","hermit:EyeOfTheStorm"],"picked":"hermit:Showdown","floor":5},{"not_picked":["hermit:Vantage","hermit:TakeCover"],"picked":"hermit:LoneWolf","floor":6}],"player_experience":774121,"relics_obtained":[{"floor":6,"key":"Bottled Lightning"}],"event_choices":[{"damage_healed":0,"gold_gain":0,"player_choice":"Grow","damage_taken":0,"max_hp_gain":0,"max_hp_loss":0,"event_name":"Living Wall","floor":3,"gold_loss":0,"cards_upgraded":["Magnetism"]}],"is_beta":false,"boss_relics":[],"items_purged_floors":[],"is_endless":false,"potions_floor_spawned":[1,4],"killed_by":"Gremlin Nob","ascension_level":0}}