{"host":"udyc8f81k2jocuhg","time":1611189182,"event":{"mods":["2.2 Compatiblity","BaseMod","Better Third Choice","Colored Powertips","Conspire","Custom Start","GifTheSpireLib","Hermit","Minty Spire (QoL Compilation)","Permanent Neow","Quick Restart","Relic Filter","Relic Stats","Replay The Spire","Shop Mod","Spikes Relics","StSLib","Stuff the Spire"],"gold_per_floor":[117,136,81,93,110,139,139,149,149,149,169,189,39,39,39],"floor_reached":14,"language":"ENG","playtime":551,"items_purged":[],"score":165,"play_id":"ff96e830-6d64-4471-8054-c15e58645bf0","local_time":"20210121013302","is_ascension_mode":true,"campfire_choices":[{"data":"StuffTheSpire:BrimstoneBlast","floor":7.0,"key":"SMITH"},{"data":"Neutralize","floor":10.0,"key":"SMITH"}],"circlet_count":0,"master_deck":["AscendersBane","Strike_G","Strike_G","Strike_G","Strike_G","Strike_G","Defend_G","Defend_G","Defend_G","Defend_G","Defend_G","Survivor","Neutralize+1","Replay:Hysterical Blindness","Dagger Spray","Poisoned Stab","Toxin Wave","Toxin Wave","StuffTheSpire:BrimstoneBlast+1","Dash","Bane","Cloak And Dagger","Envenom","Caltrops"],"relics":["Ring of the Snake","The Specimen","Anchor","RetroEgg","TwistedFunnel"],"acts_visited":["Exordium"],"potions_floor_usage":[14,14],"damage_taken":[{"damage":12.0,"enemies":"Jaw Worm","floor":1.0,"turns":8.0},{"damage":0.0,"enemies":"Cultist","floor":2.0,"turns":4.0},{"damage":0.0,"enemies":"2 Louse","floor":4.0,"turns":2.0},{"damage":2.0,"enemies":"Lots of Slimes","floor":5.0,"turns":2.0},{"damage":33.0,"enemies":"Lagavulin","floor":6.0,"turns":8.0},{"damage":0.0,"enemies":"2 Fungi Beasts","floor":8.0,"turns":3.0},{"damage":3.0,"enemies":"Large Slime","floor":11.0,"turns":6.0},{"damage":6.0,"enemies":"Exordium Wildlife","floor":12.0,"turns":4.0},{"damage":4,"enemies":"Gremlin Nob","floor":14,"turns":2}],"seed_played":"3043409497343130909","potions_obtained":[{"floor":4.0,"key":"Block Potion"},{"floor":5.0,"key":"GamblersBrew"},{"floor":8.0,"key":"Venom Potion"},{"floor":12.0,"key":"Toxic Potion"}],"is_trial":false,"path_per_floor":["M","M","$","M","M","E","R","M","T","R","M","M","$","E"],"character_chosen":"THE_SILENT","items_purchased":["Toxin Wave","TwistedFunnel"],"campfire_rested":0,"item_purchase_floors":[3,13],"current_hp_per_floor":[47,47,47,47,45,12,12,12,12,12,9,3,3,0,0],"gold":39,"neow_bonus":"ONE_RARE_RELIC","is_daily":false,"chose_seed":false,"campfire_upgraded":2,"win_rate":0.0,"timestamp":1611189182,"path_taken":["M","M","$","M","M","E","R","M","T","R","M","M","$","E"],"items_purchased_type":["Card","Relic"],"build_version":"2020-12-22","purchased_purges":0,"victory":false,"max_hp_per_floor":[66,66,66,66,66,66,66,66,66,66,66,66,66,66,66],"relic_stats":{"counters":[9,39],"obtain_stats":[{"TwistedFunnel":13,"Anchor":6,"The Specimen":0,"RetroEgg":9,"Ring of the Snake":0},{"TwistedFunnel":8,"Anchor":5,"The Specimen":0,"RetroEgg":6,"Ring of the Snake":0},{"TwistedFunnel":37,"Anchor":24,"The Specimen":0,"RetroEgg":27,"Ring of the Snake":0}],"Ring of the Snake":[18]},"card_choices":[{"not_picked":["Cloak And Dagger","Finisher"],"picked":"Dagger Spray","floor":1.0},{"not_picked":["conspire:PoisonWeapons","Quick Slash"],"picked":"Poisoned Stab","floor":2.0},{"not_picked":["Unload","Distraction"],"picked":"StuffTheSpire:BrimstoneBlast","floor":4.0},{"not_picked":["Outmaneuver","All Out Attack"],"picked":"Dash","floor":5.0},{"not_picked":["ReplayTheSpireMod:Scrap Shanks","InfectiousVector"],"picked":"Bane","floor":6.0},{"not_picked":["ReplayTheSpireMod:Tripwire","Sucker Punch"],"picked":"Cloak And Dagger","floor":8.0},{"not_picked":["Dagger Throw","StuffTheSpire:BumpUp"],"picked":"Envenom","floor":11.0},{"not_picked":["Accuracy","ReplayTheSpireMod:Scrap Shanks"],"picked":"Caltrops","floor":12.0}],"player_experience":2012397,"relics_obtained":[{"floor":6.0,"key":"Anchor"},{"floor":9.0,"key":"RetroEgg"}],"event_choices":[],"is_beta":false,"boss_relics":[],"items_purged_floors":[],"is_endless":false,"potions_floor_spawned":[4,5,6,8,12],"killed_by":"Gremlin Nob","ascension_level":15}}