{"host":"btt6ntw6a1bnaigc","time":1611236530,"event":{"mods":["AchievementEnabler","BaseMod","Downfall","Hermit","Minty Spire (QoL Compilation)","StSLib","The Cursed"],"gold_per_floor":[116,135,148,148,166,192,192,207,207,237,259,330,111,157,157,282,282,294,334,433,433,483,539,555,600,600,500,544,556,570,407,407,503,503,518,232,248,268,318,352,352,352,352,372,388,388,139,154,154,154,154,154,2,33,33],"floor_reached":56,"language":"ENG","playtime":6670,"items_purged":["Strike_P","Strike_P","Defend_P"],"score":1263,"play_id":"d69aec85-602a-456f-ab7b-62ae80630eaa","local_time":"20210121134210","is_ascension_mode":false,"campfire_choices":[{"data":"Apotheosis","floor":7.0,"key":"SMITH"},{"floor":15.0,"key":"RECALL"},{"data":"Strike_P","floor":32.0,"key":"PURGE"},{"data":"Defend_P","floor":42,"key":"PURGE"},{"data":"Defend_P+1","floor":46,"key":"PURGE"},{"data":"MentalFortress","floor":49,"key":"PURGE"},{"data":"FlurryOfBlows","floor":52,"key":"SMITH"}],"circlet_count":0,"master_deck":["Eruption","Vigilance","Apotheosis+1","CutThroughFate+1","Conclude","Protect","CrushJoints","FlurryOfBlows+1","Wish","BattleHymn","Blasphemy","CutThroughFate","Wireheading","Wallop","Scrawl","Nirvana","Omniscience","Protect","Ragnarok","FlurryOfBlows","Omniscience","Study+1","TalkToTheHand","SashWhip","TalkToTheHand+1","TalkToTheHand"],"relics":["PureWater","Bottled Lightning","Incense Burner","Eternal Feather","Odd Mushroom","Lee\u0027s Waffle","Centennial Puzzle","Coffee Dripper","Peace Pipe","Empty Cage","Bronze Scales","Prayer Wheel","Du-Vu Doll","Question Card","Mummified Hand","Strange Spoon","White Beast Statue"],"acts_visited":["Exordium","TheCity","TheBeyond","TheEnding"],"potions_floor_usage":[40,40,50,54,55],"damage_taken":[{"damage":0.0,"enemies":"Small Slimes","floor":1.0,"turns":4.0},{"damage":2.0,"enemies":"2 Louse","floor":2.0,"turns":2.0},{"damage":1.0,"enemies":"Jaw Worm","floor":3.0,"turns":2.0},{"damage":0.0,"enemies":"Blue Slaver","floor":5.0,"turns":1.0},{"damage":10.0,"enemies":"3 Sentries","floor":6.0,"turns":7.0},{"damage":0.0,"enemies":"Red Slaver","floor":8.0,"turns":2.0},{"damage":0.0,"enemies":"Gremlin Nob","floor":10.0,"turns":3.0},{"damage":13.0,"enemies":"The Mushroom Lair","floor":11.0,"turns":3.0},{"damage":6.0,"enemies":"The Guardian","floor":16.0,"turns":6.0},{"damage":0.0,"enemies":"Spheric Guardian","floor":18.0,"turns":4.0},{"damage":0.0,"enemies":"Chosen","floor":19.0,"turns":4.0},{"damage":1.0,"enemies":"Snake Plant","floor":22.0,"turns":4.0},{"damage":0.0,"enemies":"Gremlin Leader","floor":23.0,"turns":3.0},{"damage":0.0,"enemies":"Centurion and Healer","floor":24.0,"turns":2.0},{"damage":0.0,"enemies":"Chosen and Byrds","floor":25.0,"turns":4.0},{"damage":7.0,"enemies":"Snecko","floor":28.0,"turns":4.0},{"damage":0.0,"enemies":"Cultist and Chosen","floor":29.0,"turns":6.0},{"damage":0.0,"enemies":"Centurion and Healer","floor":30.0,"turns":3.0},{"damage":0.0,"enemies":"Collector","floor":33.0,"turns":6.0},{"damage":0.0,"enemies":"3 Shapes","floor":35.0,"turns":1.0},{"damage":0.0,"enemies":"3 Darklings","floor":37.0,"turns":5.0},{"damage":11.0,"enemies":"Sphere and 2 Shapes","floor":38.0,"turns":2.0},{"damage":0.0,"enemies":"Mind Bloom Boss Battle","floor":39.0,"turns":1.0},{"damage":2,"enemies":"Reptomancer","floor":40,"turns":3},{"damage":1,"enemies":"Transient","floor":44,"turns":5},{"damage":0,"enemies":"Maw","floor":45,"turns":2},{"damage":0,"enemies":"Writhing Mass","floor":48,"turns":2},{"damage":4,"enemies":"Donu and Deca","floor":50,"turns":5},{"damage":44,"enemies":"Shield and Spear","floor":54,"turns":4},{"damage":18,"enemies":"The Heart","floor":55,"turns":10}],"seed_played":"1826077135737510346","potions_obtained":[{"floor":2.0,"key":"AttackPotion"},{"floor":11.0,"key":"AttackPotion"},{"floor":18.0,"key":"PowerPotion"},{"floor":22.0,"key":"SpeedPotion"},{"floor":28.0,"key":"hexamod:SoulburnPotion"},{"floor":33.0,"key":"SpeedPotion"},{"floor":35.0,"key":"DuplicationPotion"},{"floor":40,"key":"Strength Potion"},{"floor":44,"key":"hexamod:SoulburnPotion"}],"is_trial":false,"path_per_floor":["M","M","M","?","M","E","R","M","T","E","?","?","$","T","R","B",null,"M","M","?","?","M","E","M","M","T","$","M","M","M","$","R","B",null,"M","$","M","M","?","E","?","R","T","M","M","R","$","M","R","B",null,"R","$","E","B",null],"character_chosen":"WATCHER","items_purchased":["Lee\u0027s Waffle","Nirvana","Bronze Scales","Ragnarok","Mummified Hand","Strange Spoon"],"campfire_rested":0,"item_purchase_floors":[13,31,36,36,47,53],"current_hp_per_floor":[65,63,62,49,49,39,39,39,39,39,26,26,72,72,72,66,72,72,72,72,72,71,71,71,71,71,71,64,64,64,64,72,72,72,72,72,72,61,61,59,59,71,71,70,70,72,72,72,72,68,72,72,72,28,10],"gold":33,"neow_bonus":"RANDOM_COLORLESS_2","is_daily":false,"chose_seed":false,"campfire_upgraded":2,"win_rate":0.0,"timestamp":1611236530,"path_taken":["M","M","M","?","M","E","R","M","T","E","?","?","$","?","R","BOSS","M","M","?","?","M","E","M","M","T","$","?","M","?","$","R","BOSS","M","$","M","M","?","E","?","R","T","?","M","R","$","M","R","BOSS","R","$","E","BOSS"],"items_purchased_type":["Relic","Card","Relic","Card","Relic","Relic"],"build_version":"2020-12-22","purchased_purges":3,"victory":true,"max_hp_per_floor":[65,65,65,65,65,65,65,65,65,65,65,65,72,72,72,72,72,72,72,72,72,72,72,72,72,72,72,72,72,72,72,72,72,72,72,72,72,72,72,72,72,72,72,72,72,72,72,72,72,72,72,72,72,72,72],"card_choices":[{"not_picked":["Panache","Magnetism"],"picked":"Apotheosis","floor":0.0},{"not_picked":["PathToVictory","EmptyBody"],"picked":"CutThroughFate","floor":1.0},{"not_picked":["FlyingSleeves","Consecrate"],"picked":"Conclude","floor":2.0},{"not_picked":["Consecrate","Adaptation"],"picked":"MentalFortress","floor":3.0},{"not_picked":["ThirdEye","CutThroughFate"],"picked":"Protect","floor":5.0},{"not_picked":["SandsOfTime","Conclude"],"picked":"CrushJoints","floor":6.0},{"not_picked":["FollowUp","Halt"],"picked":"FlurryOfBlows","floor":8.0},{"not_picked":["Consecrate","FlurryOfBlows"],"picked":"Wish","floor":10.0},{"not_picked":["SandsOfTime","Prostrate"],"picked":"BattleHymn","floor":11.0},{"not_picked":["Scrawl","MasterReality"],"picked":"Blasphemy","floor":16.0},{"not_picked":["Protect","Pray+1"],"picked":"CutThroughFate","floor":18.0},{"not_picked":["ThirdEye","DeceiveReality"],"picked":"Wireheading","floor":19.0},{"not_picked":["WaveOfTheHand","EmptyFist"],"picked":"Wallop","floor":22.0},{"not_picked":["MasterReality","Evaluate","EmptyBody"],"picked":"SKIP","floor":23.0},{"not_picked":["Conclude","JustLucky+1","FollowUp"],"picked":"SKIP","floor":24.0},{"not_picked":["FlyingSleeves","Indignation","Consecrate+1"],"picked":"SKIP","floor":25.0},{"not_picked":["CutThroughFate","Halt","PathToVictory"],"picked":"SKIP","floor":28.0},{"not_picked":["EmptyFist","EmptyBody","PathToVictory+1"],"picked":"SKIP","floor":29.0},{"not_picked":["WaveOfTheHand","EmptyFist"],"picked":"Scrawl","floor":30.0},{"not_picked":["DevaForm","DeusExMachina"],"picked":"Omniscience","floor":33.0},{"not_picked":["Evaluate","CarveReality"],"picked":"Protect","floor":35.0},{"not_picked":["CrushJoints","JustLucky+1"],"picked":"FlurryOfBlows","floor":37.0},{"not_picked":["EmptyBody+1","EmptyFist+1","DeceiveReality+1"],"picked":"SKIP","floor":38.0},{"not_picked":["CrushJoints","Evaluate","Vengeance"],"picked":"SKIP","floor":40},{"not_picked":["CutThroughFate+1","FollowUp+1","DevaForm"],"picked":"Study+1","floor":44},{"not_picked":["Nirvana","Adaptation","EmptyBody+1","Crescendo"],"picked":"SKIP","floor":44},{"not_picked":["ClearTheMind+1","Evaluate","Vengeance+1"],"picked":"TalkToTheHand","floor":45},{"not_picked":["FollowUp+1","PathToVictory","MasterReality"],"picked":"SashWhip","floor":45},{"not_picked":["BattleHymn","FollowUp","FearNoEvil"],"picked":"TalkToTheHand+1","floor":48},{"not_picked":["Collect+1","FlyingSleeves+1","BowlingBash+1","Indignation"],"picked":"SKIP","floor":48},{"not_picked":["PathToVictory","FlyingSleeves+1","Protect"],"picked":"TalkToTheHand","floor":54}],"player_experience":245353,"relics_obtained":[{"floor":6.0,"key":"Bottled Lightning"},{"floor":9.0,"key":"Incense Burner"},{"floor":10.0,"key":"Eternal Feather"},{"floor":11.0,"key":"Odd Mushroom"},{"floor":14.0,"key":"Centennial Puzzle"},{"floor":23.0,"key":"Peace Pipe"},{"floor":39.0,"key":"Prayer Wheel"},{"floor":40,"key":"Du-Vu Doll"},{"floor":43,"key":"Question Card"},{"floor":54,"key":"White Beast Statue"}],"event_choices":[{"damage_healed":0.0,"max_hp_gain":0.0,"max_hp_loss":0.0,"gold_gain":0.0,"event_name":"Shining Light","player_choice":"Entered Light","floor":4.0,"gold_loss":0.0,"damage_taken":13.0,"cards_upgraded":["Defend_P","CutThroughFate"]},{"damage_healed":0.0,"max_hp_gain":0.0,"max_hp_loss":0.0,"gold_gain":0.0,"event_name":"Mushrooms","player_choice":"Fought Mushrooms","floor":11.0,"gold_loss":0.0,"damage_taken":0.0},{"damage_healed":0.0,"max_hp_gain":0.0,"max_hp_loss":0.0,"gold_gain":71.0,"event_name":"Golden Wing","player_choice":"Gained Gold","floor":12.0,"gold_loss":0.0,"damage_taken":0.0},{"damage_healed":0.0,"max_hp_gain":0.0,"max_hp_loss":0.0,"gold_gain":99.0,"event_name":"Nest","player_choice":"Stole From Cult","floor":20.0,"gold_loss":0.0,"damage_taken":0.0},{"damage_healed":0.0,"max_hp_gain":0.0,"max_hp_loss":0.0,"gold_gain":0.0,"event_name":"N\u0027loth","player_choice":"Ignored","floor":21.0,"gold_loss":0.0,"damage_taken":0.0},{"damage_healed":0.0,"max_hp_gain":0.0,"max_hp_loss":0.0,"gold_gain":0.0,"event_name":"MindBloom","player_choice":"Fight","floor":39.0,"gold_loss":0.0,"damage_taken":0.0},{"damage_healed":0,"gold_gain":0,"player_choice":"Copied","damage_taken":0,"max_hp_gain":0,"max_hp_loss":0,"event_name":"Duplicator","floor":41,"gold_loss":0,"cards_obtained":["Omniscience"]}],"is_beta":false,"boss_relics":[{"not_picked":["Cursed Key","Astrolabe"],"picked":"Coffee Dripper"},{"not_picked":["Pandora\u0027s Box","Velvet Choker"],"picked":"Empty Cage"}],"items_purged_floors":[13,27,31],"is_endless":false,"potions_floor_spawned":[2,11,18,22,28,33,35,40,44],"ascension_level":0}}