{"host":"oigynbtg272c19pw","time":1611257335,"event":{"mods":["BaseMod","Colored Map","Minty Spire (QoL Compilation)","Relic Stats","Slay the Relics Exporter","StSLib"],"gold_per_floor":[116,132,147,30,40,40,40,40],"floor_reached":7,"playtime":385,"items_purged":[],"score":86,"play_id":"a5f1c810-a75d-4eb5-a678-9d1b1ef00831","local_time":"20210121202855","is_ascension_mode":true,"campfire_choices":[{"data":"Flechettes","floor":6,"key":"SMITH"}],"circlet_count":0,"master_deck":["AscendersBane","Strike_G","Strike_G","Strike_G","Strike_G","Strike_G","Defend_G","Defend_G","Defend_G","Defend_G","Defend_G","Survivor","Neutralize","Doppelganger","Flechettes+1","Crippling Poison","Well Laid Plans","Footwork","Blur","Catalyst"],"relics":["Ring of the Snake"],"acts_visited":["Exordium"],"potions_floor_usage":[5,7],"damage_taken":[{"damage":3,"enemies":"Cultist","floor":1,"turns":4},{"damage":7,"enemies":"Small Slimes","floor":2,"turns":4},{"damage":0,"enemies":"2 Louse","floor":3,"turns":4},{"damage":1,"enemies":"Gremlin Gang","floor":5,"turns":5},{"damage":9,"enemies":"Lagavulin","floor":7,"turns":9}],"seed_played":"-192013092709048410","potions_obtained":[{"floor":2,"key":"LiquidMemories"},{"floor":3,"key":"Block Potion"}],"is_trial":false,"path_per_floor":["M","M","M","$","M","R","E"],"character_chosen":"THE_SILENT","items_purchased":["Footwork","Blur"],"campfire_rested":0,"item_purchase_floors":[4,4],"current_hp_per_floor":[56,49,49,49,48,48,39,39],"gold":40,"neow_bonus":"THREE_RARE_CARDS","is_daily":false,"chose_seed":false,"campfire_upgraded":1,"win_rate":0.0,"timestamp":1611257335,"path_taken":["M","?","M","$","M","R","E"],"items_purchased_type":["Card","Card"],"build_version":"2020-12-13","purchased_purges":0,"victory":false,"max_hp_per_floor":[60,60,60,60,60,60,60,60],"relic_stats":{"counters":[5,26],"obtain_stats":[{"Ring of the Snake":0},{"Ring of the Snake":0},{"Ring of the Snake":0}],"Ring of the Snake":[10]},"card_choices":[{"not_picked":["Bullet Time","Tools of the Trade"],"picked":"Doppelganger","floor":0},{"not_picked":["Deadly Poison","Underhanded Strike"],"picked":"Flechettes","floor":1},{"not_picked":["Concentrate","Terror"],"picked":"Crippling Poison","floor":2},{"not_picked":["Backflip","Outmaneuver"],"picked":"Well Laid Plans","floor":3},{"not_picked":["Doppelganger","Quick Slash"],"picked":"Catalyst","floor":5}],"player_experience":1461206,"relics_obtained":[],"event_choices":[],"is_beta":false,"boss_relics":[],"items_purged_floors":[],"is_endless":false,"potions_floor_spawned":[2,3],"killed_by":"Lagavulin","ascension_level":20}}