{"host":"56d873i5r3uhle0q","time":1611199571,"event":{"mods":["100% Spire Juice","Act Like it!","Aspiration","BaseMod","Block Reminder","Conspire","Gensokyo","Hermit","Hubris","Infinite Spire","Jedi Mod","Lobotomy","Marisa????????","Marked Mod","Minty Spire (QoL Compilation)","Replay The Spire","StSLib","The Animator","The Bug Knight","The Cursed","The Marked","The Servant 0.9.4","everything is the same but u backflip on backflip","vexMod","??????REMEMod"],"gold_per_floor":[114,9,26,26,46,46,46,261,261,261,274,274,274,294,294,389,389,400,400,319,319,333,333,347,364,390,390,390,390],"floor_reached":28,"language":"ENG","playtime":1075,"items_purged":[],"score":235,"play_id":"d63a7ca9-14ec-401b-a275-2397eaa67407","local_time":"20210120202611","is_ascension_mode":false,"campfire_choices":[{"data":"REME_TheoryOfElimination","floor":6.0,"key":"SMITH"},{"data":"Havoc","floor":13.0,"key":"SMITH"},{"floor":15.0,"key":"REST"},{"data":"REME_TheLastStrike","floor":23,"key":"SMITH"},{"floor":27,"key":"REST"}],"circlet_count":0,"master_deck":["Strike_R","Strike_R","Strike_R","Strike_R","Strike_R","Defend_R","Defend_R","Defend_R","Defend_R","Bash","REME_TheoryOfElimination+1","ReplayTheSpireMod:Strike From Hell+1","Havoc+1","REME_TheLastStrike+1","Bash","REME_FearOfPain","Second Wind","Sentinel"],"relics":["Burning Blood","REME_ComplimentaryCards","hubris:Towel","jedi:bottledfury","conspire:GiftBox","vexMod:BigBerry","jedi:shrinkray","vexMod:FocusSash"],"acts_visited":["Gensokyo:Gensokyo","Gensokyo:Gensokyoer"],"potions_floor_usage":[25],"damage_taken":[{"damage":7.0,"enemies":"Gensokyo:Gryphon","floor":1.0,"turns":3.0},{"damage":11.0,"enemies":"Gensokyo:3_Fairies","floor":3.0,"turns":5.0},{"damage":12.0,"enemies":"Gensokyo:2_Kodama","floor":5.0,"turns":6.0},{"damage":33.0,"enemies":"Gensokyo:Gryphon_and_Rabbit","floor":8.0,"turns":6.0},{"damage":29.0,"enemies":"Gensokyo:5_Fairies","floor":11.0,"turns":6.0},{"damage":2.0,"enemies":"Gensokyo:2_Rabbits","floor":14.0,"turns":3.0},{"damage":53.0,"enemies":"Gensokyo:Kokoro","floor":16.0,"turns":9.0},{"damage":38,"enemies":"Gensokyo:AngelMirror","floor":18,"turns":5},{"damage":3,"enemies":"Gensokyo:2_Gloops","floor":22,"turns":4},{"damage":33,"enemies":"Gensokyo:Mirror_and_Dog","floor":24,"turns":4},{"damage":42,"enemies":"Gensokyo:Monolith_and_Dog","floor":25,"turns":6},{"damage":59,"enemies":"Gensokyo:Chomper_and_Gloop","floor":28,"turns":5}],"seed_played":"1066040317302014071","potions_obtained":[{"floor":1.0,"key":"ColorlessPotion"},{"floor":11.0,"key":"SpeedPotion"},{"floor":24,"key":"SkillPotion"},{"floor":25,"key":"DuplicationPotion"}],"is_trial":false,"path_per_floor":["M","COS","M","?","M","R","?","M","T","?","M","$","R","M","R","B",null,"M","?","$","?","M","R","M","M","T","R","M"],"character_chosen":"IRONCLAD","items_purchased":["Second Wind"],"campfire_rested":2,"item_purchase_floors":[20],"current_hp_per_floor":[79,79,74,74,68,68,68,41,41,49,26,26,26,30,54,7,110,78,78,78,78,81,81,54,18,18,48,0,0],"gold":390,"neow_bonus":"RANDOM_COLORLESS","is_daily":false,"chose_seed":false,"campfire_upgraded":3,"win_rate":0.0,"timestamp":1611199571,"path_taken":["M","COS","?","?","M","R","?","?","T","?","?","$","R","M","R","BOSS","M","?","$","?","M","R","M","M","T","R","M"],"items_purchased_type":["Card"],"build_version":"2020-12-22","purchased_purges":0,"victory":false,"max_hp_per_floor":[80,80,80,80,80,80,80,80,80,80,80,80,80,80,80,80,110,110,110,110,102,102,102,102,102,102,102,102,102],"card_choices":[{"not_picked":["hubris:Ssssneak","Mind Blast"],"picked":"REME_TheoryOfElimination","floor":0.0},{"not_picked":["Dropkick","Massacre","Heavy Blade"],"picked":"SKIP","floor":1.0},{"not_picked":["Anger","Carnage","Wild Strike"],"picked":"SKIP","floor":3.0},{"not_picked":["Body Slam","Anger","Armaments"],"picked":"SKIP","floor":5.0},{"not_picked":["Perfected Strike","jedi:suffering"],"picked":"Havoc","floor":8.0},{"not_picked":["Replay:Many Hands","Barricade"],"picked":"REME_TheLastStrike","floor":11.0},{"not_picked":["Bloodletting","REME_Scribble","Perfected Strike"],"picked":"SKIP","floor":11.0},{"not_picked":["Sever Soul","ReplayReversal","Anger"],"picked":"SKIP","floor":14.0},{"not_picked":["Bloodletting","Heavy Blade"],"picked":"REME_FearOfPain","floor":18},{"not_picked":["Shrug It Off","REME_SingleHolding"],"picked":"Sentinel","floor":22},{"not_picked":["Clothesline","hubris:ReadiedAction","Run Through"],"picked":"SKIP","floor":24},{"not_picked":["Wild Strike+1","hubris:ReadiedAction","Perfected Strike"],"picked":"SKIP","floor":25}],"player_experience":577915,"relics_obtained":[{"floor":9.0,"key":"jedi:bottledfury"},{"floor":26,"key":"vexMod:FocusSash"}],"event_choices":[],"is_beta":false,"boss_relics":[{"not_picked":["Pandora\u0027s Box","Ooze Armor"],"picked":"vexMod:BigBerry"}],"items_purged_floors":[],"is_endless":false,"potions_floor_spawned":[1,11,24,25],"killed_by":"Gensokyo:Chomper_and_Gloop","ascension_level":0}}