{"host":"yit83h4eit4n91s5","time":1611249620,"event":{"mods":["AchievementEnabler","BaseMod","Colored Map","Minty Spire (QoL Compilation)"],"gold_per_floor":[118,129,145,220,220,252,252,252,252,270,295,314,346,363,363,465,465,480,480,480,498,510,538,538,567,567,593,611,611,611,624,624,725,725,742,795,795,306,317,342,355,381,381,410,422,445,491,516,528,540],"floor_reached":51,"language":"ENG","playtime":3750,"items_purged":[],"score":1312,"play_id":"b965427b-7cb1-4fcf-8a00-d170ac4421b2","local_time":"20210121122020","is_ascension_mode":true,"campfire_choices":[{"data":"Neutralize","floor":8,"key":"SMITH"},{"data":"Cloak And Dagger","floor":15,"key":"SMITH"},{"data":"Flying Knee","floor":24,"key":"SMITH"},{"data":"Blade Dance","floor":30,"key":"SMITH"},{"data":"Backstab","floor":32,"key":"SMITH"},{"data":"Cloak And Dagger","floor":45,"key":"SMITH"},{"data":"Adrenaline","floor":49,"key":"SMITH"}],"circlet_count":0,"master_deck":["Strike_G","Strike_G","Strike_G+1","Defend_G+1","Defend_G","Defend_G+1","Defend_G+1","Defend_G","Survivor+1","Neutralize+1","Backstab","Flying Knee+1","Dodge and Roll","Slice","Dash+1","Infinite Blades+1","Envenom+1","Cloak And Dagger+1","Adrenaline+1","CurseOfTheBell","Backflip+1","Backstab+1","Accuracy+1","Blade Dance+1","PiercingWail+1","Cloak And Dagger+1","Blur+1"],"relics":["Coffee Dripper","Kunai","Frozen Egg 2","FossilizedHelix","Art of War","Calling Bell","Centennial Puzzle","Ninja Scroll","Thread and Needle","GremlinMask","War Paint","Ice Cream","Matryoshka","MealTicket","SlaversCollar","Calipers","InkBottle","TwistedFunnel","Whetstone","Bag of Preparation","Paper Crane","Oddly Smooth Stone","Strawberry","The Specimen","MawBank","Anchor"],"acts_visited":["Exordium","TheCity","TheBeyond"],"potions_floor_usage":[16,16,22,25,33,50],"damage_taken":[{"damage":5,"enemies":"Cultist","floor":1,"turns":4},{"damage":3,"enemies":"Small Slimes","floor":2,"turns":3},{"damage":0,"enemies":"2 Louse","floor":3,"turns":1},{"damage":16,"enemies":"Gremlin Nob","floor":6,"turns":5},{"damage":0,"enemies":"Lots of Slimes","floor":10,"turns":5},{"damage":0,"enemies":"Lagavulin","floor":11,"turns":9},{"damage":0,"enemies":"2 Fungi Beasts","floor":12,"turns":3},{"damage":0,"enemies":"Gremlin Nob","floor":13,"turns":5},{"damage":0,"enemies":"Looter","floor":14,"turns":3},{"damage":0,"enemies":"Slime Boss","floor":16,"turns":7},{"damage":0,"enemies":"Chosen","floor":18,"turns":4},{"damage":0,"enemies":"3 Byrds","floor":21,"turns":4},{"damage":0,"enemies":"Snecko","floor":22,"turns":5},{"damage":0,"enemies":"Book of Stabbing","floor":23,"turns":6},{"damage":0,"enemies":"Slavers","floor":25,"turns":6},{"damage":20,"enemies":"Gremlin Leader","floor":27,"turns":6},{"damage":0,"enemies":"Centurion and Healer","floor":28,"turns":4},{"damage":13,"enemies":"Snake Plant","floor":31,"turns":4},{"damage":0,"enemies":"Champ","floor":33,"turns":13},{"damage":0,"enemies":"3 Shapes","floor":35,"turns":4},{"damage":16,"enemies":"2 Orb Walkers","floor":36,"turns":5},{"damage":0,"enemies":"3 Darklings","floor":39,"turns":5},{"damage":0,"enemies":"Reptomancer","floor":40,"turns":7},{"damage":0,"enemies":"Transient","floor":41,"turns":5},{"damage":0,"enemies":"Giant Head","floor":42,"turns":9},{"damage":0,"enemies":"Reptomancer","floor":44,"turns":6},{"damage":0,"enemies":"Sphere and 2 Shapes","floor":46,"turns":4},{"damage":0,"enemies":"Nemesis","floor":47,"turns":5},{"damage":0,"enemies":"3 Darklings","floor":48,"turns":3},{"damage":11,"enemies":"Time Eater","floor":50,"turns":15}],"seed_played":"-7585031117792659125","potions_obtained":[{"floor":1,"key":"Explosive Potion"},{"floor":11,"key":"Fire Potion"},{"floor":12,"key":"Block Potion"},{"floor":16,"key":"Strength Potion"},{"floor":22,"key":"Fruit Juice"},{"floor":27,"key":"SpeedPotion"},{"floor":31,"key":"PowerPotion"},{"floor":33,"key":"DuplicationPotion"}],"is_trial":false,"path_per_floor":["M","M","M","?","?","E","?","R","T","M","E","M","E","M","R","B",null,"M","?","?","M","M","E","R","E","T","E","M","?","R","M","R","B",null,"M","?","?","$","M","E","M","E","T","E","R","M","E","M","R","B",null],"character_chosen":"THE_SILENT","items_purchased":["TwistedFunnel","Whetstone","Bag of Preparation","Strength Potion"],"campfire_rested":0,"item_purchase_floors":[38,38,38,38],"current_hp_per_floor":[65,62,62,62,48,32,70,70,70,70,70,70,70,70,70,70,70,70,70,70,70,75,75,75,75,75,55,55,55,55,42,42,42,75,75,59,59,74,74,74,74,74,81,81,81,81,81,81,81,70],"gold":552,"neow_bonus":"BOSS_RELIC","is_daily":false,"chose_seed":false,"campfire_upgraded":7,"win_rate":0.0,"timestamp":1611249620,"path_taken":["M","M","M","?","?","E","?","R","T","?","E","M","E","M","R","BOSS","M","?","?","?","M","E","R","E","T","E","M","?","R","M","R","BOSS","M","?","?","$","M","E","M","E","T","E","R","M","E","M","R","BOSS"],"items_purchased_type":["Relic","Relic","Relic","Potion"],"build_version":"2020-12-22","purchased_purges":0,"victory":true,"max_hp_per_floor":[70,70,70,70,70,70,70,70,70,70,70,70,70,70,70,70,70,70,70,70,70,75,75,75,75,75,75,75,75,75,75,75,75,75,75,75,75,75,75,75,75,75,82,82,82,82,82,82,82,82],"card_choices":[{"not_picked":["Backflip","Prepared"],"picked":"Backstab","floor":1},{"not_picked":["Dodge and Roll","Tactician"],"picked":"Flying Knee","floor":2},{"not_picked":["Quick Slash","Deflect"],"picked":"Distraction","floor":3},{"not_picked":["Reflex","Outmaneuver"],"picked":"Dodge and Roll","floor":6},{"not_picked":["Sucker Punch","Endless Agony"],"picked":"Slice","floor":10},{"not_picked":["Bane","Heel Hook"],"picked":"Dash","floor":11},{"not_picked":["Slice","Quick Slash"],"picked":"Infinite Blades+1","floor":12},{"not_picked":["Bouncing Flask","Choke"],"picked":"Envenom+1","floor":13},{"not_picked":["Prepared","Sucker Punch"],"picked":"Cloak And Dagger","floor":14},{"not_picked":["Malaise","Grand Finale"],"picked":"Adrenaline","floor":16},{"not_picked":["Flechettes+1","Skewer+1","Tactician+1"],"picked":"SKIP","floor":18},{"not_picked":["Choke","Flechettes"],"picked":"Backflip+1","floor":21},{"not_picked":["Sucker Punch","Footwork+1"],"picked":"Backstab","floor":22},{"not_picked":["Calculated Gamble","Bane+1","Escape Plan"],"picked":"SKIP","floor":23},{"not_picked":["Flying Knee","Blur"],"picked":"Accuracy+1","floor":25},{"not_picked":["Dodge and Roll","Dagger Spray"],"picked":"Blade Dance","floor":27},{"not_picked":["Underhanded Strike","Backflip","Quick Slash"],"picked":"SKIP","floor":28},{"not_picked":["Flying Knee","Dagger Spray"],"picked":"PiercingWail+1","floor":31},{"not_picked":["Quick Slash+1","Outmaneuver+1"],"picked":"Cloak And Dagger","floor":35},{"not_picked":["Flying Knee","Quick Slash+1"],"picked":"Blur+1","floor":36},{"not_picked":["Slice","Underhanded Strike+1","Predator"],"picked":"SKIP","floor":39},{"not_picked":["PiercingWail+1","Distraction","Bane+1"],"picked":"SKIP","floor":40},{"not_picked":["Dagger Spray","Skewer","Outmaneuver"],"picked":"SKIP","floor":41},{"not_picked":["Predator+1","Riddle With Holes","Finisher+1"],"picked":"SKIP","floor":42},{"not_picked":["Crippling Poison","Unload","Dagger Throw+1"],"picked":"SKIP","floor":44},{"not_picked":["PiercingWail","Backflip","Quick Slash"],"picked":"SKIP","floor":46},{"not_picked":["Outmaneuver+1","Crippling Poison+1","Dagger Spray+1"],"picked":"SKIP","floor":47},{"not_picked":["Prepared","Escape Plan+1","Underhanded Strike+1"],"picked":"SKIP","floor":48}],"player_experience":174329,"relics_obtained":[{"floor":6,"key":"Kunai"},{"floor":9,"key":"Frozen Egg 2"},{"floor":11,"key":"FossilizedHelix"},{"floor":13,"key":"Art of War"},{"floor":17,"key":"Centennial Puzzle"},{"floor":17,"key":"Ninja Scroll"},{"floor":17,"key":"Thread and Needle"},{"floor":23,"key":"War Paint"},{"floor":25,"key":"Ice Cream"},{"floor":26,"key":"Matryoshka"},{"floor":27,"key":"MealTicket"},{"floor":36,"key":"Calipers"},{"floor":40,"key":"Paper Crane"},{"floor":42,"key":"Oddly Smooth Stone"},{"floor":43,"key":"Strawberry"},{"floor":43,"key":"The Specimen"},{"floor":44,"key":"MawBank"},{"floor":47,"key":"Anchor"}],"event_choices":[{"damage_healed":0,"gold_gain":75,"player_choice":"Gained Gold","damage_taken":0,"max_hp_gain":0,"max_hp_loss":0,"event_name":"Golden Wing","floor":4,"gold_loss":0},{"damage_healed":0,"gold_gain":0,"player_choice":"Entered Light","damage_taken":14,"max_hp_gain":0,"max_hp_loss":0,"event_name":"Shining Light","floor":5,"gold_loss":0,"cards_upgraded":["Defend_G","Defend_G"]},{"cards_removed":["Distraction"],"damage_healed":38,"gold_gain":0,"player_choice":"Offered Uncommon","damage_taken":0,"max_hp_gain":0,"max_hp_loss":0,"event_name":"Bonfire Elementals","floor":7,"gold_loss":0},{"cards_removed":["Strike_G"],"damage_healed":0,"gold_gain":0,"player_choice":"Elegance","damage_taken":0,"max_hp_gain":0,"max_hp_loss":0,"event_name":"Back to Basics","floor":19,"gold_loss":0},{"damage_healed":0,"gold_gain":0,"player_choice":"Trade","damage_taken":0,"relics_obtained":["GremlinMask"],"max_hp_gain":0,"max_hp_loss":0,"event_name":"FaceTrader","floor":20,"gold_loss":0},{"cards_removed":["Strike_G"],"damage_healed":0,"gold_gain":0,"player_choice":"Purged","damage_taken":0,"max_hp_gain":0,"max_hp_loss":0,"event_name":"Purifier","floor":29,"gold_loss":0},{"damage_healed":0,"gold_gain":0,"player_choice":"Fight","damage_taken":0,"max_hp_gain":0,"max_hp_loss":0,"event_name":"Mysterious Sphere","floor":36,"gold_loss":0},{"damage_healed":0,"gold_gain":0,"player_choice":"Gave Potion","damage_taken":0,"relics_obtained":["InkBottle"],"max_hp_gain":0,"max_hp_loss":0,"event_name":"WeMeetAgain","floor":37,"gold_loss":0}],"is_beta":false,"boss_relics":[{"not_picked":["Runic Dome","Philosopher\u0027s Stone"],"picked":"Calling Bell"},{"not_picked":["Fusion Hammer","Astrolabe"],"picked":"SlaversCollar"}],"items_purged_floors":[],"is_endless":false,"potions_floor_spawned":[1,11,12,13,14,16,22,27,31,33,35,39,42,44,48],"ascension_level":3}}