{"host":"0x0gr83ly0vxzjzg","time":1611193469,"event":{"mods":["BaseMod","Bestiary","Better Skull","Curses Come First","Hubris","Infinite Spire","Minty Spire (QoL Compilation)","Shop Mod","StSLib","The Cursed","The Servant 0.9.4"],"gold_per_floor":[115,14,26,26,43,73,88,88,112,112,141,153,183,183,183,285,335,350,36,49,64,83,114,114,114],"floor_reached":24,"language":"ENG","playtime":1981,"items_purged":[],"score":253,"play_id":"f08ac50c-7b06-4e7b-9c77-fa9e659f7a4c","local_time":"20210120204429","is_ascension_mode":false,"campfire_choices":[{"floor":10.0,"key":"REST"},{"data":"TheCursedMod:AbyssShockwave","floor":15.0,"key":"SMITH"}],"circlet_count":0,"master_deck":["TheCursedMod:Strike_TheCursed","TheCursedMod:Strike_TheCursed","TheCursedMod:Strike_TheCursed+1","TheCursedMod:Defend_TheCursed","TheCursedMod:Defend_TheCursed","TheCursedMod:Defend_TheCursed","TheCursedMod:Defend_TheCursed","TheCursedMod:CursedWand","TheCursedMod:CleanUpWorkshop","TheCursedMod:Dregs","TheCursedMod:AbyssShockwave+1","TheCursedMod:CursedShiv","TheCursedMod:WearCloak","TheCursedMod:CursedSpellbook+1","TheCursedMod:CircleOfFlame","TheCursedMod:OutForBlood","TheCursedMod:Wield+1","TheCursedMod:CircleOfCorruption","TheCursedMod:Obscuration","TheCursedMod:DarkBarrier","TheCursedMod:CircleOfBlood","TheCursedMod:CursedShiv","TheCursedMod:CircleOfBlood","Secret Weapon","TheCursedMod:SmokeScreen","TheCursedMod:CursedBlade","TheCursedMod:BlessingInDisguise","TheCursedMod:Wield","TheCursedMod:CursedSpellbook","TheCursedMod:FleshFromBone"],"relics":["TheCursedMod:OminousMark","Bird Faced Urn","infinitespire:Lucky Rock","PreservedInsect","Bag of Marbles","Tiny House","infinitespire:Beetle Shell"],"acts_visited":["Exordium","TheCity"],"potions_floor_usage":[],"damage_taken":[{"damage":0.0,"enemies":"Cultist","floor":1.0,"turns":6.0},{"damage":2.0,"enemies":"Small Slimes","floor":3.0,"turns":5.0},{"damage":0.0,"enemies":"2 Louse","floor":5.0,"turns":1.0},{"damage":20.0,"enemies":"3 Sentries","floor":6.0,"turns":7.0},{"damage":8.0,"enemies":"Large Slime","floor":7.0,"turns":4.0},{"damage":0.0,"enemies":"Gremlin Nob","floor":11.0,"turns":3.0},{"damage":0.0,"enemies":"Gremlin Gang","floor":12.0,"turns":1.0},{"damage":34.0,"enemies":"Slime Boss","floor":16.0,"turns":11.0},{"damage":23.0,"enemies":"Spheric Guardian","floor":18.0,"turns":5.0},{"damage":4.0,"enemies":"3 Byrds","floor":20.0,"turns":2.0},{"damage":1.0,"enemies":"3 Cultists","floor":21.0,"turns":4.0},{"damage":17.0,"enemies":"Snake Plant","floor":22.0,"turns":3.0},{"damage":39.0,"enemies":"Book of Stabbing","floor":23.0,"turns":5.0},{"damage":36,"enemies":"Snecko","floor":24,"turns":7}],"seed_played":"4867861573060765905","potions_obtained":[{"floor":6.0,"key":"Fire Potion"},{"floor":7.0,"key":"FearPotion"},{"floor":11.0,"key":"Ancient Potion"},{"floor":12.0,"key":"Strength Potion"},{"floor":16.0,"key":"LiquidMemories"},{"floor":17.0,"key":"DuplicationPotion"},{"floor":18.0,"key":"AttackPotion"}],"is_trial":false,"path_per_floor":["M","$","M","$","M","E","M","?","T","R","E","M","?","?","R","B",null,"M","$","M","M","M","E","M"],"character_chosen":"THE_CURSED","items_purchased":["TheCursedMod:CursedShiv","TheCursedMod:WearCloak","TheCursedMod:CircleOfBlood","Secret Weapon","TheCursedMod:SmokeScreen","TheCursedMod:CursedBlade"],"campfire_rested":1,"item_purchase_floors":[2,2,19,19,19,19],"current_hp_per_floor":[75,75,73,73,73,53,47,32,32,54,54,54,54,54,54,26,80,57,57,63,64,53,28,0,0],"gold":114,"neow_bonus":"BOSS_RELIC","is_daily":false,"chose_seed":false,"campfire_upgraded":1,"win_rate":0.0,"timestamp":1611193469,"path_taken":["M","$","M","?","M","E","?","?","T","R","E","M","?","?","R","BOSS","M","$","M","M","?","E","M"],"items_purchased_type":["Card","Card","Card","Card","Card","Card"],"build_version":"2020-12-22","purchased_purges":0,"victory":false,"max_hp_per_floor":[75,75,75,75,75,75,75,75,75,75,75,75,75,75,75,75,80,80,80,80,80,80,80,80,80],"card_choices":[{"not_picked":["TheCursedMod:HellsGateOpen","TheCursedMod:TacticalStrike"],"picked":"TheCursedMod:AbyssShockwave","floor":1.0},{"not_picked":["TheCursedMod:FuryStrike","TheCursedMod:SurpriseAttack"],"picked":"TheCursedMod:CursedSpellbook","floor":3.0},{"not_picked":["TheCursedMod:CursedShiv","TheCursedMod:Torture"],"picked":"TheCursedMod:CircleOfFlame","floor":5.0},{"not_picked":["TheCursedMod:CircleOfWindfury","TheCursedMod:SurpriseAttack"],"picked":"TheCursedMod:OutForBlood","floor":6.0},{"not_picked":["TheCursedMod:StingEye","TheCursedMod:PrepareRite"],"picked":"TheCursedMod:Wield","floor":7.0},{"not_picked":["TheCursedMod:CursedBlade","TheCursedMod:CursedSpellbook"],"picked":"TheCursedMod:CircleOfCorruption","floor":11.0},{"not_picked":["TheCursedMod:Wield","TheCursedMod:CursedMace"],"picked":"TheCursedMod:Obscuration","floor":12.0},{"not_picked":["TheCursedMod:CursedRelics","TheCursedMod:Neurasthenia"],"picked":"TheCursedMod:DarkBarrier","floor":16.0},{"not_picked":["TheCursedMod:Grudge","TheCursedMod:PrepareRite"],"picked":"TheCursedMod:CircleOfBlood","floor":17.0},{"not_picked":["TheCursedMod:Stretching","TheCursedMod:ReleasedKnowledge"],"picked":"TheCursedMod:CursedShiv","floor":18.0},{"not_picked":["TheCursedMod:CursedBoomerang","TheCursedMod:Grudge"],"picked":"TheCursedMod:BlessingInDisguise","floor":20.0},{"not_picked":["TheCursedMod:CircleOfFocus","TheCursedMod:FleshFromBone+1"],"picked":"TheCursedMod:Wield","floor":21.0},{"not_picked":["TheCursedMod:SmokeScreen","TheCursedMod:TacticalStrike"],"picked":"TheCursedMod:CursedSpellbook","floor":22.0},{"not_picked":["TheCursedMod:CircleOfAmplification+1","TheCursedMod:SpitefulStrike"],"picked":"TheCursedMod:FleshFromBone","floor":23.0}],"player_experience":104409,"relics_obtained":[{"floor":6.0,"key":"Bird Faced Urn"},{"floor":9.0,"key":"infinitespire:Lucky Rock"},{"floor":11.0,"key":"PreservedInsect"},{"floor":23.0,"key":"infinitespire:Beetle Shell"}],"event_choices":[{"damage_healed":0.0,"max_hp_gain":0.0,"max_hp_loss":0.0,"gold_gain":0.0,"event_name":"Shining Light","player_choice":"Entered Light","floor":8.0,"gold_loss":0.0,"damage_taken":15.0,"cards_upgraded":["TheCursedMod:CursedSpellbook","TheCursedMod:Wield"]},{"damage_healed":0.0,"max_hp_gain":0.0,"max_hp_loss":0.0,"gold_gain":30.0,"event_name":"Dead Adventurer","player_choice":"Searched \u00272\u0027 times","floor":13.0,"gold_loss":0.0,"damage_taken":0.0,"relics_obtained":["Bag of Marbles"]},{"cards_removed":["TheCursedMod:Strike_TheCursed"],"damage_healed":0.0,"max_hp_gain":0.0,"max_hp_loss":0.0,"gold_gain":0.0,"event_name":"Purifier","player_choice":"Purged","floor":14.0,"gold_loss":0.0,"damage_taken":0.0}],"is_beta":false,"boss_relics":[{"not_picked":["hubris:RunicObelisk","SlaversCollar"],"picked":"Tiny House"}],"items_purged_floors":[],"is_endless":false,"potions_floor_spawned":[6,7,11,12,16,18],"killed_by":"Snecko","ascension_level":0}}