{"host":"mi0eibewekhugwl1","time":1611232175,"event":{"mods":["AchievementEnabler","BaseMod","Colored Map","Colored Powertips","DeckTracker","Keyboard Shortcuts","Minty Spire (QoL Compilation)","Quick Restart","Rare Cards Sparkle","Relic Stats","StSLib","SuperFastMode","everything is the same but u backflip on backflip"],"gold_per_floor":[117,132,132,151,22,22,57,57,125,139,149,149,149,161,161,161,161],"floor_reached":16,"language":"KOR","playtime":256,"items_purged":["Pain"],"score":204,"play_id":"326051fc-ac8d-4801-bd43-5b8baae334df","local_time":"20210121212935","is_ascension_mode":true,"campfire_choices":[{"data":"Dagger Spray","floor":6,"key":"SMITH"},{"data":"Neutralize","floor":8,"key":"SMITH"},{"floor":13,"key":"REST"},{"data":"Calculated Gamble","floor":15,"key":"SMITH"}],"circlet_count":0,"master_deck":["AscendersBane","Strike_G+1","Strike_G","Strike_G","Strike_G","Defend_G","Defend_G","Defend_G","Defend_G","Defend_G","Survivor","Neutralize+1","Deadly Poison","Riddle With Holes+1","Poisoned Stab","Backstab","Dagger Spray+1","Heel Hook","Calculated Gamble+1","PiercingWail"],"relics":["Ring of the Snake","WarpedTongs","Whetstone","Blood Vial"],"acts_visited":["Exordium"],"potions_floor_usage":[16],"damage_taken":[{"damage":0,"enemies":"Jaw Worm","floor":1,"turns":6},{"damage":1,"enemies":"Cultist","floor":2,"turns":4},{"damage":2,"enemies":"2 Louse","floor":4,"turns":3},{"damage":25,"enemies":"Gremlin Nob","floor":7,"turns":4},{"damage":8,"enemies":"Gremlin Gang","floor":10,"turns":3},{"damage":1,"enemies":"2 Fungi Beasts","floor":11,"turns":2},{"damage":0,"enemies":"3 Louse","floor":14,"turns":2},{"damage":50,"enemies":"Slime Boss","floor":16,"turns":7}],"seed_played":"488965856294746605","potions_obtained":[{"floor":2,"key":"Weak Potion"},{"floor":7,"key":"Regen Potion"}],"is_trial":false,"path_per_floor":["M","M","?","M","$","R","E","R","T","M","M","?","R","M","R","B"],"character_chosen":"THE_SILENT","items_purchased":["Dagger Spray"],"campfire_rested":1,"item_purchase_floors":[5],"current_hp_per_floor":[59,58,58,56,56,56,31,31,31,23,22,11,30,32,32,0,0],"gold":161,"neow_bonus":"TRANSFORM_CARD","is_daily":false,"chose_seed":false,"campfire_upgraded":3,"win_rate":0.0,"timestamp":1611232175,"path_taken":["M","M","?","M","$","R","E","R","T","?","M","?","R","M","R","BOSS"],"items_purchased_type":["Card"],"build_version":"2020-12-22","purchased_purges":1,"victory":false,"max_hp_per_floor":[66,66,66,66,66,66,66,66,66,66,66,66,66,66,66,66,66],"relic_stats":{"Blood Vial":4,"counters":[8,31],"Whetstone":["Strike_G","Riddle With Holes"],"obtain_stats":[{"Blood Vial":12,"Whetstone":7,"Ring of the Snake":0,"WarpedTongs":3},{"Blood Vial":6,"Whetstone":4,"Ring of the Snake":0,"WarpedTongs":2},{"Blood Vial":22,"Whetstone":17,"Ring of the Snake":0,"WarpedTongs":10}],"Ring of the Snake":[16],"WarpedTongs":[21]},"card_choices":[{"not_picked":["Slice","Backflip"],"picked":"Riddle With Holes","floor":1},{"not_picked":["Prepared","Tools of the Trade"],"picked":"Poisoned Stab","floor":2},{"not_picked":["Slice","Infinite Blades"],"picked":"Backstab","floor":4},{"not_picked":["Bane","Bouncing Flask"],"picked":"Heel Hook","floor":7},{"not_picked":["Backflip","Slice"],"picked":"Calculated Gamble","floor":10},{"not_picked":["Dagger Throw","Expertise"],"picked":"PiercingWail","floor":11},{"not_picked":["Skewer","Prepared","Poisoned Stab"],"picked":"SKIP","floor":14}],"player_experience":1745529,"relics_obtained":[{"floor":7,"key":"Whetstone"}],"event_choices":[{"damage_healed":0,"gold_gain":0,"player_choice":"Rummage","damage_taken":0,"relics_obtained":["WarpedTongs"],"max_hp_gain":0,"max_hp_loss":0,"event_name":"Accursed Blacksmith","floor":3,"gold_loss":0,"cards_obtained":["Pain"]},{"damage_healed":0,"gold_gain":0,"player_choice":"Success","damage_taken":11,"relics_obtained":["Blood Vial"],"max_hp_gain":0,"max_hp_loss":0,"event_name":"Scrap Ooze","floor":12,"gold_loss":0}],"is_beta":false,"boss_relics":[],"items_purged_floors":[5],"is_endless":false,"potions_floor_spawned":[2,7,10],"killed_by":"Slime Boss","ascension_level":20}}