{"host":"zekcc3vicrep0och","time":1611234691,"event":{"mods":["AchievementEnabler","BaseMod","Colored Map","Colored Powertips","Displayed Cursed Tome","Highlight Path","Minty Spire (QoL Compilation)","Quick Restart","Relic Stats","StSLib","The Cursed"],"gold_per_floor":[109,125,125,125,136,164,164,192,192,203,235,249,249,269,269,341,341,361,379,349,16,68,68,68,68],"floor_reached":24,"language":"ENG","playtime":866,"items_purged":["Strike_P"],"score":446,"play_id":"ac1b6520-baf3-40e7-83c3-2babbd718c25","local_time":"20210121161131","is_ascension_mode":true,"campfire_choices":[{"data":"FlyingSleeves","floor":7.0,"key":"SMITH"},{"floor":15.0,"key":"REST"},{"data":"Perseverance","floor":23.0,"key":"SMITH"}],"circlet_count":0,"master_deck":["AscendersBane","Strike_P","Strike_P","Strike_P","Defend_P","Defend_P","Defend_P","Defend_P","Eruption+1","Vigilance","ThirdEye","Protect","FlyingSleeves+1","Wallop","Evaluate","EmptyBody","WheelKick","Halt","Perseverance+1","Evaluate"],"relics":["Busted Crown","Boot","Bottled Lightning","Bag of Preparation","Matryoshka","Art of War","Black Star","Lantern","Juzu Bracelet","Omamori"],"acts_visited":["TheCity"],"potions_floor_usage":[24],"damage_taken":[{"damage":1.0,"enemies":"2 Louse","floor":1.0,"turns":4.0},{"damage":0.0,"enemies":"Jaw Worm","floor":2.0,"turns":5.0},{"damage":4.0,"enemies":"Small Slimes","floor":5.0,"turns":4.0},{"damage":18.0,"enemies":"Gremlin Nob","floor":6.0,"turns":4.0},{"damage":7.0,"enemies":"Lagavulin","floor":8.0,"turns":6.0},{"damage":0.0,"enemies":"Looter","floor":10.0,"turns":3.0},{"damage":0.0,"enemies":"Gremlin Nob","floor":11.0,"turns":2.0},{"damage":5.0,"enemies":"Exordium Thugs","floor":12.0,"turns":4.0},{"damage":1.0,"enemies":"Blue Slaver","floor":14.0,"turns":3.0},{"damage":16.0,"enemies":"Slime Boss","floor":16.0,"turns":9.0},{"damage":17.0,"enemies":"Chosen","floor":18.0,"turns":4.0},{"damage":4.0,"enemies":"2 Thieves","floor":19.0,"turns":3.0},{"damage":8,"enemies":"Gremlin Leader","floor":24,"turns":8}],"seed_played":"-7225547000063601218","potions_obtained":[{"floor":5.0,"key":"SneckoOil"},{"floor":6.0,"key":"Strength Potion"},{"floor":10.0,"key":"DuplicationPotion"},{"floor":16.0,"key":"SkillPotion"},{"floor":20.0,"key":"Ancient Potion"},{"floor":20.0,"key":"Dexterity Potion"}],"is_trial":false,"path_per_floor":["M","M","?","?","M","E","R","E","T","M","E","M","?","M","R","B",null,"M","M","?","$","T","R","E"],"character_chosen":"WATCHER","items_purchased":["Perseverance","Lantern","Evaluate"],"campfire_rested":1,"item_purchase_floors":[21,21,21],"current_hp_per_floor":[60,60,60,60,56,38,38,31,31,31,31,26,21,20,40,24,57,40,36,36,36,36,36,28,28],"gold":68,"neow_bonus":"BOSS_RELIC","is_daily":false,"chose_seed":false,"campfire_upgraded":2,"win_rate":0.0,"timestamp":1611234691,"path_taken":["M","M","?","?","M","E","R","E","T","M","E","M","?","M","R","BOSS","M","M","?","$","?","R","E"],"items_purchased_type":["Card","Relic","Card"],"build_version":"2020-12-22","purchased_purges":1,"victory":false,"max_hp_per_floor":[68,68,68,68,68,68,68,68,68,68,68,68,68,68,68,68,68,68,68,68,68,68,68,68,68],"relic_stats":{"Busted Crown":26,"counters":[13,59],"Bag of Preparation":[16],"Art of War":[3],"Black Star":0,"Juzu Bracelet":0,"Boot":[1],"obtain_stats":[{"Lantern":21,"Busted Crown":0,"Matryoshka":11,"Bag of Preparation":9,"Art of War":13,"Black Star":17,"Juzu Bracelet":22,"Omamori":22,"Bottled Lightning":8,"PureWater":0,"Boot":6},{"Lantern":12,"Busted Crown":0,"Matryoshka":7,"Bag of Preparation":5,"Art of War":8,"Black Star":10,"Juzu Bracelet":12,"Omamori":12,"Bottled Lightning":5,"PureWater":0,"Boot":4},{"Lantern":51,"Busted Crown":0,"Matryoshka":28,"Bag of Preparation":23,"Art of War":32,"Black Star":44,"Juzu Bracelet":51,"Omamori":51,"Bottled Lightning":23,"PureWater":0,"Boot":17}]},"card_choices":[{"not_picked":[],"picked":"ThirdEye","floor":1.0},{"not_picked":[],"picked":"Protect","floor":2.0},{"not_picked":[],"picked":"FlyingSleeves","floor":5.0},{"not_picked":[],"picked":"Wallop","floor":6.0},{"not_picked":[],"picked":"Evaluate","floor":8.0},{"not_picked":["ThirdEye"],"picked":"SKIP","floor":10.0},{"not_picked":[],"picked":"EmptyBody","floor":11.0},{"not_picked":[],"picked":"WheelKick","floor":12.0},{"not_picked":[],"picked":"Halt","floor":14.0},{"not_picked":["WindmillStrike+1"],"picked":"SKIP","floor":18.0},{"not_picked":["Consecrate"],"picked":"SKIP","floor":19.0}],"player_experience":543148,"relics_obtained":[{"floor":6.0,"key":"Boot"},{"floor":8.0,"key":"Bottled Lightning"},{"floor":9.0,"key":"Bag of Preparation"},{"floor":11.0,"key":"Matryoshka"},{"floor":22.0,"key":"Juzu Bracelet"},{"floor":22.0,"key":"Omamori"}],"event_choices":[{"damage_healed":0.0,"max_hp_gain":0.0,"max_hp_loss":0.0,"gold_gain":0.0,"event_name":"Living Wall","player_choice":"Grow","floor":3.0,"gold_loss":0.0,"damage_taken":0.0,"cards_upgraded":["Eruption"]},{"damage_healed":0.0,"max_hp_gain":0.0,"max_hp_loss":0.0,"gold_gain":0.0,"event_name":"Liars Game","player_choice":"Ignored","floor":4.0,"gold_loss":0.0,"damage_taken":0.0},{"damage_healed":0.0,"max_hp_gain":0.0,"max_hp_loss":0.0,"gold_gain":0.0,"event_name":"Scrap Ooze","player_choice":"Success","floor":13.0,"gold_loss":0.0,"damage_taken":5.0,"relics_obtained":["Art of War"]},{"damage_healed":0.0,"max_hp_gain":0.0,"max_hp_loss":0.0,"gold_gain":0.0,"event_name":"The Woman in Blue","player_choice":"Bought 2 Potions","floor":20.0,"gold_loss":0.0,"damage_taken":0.0}],"is_beta":false,"boss_relics":[{"not_picked":["Coffee Dripper","Runic Pyramid"],"picked":"Black Star"}],"items_purged_floors":[21],"is_endless":false,"potions_floor_spawned":[5,6,10,16],"killed_by":"Gremlin Leader","ascension_level":17}}