{"host":"42xxsmacr0f6ikcz","time":1611233309,"event":{"mods":["AchievementEnabler","BaseMod","Block Reminder","Minty Spire (QoL Compilation)","Relic Stats","StSLib"],"gold_per_floor":[110,127,137,148,148,148,179,191,191,222,239,259,259,269,269,372,372,388,233,253,267,281,281,309,309,335,362,31,46,64,64,64],"floor_reached":31,"language":"ENG","playtime":1893,"items_purged":["Strike_B"],"score":398,"play_id":"043a8334-208f-4fbf-a48d-3b33cdf7e804","local_time":"20210121074829","daily_mods":["Heirloom"],"is_ascension_mode":false,"campfire_choices":[{"data":"Defragment","floor":6,"key":"SMITH"},{"data":"Genetic Algorithm","floor":13,"key":"SMITH"},{"floor":15,"key":"REST"},{"data":"Defragment","floor":23,"key":"SMITH"},{"floor":25,"key":"REST"}],"circlet_count":0,"master_deck":["Strike_B","Strike_B","Defend_B","Defend_B","Defend_B","Defend_B","Zap","Dualcast","Loop","Barrage","Defragment+1","Go for the Eyes","Compile Driver","Ball Lightning","Capacitor","Genetic Algorithm+1","Chaos","Core Surge","Consume","Defragment+1","Leap+1","Steam","Coolheaded+1","Turbo","Coolheaded","Glacier","Apotheosis","Defragment","Conserve Battery+1"],"relics":["Cracked Core","Pocketwatch","InkBottle","HornCleat","Strawberry","Inserter","Shovel","Oddly Smooth Stone","Red Mask"],"acts_visited":["Exordium","TheCity"],"potions_floor_usage":[7,16,18,24,27,31],"damage_taken":[{"damage":0,"enemies":"Small Slimes","floor":1,"turns":3},{"damage":1,"enemies":"Cultist","floor":2,"turns":3},{"damage":6,"enemies":"Jaw Worm","floor":3,"turns":3},{"damage":13,"enemies":"3 Louse","floor":4,"turns":3},{"damage":25,"enemies":"3 Sentries","floor":7,"turns":6},{"damage":12,"enemies":"Looter","floor":8,"turns":3},{"damage":0,"enemies":"Gremlin Nob","floor":10,"turns":3},{"damage":0,"enemies":"Large Slime","floor":11,"turns":3},{"damage":1,"enemies":"2 Fungi Beasts","floor":12,"turns":3},{"damage":19,"enemies":"Exordium Thugs","floor":14,"turns":4},{"damage":19,"enemies":"Slime Boss","floor":16,"turns":6},{"damage":13,"enemies":"Shell Parasite","floor":18,"turns":5},{"damage":16,"enemies":"3 Byrds","floor":20,"turns":5},{"damage":7,"enemies":"Sentry and Sphere","floor":21,"turns":5},{"damage":28,"enemies":"3 Cultists","floor":22,"turns":6},{"damage":7,"enemies":"Book of Stabbing","floor":24,"turns":6},{"damage":17,"enemies":"Masked Bandits","floor":27,"turns":4},{"damage":8,"enemies":"Chosen and Byrds","floor":29,"turns":5},{"damage":11,"enemies":"Centurion and Healer","floor":30,"turns":7},{"damage":0,"enemies":"Colosseum Slavers","floor":31,"turns":3},{"damage":23,"enemies":"Colosseum Nobs","floor":31,"turns":5}],"seed_played":"-572471471124161156","potions_obtained":[{"floor":1,"key":"FearPotion"},{"floor":3,"key":"Fire Potion"},{"floor":7,"key":"LiquidBronze"},{"floor":11,"key":"Dexterity Potion"},{"floor":14,"key":"Fire Potion"},{"floor":16,"key":"Fruit Juice"},{"floor":18,"key":"Explosive Potion"},{"floor":20,"key":"Energy Potion"},{"floor":24,"key":"PowerPotion"},{"floor":30,"key":"SteroidPotion"}],"is_trial":true,"path_per_floor":["M","M","M","M","?","R","E","M","T","E","M","M","R","M","R","B",null,"M","$","M","M","M","R","E","R","T","?","$","M","M","?"],"character_chosen":"DEFECT","items_purchased":["Defragment","Glacier","Apotheosis","Defragment"],"campfire_rested":2,"item_purchase_floors":[19,28,28,28],"current_hp_per_floor":[75,74,68,55,55,55,30,18,18,25,25,24,24,5,29,10,82,74,74,58,51,23,23,16,42,42,25,25,17,6,0,0],"gold":64,"neow_bonus":"","is_daily":false,"chose_seed":false,"campfire_upgraded":3,"win_rate":0.0,"timestamp":1611233309,"path_taken":["M","M","M","M","?","R","E","?","T","E","M","M","R","M","R","BOSS","M","$","M","M","M","R","E","R","T","?","$","M","M","?"],"items_purchased_type":["Card","Card","Card","Card"],"build_version":"2020-12-22","purchased_purges":1,"victory":false,"max_hp_per_floor":[75,75,75,75,75,75,75,75,75,82,82,82,82,82,82,82,82,87,87,87,87,87,87,87,87,87,87,87,87,87,87,87],"relic_stats":{"Inserter":[25],"Shovel":0,"counters":[21,91],"obtain_stats":[{"HornCleat":9,"Inserter":17,"Shovel":24,"Strawberry":10,"Oddly Smooth Stone":26,"Red Mask":27,"Cracked Core":0,"InkBottle":7,"Pocketwatch":0},{"HornCleat":6,"Inserter":11,"Shovel":16,"Strawberry":7,"Oddly Smooth Stone":16,"Red Mask":17,"Cracked Core":0,"InkBottle":5,"Pocketwatch":0},{"HornCleat":21,"Inserter":40,"Shovel":67,"Strawberry":24,"Oddly Smooth Stone":67,"Red Mask":71,"Cracked Core":0,"InkBottle":18,"Pocketwatch":0}],"InkBottle":[22],"Pocketwatch":[174]},"card_choices":[{"not_picked":["Compile Driver","Chill"],"picked":"Loop","floor":1},{"not_picked":["Leap","Steam"],"picked":"Barrage","floor":2},{"not_picked":["Chaos","Storm"],"picked":"Defragment","floor":3},{"not_picked":["Redo","Storm"],"picked":"Go for the Eyes","floor":4},{"not_picked":["Consume","Rebound"],"picked":"Compile Driver","floor":7},{"not_picked":["Reinforced Body","Leap"],"picked":"Ball Lightning","floor":8},{"not_picked":["Multi-Cast","Leap"],"picked":"Capacitor","floor":10},{"not_picked":["Go for the Eyes","Stack"],"picked":"Genetic Algorithm","floor":11},{"not_picked":["Melter","Ball Lightning"],"picked":"Chaos","floor":12},{"not_picked":["Rip and Tear","Beam Cell","Reprogram"],"picked":"SKIP","floor":14},{"not_picked":["Reboot","Buffer"],"picked":"Core Surge","floor":16},{"not_picked":["Melter","Compile Driver+1"],"picked":"Consume","floor":18},{"not_picked":["BootSequence","Auto Shields"],"picked":"Leap+1","floor":20},{"not_picked":["Streamline","Rip and Tear"],"picked":"Steam","floor":21},{"not_picked":["Double Energy","Recycle+1"],"picked":"Coolheaded+1","floor":22},{"not_picked":["Gash+1","Melter"],"picked":"Turbo","floor":24},{"not_picked":["Conserve Battery","Auto Shields"],"picked":"Coolheaded","floor":27},{"not_picked":["Sweeping Beam","Barrage+1","BootSequence"],"picked":"SKIP","floor":29},{"not_picked":["Seek","Double Energy"],"picked":"Conserve Battery+1","floor":30}],"player_experience":169311,"relics_obtained":[{"floor":7,"key":"InkBottle"},{"floor":9,"key":"HornCleat"},{"floor":10,"key":"Strawberry"},{"floor":24,"key":"Shovel"},{"floor":26,"key":"Oddly Smooth Stone"},{"floor":27,"key":"Red Mask"}],"event_choices":[{"cards_removed":["Strike_B"],"damage_healed":0,"gold_gain":0,"player_choice":"Offered Basic","damage_taken":0,"max_hp_gain":0,"max_hp_loss":0,"event_name":"Bonfire Elementals","floor":5,"gold_loss":0},{"damage_healed":0,"gold_gain":0,"player_choice":"Fought Bandits","damage_taken":0,"max_hp_gain":0,"max_hp_loss":0,"event_name":"Masked Bandits","floor":27,"gold_loss":0},{"damage_healed":0,"gold_gain":0,"player_choice":"Fight","damage_taken":0,"max_hp_gain":0,"max_hp_loss":0,"event_name":"Colosseum","floor":31,"gold_loss":0},{"damage_healed":0,"gold_gain":0,"player_choice":"Fought Nobs","damage_taken":0,"max_hp_gain":0,"max_hp_loss":0,"event_name":"Colosseum","floor":31,"gold_loss":0}],"is_beta":false,"boss_relics":[{"not_picked":["Tiny House","Runic Dome"],"picked":"Inserter"}],"items_purged_floors":[19],"is_endless":true,"potions_floor_spawned":[1,3,7,11,14,16,18,20,21,24,30,31],"killed_by":"Colosseum Nobs","ascension_level":0}}