{"host":"och2iitg9ibgz06n","time":1611270905,"event":{"mods":["Abigail Mod","AchievementEnabler","Aspiration","BaseMod","Colored Powertips","Dio Mod","Hubris","Hyrulean Relics","Infinite Spire","Minty Spire (QoL Compilation)","Replay The Spire","Small Relic Pack","StSLib","The Animator","The Bug Knight","The Hierophant","The Jungle","The Saiyan","TheHero","Wandering Minibosses","everything is the same but u backflip on backflip","slay the spire mod where everything is the same but ironclad has a cowboy hat","vexMod"],"gold_per_floor":[111,111,111,124,199,226,226,243,243,243,268,54,71,103,103,205,205,223,240,240,259,271,271,271],"floor_reached":23,"language":"ENG","playtime":998,"items_purged":[],"score":283,"play_id":"2067e77b-071c-4f37-a9e4-b3b31fdf6f77","local_time":"20210121171505","is_ascension_mode":true,"campfire_choices":[{"data":"animeID:Deku","floor":7,"key":"SMITH"},{"floor":10,"key":"REST"},{"floor":15,"key":"REST"}],"circlet_count":0,"master_deck":["animeID:Deku+1","animeID:Bakugo","animeID:Smash","animeID:Smash","animeID:Smash","animeID:Smash","animeID:DefendMH","animeID:DefendMH","animeID:DefendMH","animeID:DefendMH","animeID:Bakugo","animeID:Iida","animeID:PresentMic","animeID:Kirishima","animeID:HowitzerImpact","animeID:FullCowl+1","animeID:TetsuTetsu+1","animeID:Mineta+1","animeID:FatGum+1","animeID:Ojiro+1","animeID:Tsuyu","animeID:Stain","animeID:USA_Smash+1","animeID:Tamaki","animeID:Deku+1","animeID:Iida+1"],"relics":["animeID:HeroCostume","Ancient Tea Set","Golden Egg","infinitespire:Beetle Shell","Orrery","hubris:MobiusCoin","Philosopher\u0027s Stone"],"acts_visited":["Exordium","TheCity"],"potions_floor_usage":[13,14,14,16],"damage_taken":[{"damage":5,"enemies":"Small Slimes","floor":1,"turns":3},{"damage":2,"enemies":"2 Louse","floor":4,"turns":2},{"damage":35,"enemies":"3 Sentries","floor":6,"turns":5},{"damage":2,"enemies":"Jaw Worm","floor":8,"turns":3},{"damage":44,"enemies":"Lagavulin","floor":11,"turns":7},{"damage":1,"enemies":"Exordium Thugs","floor":13,"turns":5},{"damage":0,"enemies":"Gremlin Nob","floor":14,"turns":3},{"damage":63,"enemies":"The Guardian","floor":16,"turns":25},{"damage":0,"enemies":"Spheric Guardian","floor":18,"turns":1},{"damage":17,"enemies":"Shell Parasite","floor":19,"turns":7},{"damage":5,"enemies":"3 Cultists","floor":21,"turns":4},{"damage":39,"enemies":"Snake Plant","floor":22,"turns":5},{"damage":87,"enemies":"Book of Stabbing","floor":23,"turns":6}],"seed_played":"-5534692857572453912","potions_obtained":[{"floor":1,"key":"Swift Potion"},{"floor":11,"key":"Toxic Potion"},{"floor":13,"key":"Explosive Potion"},{"floor":14,"key":"Block Potion"},{"floor":16,"key":"Elixir"},{"floor":18,"key":"Weak Potion"},{"floor":19,"key":"Venom Potion"}],"is_trial":false,"path_per_floor":["M","?","?","M","?","E","R","M","T","R","E","$","M","E","R","B",null,"M","M","?","M","M","E"],"character_chosen":"THE_HERO","items_purchased":["animeID:FullCowl","Orrery"],"campfire_rested":2,"item_purchase_floors":[12,12],"current_hp_per_floor":[77,77,77,77,66,33,33,33,33,57,19,19,32,43,67,82,82,82,78,78,80,54,0,0],"gold":271,"neow_bonus":"TEN_PERCENT_HP_BONUS","is_daily":false,"chose_seed":false,"campfire_upgraded":1,"win_rate":0.0,"timestamp":1611270905,"path_taken":["M","?","?","M","?","E","R","?","T","R","E","$","M","E","R","BOSS","M","M","?","?","M","E"],"items_purchased_type":["Card","Relic"],"build_version":"2020-12-22","purchased_purges":0,"victory":false,"max_hp_per_floor":[82,82,82,82,82,82,82,82,82,82,82,82,82,82,82,82,82,82,82,82,82,82,82,82],"card_choices":[{"not_picked":["animeID:Tamaki","animeID:Uraraka"],"picked":"animeID:Bakugo","floor":1},{"not_picked":["animeID:NightEye","animeID:Thirteen"],"picked":"animeID:Iida","floor":4},{"not_picked":["animeID:Himiko","animeID:Tamaki"],"picked":"animeID:PresentMic","floor":6},{"not_picked":["animeID:Mina","animeID:Himiko"],"picked":"animeID:Kirishima","floor":8},{"not_picked":["animeID:Dabi","animeID:Aoyama"],"picked":"animeID:HowitzerImpact","floor":11},{"not_picked":["animeID:Aoyama","animeID:Thirteen"],"picked":"animeID:TetsuTetsu","floor":12},{"not_picked":["animeID:Uraraka","animeID:Kaminari"],"picked":"animeID:Mineta","floor":12},{"not_picked":["animeID:Kirishima","animeID:SkinnyGum"],"picked":"animeID:FatGum","floor":12},{"not_picked":["animeID:DetroitSmash","animeID:Tengai"],"picked":"animeID:Ojiro","floor":12},{"not_picked":["animeID:TodorokiShoto","animeID:HowitzerImpact"],"picked":"animeID:Tsuyu","floor":13},{"not_picked":["animeID:Bakugo","animeID:Tengai"],"picked":"animeID:Stain","floor":14},{"not_picked":["animeID:Shigaraki","animeID:PresentMic"],"picked":"animeID:USA_Smash","floor":16},{"not_picked":["animeID:Kirishima","animeID:Ojiro"],"picked":"animeID:Tamaki","floor":18},{"not_picked":["animeID:Ojiro+1","animeID:Aoyama","animeID:Kirishima+1"],"picked":"SKIP","floor":19},{"not_picked":["animeID:Tamaki","animeID:Tsuyu+1"],"picked":"animeID:Iida+1","floor":21},{"not_picked":["animeID:Kaminari+1","animeID:GranTorino","animeID:Tsuyu+1"],"picked":"SKIP","floor":22}],"player_experience":446209,"relics_obtained":[{"floor":6,"key":"Ancient Tea Set"},{"floor":9,"key":"Golden Egg"},{"floor":11,"key":"infinitespire:Beetle Shell"},{"floor":14,"key":"hubris:MobiusCoin"}],"event_choices":[{"damage_healed":0,"gold_gain":0,"player_choice":"Ignored","damage_taken":0,"max_hp_gain":0,"max_hp_loss":0,"event_name":"Golden Wing","floor":3,"gold_loss":0},{"damage_healed":0,"gold_gain":75,"player_choice":"Gather Gold","damage_taken":11,"max_hp_gain":0,"max_hp_loss":0,"event_name":"World of Goop","floor":5,"gold_loss":0},{"damage_healed":0,"gold_gain":0,"player_choice":"Copied","damage_taken":0,"max_hp_gain":0,"max_hp_loss":0,"event_name":"Duplicator","floor":20,"gold_loss":0,"cards_obtained":["animeID:Deku"]}],"is_beta":false,"boss_relics":[{"not_picked":["relicPack:KazumaCape","Replay:Wanted Poster"],"picked":"Philosopher\u0027s Stone"}],"items_purged_floors":[],"is_endless":false,"potions_floor_spawned":[1,11,13,14,16,18,19,22],"killed_by":"Book of Stabbing","ascension_level":4}}