{"host":"5ezk7t18wcb10u1o","time":1611243232,"event":{"mods":["BaseMod","Bestiary","Colored Powertips","Minty Spire (QoL Compilation)","Relic Sorter"],"gold_per_floor":[117,127,143,162,172,172,172,97,97,135,147,179,191,203,215,326,338,334,306,332,360,372,410,422,469,481,525,537,537],"floor_reached":28,"language":"ENG","playtime":1967,"items_purged":["Eruption"],"score":412,"play_id":"23417584-9bb1-4125-bdcf-e423ebc4897b","local_time":"20210121153352","is_ascension_mode":true,"campfire_choices":[{"data":"LikeWater","floor":6.0,"key":"SMITH"},{"floor":11.0,"key":"REST"},{"data":"Wallop","floor":13.0,"key":"SMITH"},{"data":"Defend_P","floor":15.0,"key":"SMITH"},{"floor":24.0,"key":"REST"}],"circlet_count":0,"master_deck":["Strike_P","Strike_P","Strike_P","Strike_P","Defend_P","Defend_P","Defend_P","Defend_P+1","Vigilance","Wallop+1","LikeWater+1","InnerPeace","CrushJoints","Evaluate+1","SandsOfTime+1","ClearTheMind+1","Devotion","Consecrate","LikeWater","Protect+1","SashWhip+1","Evaluate+1"],"relics":["PureWater","MawBank","Turnip","SlaversCollar","PreservedInsect","Matryoshka","Regal Pillow","Omamori","War Paint"],"acts_visited":["Exordium","TheCity"],"potions_floor_usage":[25,28],"damage_taken":[{"damage":7.0,"enemies":"Cultist","floor":1.0,"turns":3.0},{"damage":0.0,"enemies":"Small Slimes","floor":2.0,"turns":4.0},{"damage":0.0,"enemies":"2 Louse","floor":3.0,"turns":2.0},{"damage":1.0,"enemies":"Red Slaver","floor":4.0,"turns":6.0},{"damage":8.0,"enemies":"Large Slime","floor":5.0,"turns":11.0},{"damage":0.0,"enemies":"Gremlin Gang","floor":7.0,"turns":1.0},{"damage":20.0,"enemies":"Gremlin Nob","floor":10.0,"turns":5.0},{"damage":4.0,"enemies":"2 Fungi Beasts","floor":12.0,"turns":4.0},{"damage":39.0,"enemies":"The Guardian","floor":16.0,"turns":14.0},{"damage":21.0,"enemies":"2 Thieves","floor":18.0,"turns":4.0},{"damage":0.0,"enemies":"Chosen","floor":20.0,"turns":5.0},{"damage":19.0,"enemies":"Centurion and Healer","floor":21.0,"turns":6.0},{"damage":13.0,"enemies":"Book of Stabbing","floor":23.0,"turns":6.0},{"damage":7,"enemies":"Slavers","floor":25,"turns":8},{"damage":2,"enemies":"Book of Stabbing","floor":27,"turns":6},{"damage":31,"enemies":"Cultist and Chosen","floor":28,"turns":6}],"seed_played":"-8937546616004626005","potions_obtained":[{"floor":1.0,"key":"SmokeBomb"},{"floor":4.0,"key":"ColorlessPotion"},{"floor":5.0,"key":"FearPotion"},{"floor":10.0,"key":"SteroidPotion"},{"floor":12.0,"key":"SteroidPotion"},{"floor":25,"key":"DuplicationPotion"},{"floor":27,"key":"LiquidBronze"}],"is_trial":false,"path_per_floor":["M","M","M","M","M","R","M","$","T","E","R","M","R","?","R","B",null,"M","?","M","M","?","E","R","E","T","E","M"],"character_chosen":"WATCHER","items_purchased":[],"campfire_rested":2,"item_purchase_floors":[],"current_hp_per_floor":[65,65,65,64,56,56,56,56,56,36,59,55,55,79,79,40,69,48,48,48,29,29,16,39,32,32,30,0,0],"gold":537,"neow_bonus":"TEN_PERCENT_HP_BONUS","is_daily":false,"chose_seed":false,"campfire_upgraded":3,"win_rate":0.0,"timestamp":1611243232,"path_taken":["M","?","M","M","M","R","M","?","T","E","R","M","R","?","R","BOSS","M","?","?","M","?","E","R","E","T","E","M"],"items_purchased_type":[],"build_version":"2020-12-22","purchased_purges":1,"victory":false,"max_hp_per_floor":[79,79,79,79,79,79,79,79,79,79,79,79,79,79,79,79,79,79,79,79,79,79,79,79,79,79,79,79,79],"card_choices":[{"not_picked":["ThirdEye","CrushJoints"],"picked":"Wallop","floor":1.0},{"not_picked":["EmptyMind","Fasting2"],"picked":"LikeWater","floor":2.0},{"not_picked":["JustLucky","Crescendo"],"picked":"InnerPeace","floor":3.0},{"not_picked":["Halt","JustLucky"],"picked":"CrushJoints","floor":4.0},{"not_picked":["Indignation","EmptyFist"],"picked":"Evaluate","floor":5.0},{"not_picked":["EmptyBody","Swivel"],"picked":"SandsOfTime","floor":10.0},{"not_picked":["FlurryOfBlows","Adaptation"],"picked":"ClearTheMind","floor":12.0},{"not_picked":["Brilliance","Ragnarok"],"picked":"Devotion","floor":16.0},{"not_picked":["Halt+1","FlurryOfBlows"],"picked":"Consecrate","floor":18.0},{"not_picked":["EmptyBody+1","Protect"],"picked":"LikeWater","floor":20.0},{"not_picked":["CrushJoints","PathToVictory"],"picked":"Protect","floor":21.0},{"not_picked":["PathToVictory","Crescendo","Halt"],"picked":"SKIP","floor":23.0},{"not_picked":["EmptyFist","Pray"],"picked":"SashWhip+1","floor":25},{"not_picked":["Protect","FollowUp+1"],"picked":"Evaluate+1","floor":27}],"player_experience":1155023,"relics_obtained":[{"floor":9.0,"key":"MawBank"},{"floor":10.0,"key":"Turnip"},{"floor":23.0,"key":"PreservedInsect"},{"floor":25,"key":"Matryoshka"},{"floor":26,"key":"Regal Pillow"},{"floor":26,"key":"Omamori"},{"floor":27,"key":"War Paint"}],"event_choices":[{"damage_healed":26.0,"max_hp_gain":0.0,"max_hp_loss":0.0,"gold_gain":0.0,"event_name":"Big Fish","player_choice":"Banana","floor":14.0,"gold_loss":0.0,"damage_taken":0.0},{"damage_healed":0.0,"max_hp_gain":0.0,"max_hp_loss":0.0,"gold_gain":0.0,"event_name":"Designer","player_choice":"Upgraded Two","floor":19.0,"gold_loss":40.0,"damage_taken":0.0,"cards_upgraded":["SandsOfTime","Evaluate"]},{"damage_healed":0.0,"max_hp_gain":0.0,"max_hp_loss":0.0,"gold_gain":0.0,"event_name":"FaceTrader","player_choice":"Leave","floor":22.0,"gold_loss":0.0,"damage_taken":0.0}],"is_beta":false,"boss_relics":[{"not_picked":["VioletLotus","Ectoplasm"],"picked":"SlaversCollar"}],"items_purged_floors":[8],"is_endless":false,"potions_floor_spawned":[1,4,5,10,12,25,27],"killed_by":"Cultist and Chosen","ascension_level":7}}