{"host":"0qlrtuw7bw78ucw4","time":1611238886,"event":{"mods":["BaseMod","Downfall","Minty Spire (QoL Compilation)","StSLib"],"gold_per_floor":[0,20,35,51,36,49,49,49,67,102,159,173,185,285,297,396,396,396,412,80,156,173,58,58,58,92,106,120,120,138,165,180,285,285,285,301,301,301,320,334,334,347,292,309,309,309,309],"floor_reached":45,"language":"ENG","playtime":3480,"items_purged":["sneckomod:Strike","sneckomod:Strike"],"score":486,"play_id":"1053171d-d25c-42b1-bc76-b32325746d95","local_time":"20210122012126","is_ascension_mode":true,"campfire_choices":[{"floor":1.0,"key":"DIG"},{"data":"sneckomod:DiceBoulder","floor":8.0,"key":"SMITH"},{"data":"sneckomod:DiceBoulder+1","floor":18.0,"key":"SMITH"},{"data":"sneckomod:DiceBoulder+2","floor":25.0,"key":"SMITH"},{"data":"sneckomod:DiceBoulder+3","floor":29.0,"key":"SMITH"},{"floor":35.0,"key":"RECALL"}],"circlet_count":0,"master_deck":["sneckomod:Defend","sneckomod:Defend","sneckomod:TailWhip","sneckomod:SnekBite","sneckomod:Nope","sneckomod:RainOfDice","sneckomod:UnknownBlock","sneckomod:DiceBoulder+4","sneckomod:UnknownBlock","Demon Form","sneckomod:UnknownRareSkill","sneckomod:QuickMove","sneckomod:IronFang","sneckomod:ImprovisedGuard","sneckomod:Cheat","sneckomod:SoulDraw+1","sneckomod:DefensiveFlair","sneckomod:UnknownUncommonSkill+1","sneckomod:Unknown3Cost","sneckomod:CheapStock+1"],"relics":["sneckomod:SneckoSoul","Shovel","Pantograph","hexamod:CandleOfCauterizing","Shuriken","Meat on the Bone","White Beast Statue","Busted Crown","Kunai","Blue Candle","Frozen Egg 2","HornCleat","Bottled Lightning","Empty Cage"],"acts_visited":["Exordium","TheCity","TheBeyond"],"potions_floor_usage":[45,45],"damage_taken":[{"damage":0.0,"enemies":"Cultist","floor":2.0,"turns":3.0},{"damage":0.0,"enemies":"Small Slimes","floor":3.0,"turns":3.0},{"damage":6.0,"enemies":"Jaw Worm","floor":4.0,"turns":2.0},{"damage":6.0,"enemies":"downfall:FleeingMerchant","floor":5.0,"turns":4.0},{"damage":4.0,"enemies":"Blue Slaver","floor":6.0,"turns":3.0},{"damage":12.0,"enemies":"Exordium Thugs","floor":9.0,"turns":7.0},{"damage":13.0,"enemies":"Lagavulin","floor":10.0,"turns":5.0},{"damage":12.0,"enemies":"Gremlin Nob","floor":11.0,"turns":3.0},{"damage":0.0,"enemies":"2 Fungi Beasts","floor":12.0,"turns":2.0},{"damage":0.0,"enemies":"3 Louse","floor":13.0,"turns":4.0},{"damage":18.0,"enemies":"downfall:LadyInBlue","floor":14.0,"turns":9.0},{"damage":6.0,"enemies":"Large Slime","floor":15.0,"turns":4.0},{"damage":32.0,"enemies":"DF_ARCHETYPE_STREAMLINE","floor":16.0,"turns":9.0},{"damage":10.0,"enemies":"Spheric Guardian","floor":19.0,"turns":4.0},{"damage":7.0,"enemies":"downfall:FleeingMerchant","floor":20.0,"turns":4.0},{"damage":14.0,"enemies":"Sentry and Sphere","floor":22.0,"turns":5.0},{"damage":4.0,"enemies":"downfall:FleeingMerchant","floor":23.0,"turns":4.0},{"damage":37.0,"enemies":"Book of Stabbing","floor":26.0,"turns":5.0},{"damage":20.0,"enemies":"3 Cultists","floor":27.0,"turns":6.0},{"damage":0.0,"enemies":"Centurion and Healer","floor":28.0,"turns":7.0},{"damage":5.0,"enemies":"Cultist and Chosen","floor":30.0,"turns":5.0},{"damage":24.0,"enemies":"Gremlin Leader","floor":31.0,"turns":6.0},{"damage":26.0,"enemies":"Snake Plant","floor":32.0,"turns":5.0},{"damage":32.0,"enemies":"IC_MUSHROOM_ARCHETYPE","floor":33.0,"turns":7.0},{"damage":22.0,"enemies":"3 Darklings","floor":36.0,"turns":6.0},{"damage":5.0,"enemies":"3 Shapes","floor":39.0,"turns":6.0},{"damage":21.0,"enemies":"3 Darklings","floor":40.0,"turns":6.0},{"damage":35.0,"enemies":"Transient","floor":42.0,"turns":5.0},{"damage":0.0,"enemies":"downfall:FleeingMerchant","floor":43.0,"turns":4.0},{"damage":34.0,"enemies":"Jaw Worm Horde","floor":44.0,"turns":6.0},{"damage":20,"enemies":"Giant Head","floor":45,"turns":5}],"seed_played":"-6076875169286749467","potions_obtained":[{"floor":2.0,"key":"LiquidMemories"},{"floor":3.0,"key":"Dexterity Potion"},{"floor":4.0,"key":"Fire Potion"},{"floor":11.0,"key":"BlessingOfTheForge"},{"floor":14.0,"key":"GamblersBrew"},{"floor":14.0,"key":"SpeedPotion"},{"floor":14.0,"key":"Block Potion"},{"floor":15.0,"key":"Block Potion"},{"floor":16.0,"key":"LiquidBronze"},{"floor":19.0,"key":"Dexterity Potion"},{"floor":20.0,"key":"AttackPotion"},{"floor":22.0,"key":"Energy Potion"},{"floor":26.0,"key":"PowerPotion"},{"floor":27.0,"key":"AttackPotion"},{"floor":31.0,"key":"sneckomod:MuddlingPotion"},{"floor":32.0,"key":"Regen Potion"},{"floor":33.0,"key":"champ:CounterPotion"},{"floor":36.0,"key":"sneckomod:MuddlingPotion"},{"floor":39.0,"key":"ColorlessPotion"},{"floor":42.0,"key":"Explosive Potion"},{"floor":43.0,"key":"Dexterity Potion"},{"floor":44.0,"key":"Guardian:BlockOnCardUsePotion"}],"is_trial":false,"path_per_floor":["R","M","M","M","$","M","T","R","M","E","?","M","M","?","M","B",null,"R","M","$","T","M","$","T","R","E","M","M","R","M","E","M","B",null,"R","M","?","?","M","M","T","M","$","M","E"],"character_chosen":"THE_SNECKO","items_purchased":["Kunai","sneckomod:CheapStock+1"],"campfire_rested":0,"item_purchase_floors":[20,43],"current_hp_per_floor":[90,90,90,84,78,74,74,74,62,49,49,49,49,43,49,54,90,90,80,73,73,59,55,55,55,30,22,34,34,41,34,20,40,90,90,68,68,60,55,46,46,23,35,13,0,0,0],"gold":309,"neow_bonus":"ONE_RARE_RELIC","is_daily":false,"chose_seed":false,"campfire_upgraded":4,"win_rate":0.0,"timestamp":1611238886,"path_taken":["R","M","?","M","$","M","T","R","M","E","?","M","M","?","M","BOSS","R","M","$","?","M","$","T","R","E","?","M","R","M","E","M","BOSS","R","M","?","?","M","M","T","M","$","?","E"],"items_purchased_type":["Relic","Card"],"build_version":"2020-12-22","purchased_purges":2,"victory":false,"max_hp_per_floor":[90,90,90,90,90,90,90,90,90,90,90,90,90,90,90,90,90,90,90,90,90,90,90,90,90,90,90,90,90,90,90,90,90,90,90,90,90,90,90,90,90,90,90,90,90,90,90],"card_choices":[{"not_picked":["sneckomod:RainOfDice","sneckomod:SoulDraw"],"picked":"sneckomod:Nope","floor":2.0},{"not_picked":["sneckomod:UnknownCommonSkill","sneckomod:PureSnecko"],"picked":"sneckomod:RainOfDice","floor":3.0},{"not_picked":["sneckomod:Nope","sneckomod:SoulDraw"],"picked":"sneckomod:UnknownBlock","floor":4.0},{"not_picked":["sneckomod:CheapStock","sneckomod:UnknownRareSkill"],"picked":"sneckomod:DiceBoulder","floor":5.0},{"not_picked":["sneckomod:QuickBite","sneckomod:SoulRoll"],"picked":"sneckomod:UnknownBlock","floor":6.0},{"not_picked":["sneckomod:UnknownCommonSkill","sneckomod:DiceCrush"],"picked":"sneckomod:Memorize","floor":9.0},{"not_picked":["sneckomod:UnknownCommonSkill","sneckomod:UnknownStrike"],"picked":"sneckomod:UnknownRareSkill","floor":10.0},{"not_picked":["sneckomod:RainOfDice","sneckomod:QuickBite"],"picked":"sneckomod:QuickMove","floor":11.0},{"not_picked":["sneckomod:Unknown1Cost","sneckomod:QuickMove","sneckomod:DiceBlock"],"picked":"SKIP","floor":12.0},{"not_picked":["sneckomod:Nope","sneckomod:ImprovisedGuard","sneckomod:Unknown1Cost"],"picked":"SKIP","floor":13.0},{"not_picked":["sneckomod:DiceBlock","sneckomod:UnknownCommonSkill"],"picked":"sneckomod:IronFang","floor":14.0},{"not_picked":["sneckomod:UnknownClassGREEN","sneckomod:UnknownClassSLIMEBOUND"],"picked":"sneckomod:ImprovisedGuard","floor":15.0},{"not_picked":["sneckomod:UnknownBoss","sneckomod:SerpentMind"],"picked":"sneckomod:Cheat","floor":16.0},{"not_picked":["sneckomod:UnknownDraw"],"picked":"SKIP","floor":19.0},{"not_picked":["sneckomod:UnknownDraw"],"picked":"SKIP","floor":20.0},{"not_picked":["sneckomod:UnknownX"],"picked":"SKIP","floor":22.0},{"not_picked":[],"picked":"sneckomod:SoulDraw","floor":23.0},{"not_picked":["sneckomod:UnknownX"],"picked":"SKIP","floor":26.0},{"not_picked":[],"picked":"sneckomod:DefensiveFlair","floor":27.0},{"not_picked":[],"picked":"sneckomod:UnknownUncommonSkill+1","floor":28.0},{"not_picked":["sneckomod:ImprovisedAttack"],"picked":"SKIP","floor":30.0},{"not_picked":["sneckomod:Cheat"],"picked":"SKIP","floor":31.0},{"not_picked":["sneckomod:Nope"],"picked":"SKIP","floor":32.0},{"not_picked":[],"picked":"sneckomod:Unknown3Cost","floor":33.0},{"not_picked":["sneckomod:UnknownDraw"],"picked":"SKIP","floor":36.0},{"not_picked":["sneckomod:SoulCleanse"],"picked":"SKIP","floor":39.0},{"not_picked":["sneckomod:IronFang+1"],"picked":"SKIP","floor":40.0},{"not_picked":["sneckomod:UnknownBlock+1"],"picked":"SKIP","floor":42.0},{"not_picked":["sneckomod:UnknownBlock"],"picked":"SKIP","floor":43.0},{"not_picked":["sneckomod:WideSting"],"picked":"SKIP","floor":44.0}],"player_experience":908457,"relics_obtained":[{"floor":1.0,"key":"Pantograph"},{"floor":7.0,"key":"hexamod:CandleOfCauterizing"},{"floor":10.0,"key":"Shuriken"},{"floor":14.0,"key":"White Beast Statue"},{"floor":21.0,"key":"Blue Candle"},{"floor":24.0,"key":"Frozen Egg 2"},{"floor":26.0,"key":"HornCleat"},{"floor":31.0,"key":"Bottled Lightning"}],"event_choices":[],"is_beta":false,"boss_relics":[{"not_picked":["Black Star","sneckomod:SuperSneckoSoul"],"picked":"Busted Crown"},{"not_picked":["Snecko Eye","SacredBark"],"picked":"Empty Cage"}],"items_purged_floors":[20,23],"is_endless":false,"potions_floor_spawned":[2,3,4,11,15,16,19,20,22,23,26,27,28,30,31,32,33,36,39,40,42,43,44],"killed_by":"Giant Head","ascension_level":1}}