{"host":"snn1c4qsf0fj7fzf","time":1611209953,"event":{"mods":["AchievementEnabler","Act Like it!","Aspiration","Astrologer","Bard","BaseMod","Colored Powertips","Gensokyo","Gremlin Mod","Hallownest","Hermit","HololiveMod","Hubris","Infinite Spire","Lobotomy","LobotomyExtend","Marisa????????","Minty Spire (QoL Compilation)","Random Character Button","Rare Cards Sparkle","Reimu??????","Replay The Spire","Shop Mod","StSLib","The Administrix","The Animator","The Bug Knight","The Cursed","The Gatherer","The Hierophant","The Poker Player"],"gold_per_floor":[115,129,144,163,175,201,201,226,226,226,261,278,278,294,294,392,392,404,417,434,434,448,479,479,479,479,479,387,405,33,66,66,168,168,186,196,211,222,241,241,241,93,93,93,121,21,21,38,38,38,38],"floor_reached":50,"language":"ENG","playtime":2870,"items_purged":["Strike_MRS","Defend_MRS"],"score":711,"play_id":"bd8a637e-0146-4251-ac0b-9925e4b6047d","local_time":"20210121141913","is_ascension_mode":false,"campfire_choices":[{"data":"MaximisePower","floor":7,"key":"SMITH"},{"data":"PropBag","floor":13,"key":"SMITH"},{"data":"FairyDestructionRay","floor":15,"key":"SMITH"},{"data":"PulseMagic","floor":24,"key":"SMITH"},{"data":"LuminesStrike","floor":27,"key":"SMITH"},{"data":"PowerUp","floor":32,"key":"SMITH"},{"data":"MillisecondPulsars","floor":40,"key":"SMITH"},{"data":"TreasureHunter","floor":44,"key":"SMITH"},{"data":"FinalSpark","floor":47,"key":"SMITH"},{"floor":49,"key":"DIG"}],"circlet_count":0,"master_deck":["Strike_MRS","Strike_MRS","Strike_MRS","Defend_MRS","Defend_MRS","Defend_MRS","MasterSpark","UpSweep","SporeBomb","LuminesStrike+1","FairyDestructionRay+1","MaximisePower+1","PowerUp+1","NonDirectionalLaser","ChargeUpSpray","PropBag+1","EnergyRecoil","CollectingQuirk+1","EarthLightRay+1","DoubleSpark+1","ShootTheMoon+1","PulseMagic+1","GrandCross+1","MillisecondPulsars+1","TreasureHunter+1","EventHorizon+1","GrandCross+1","FinalSpark+1","Occultation+1"],"relics":["MiniHakkero","Sozu","hubris:HollowSoul","LetterFromLob","Simple Rune","Mastiff:ReiMu","HollowMod:LifeEnderRelic","Replay:Mystery Machine","hubris:VirtuousBlindfold","ReplayTheSpireMod:Lightbulb","hubris:Towel","AmplifyWand","ReplayTheSpireMod:TigerMarble","Incense Burner","infinitespire:Bottled Soul","ReplayTheSpireMod:DimensionalGlitch","MerchantsRug","CrazyTorch:ReiMu","hubris:Zylophone","aspiration:SeaSaltIceCream","aspiration:Nostalgia","m_SpellCore","Kunai","Ornamental Fan","Meat on the Bone","Mercury Hourglass","Blue Candle","Mummified Hand"],"acts_visited":["Exordium","TheCity","TheBeyond"],"potions_floor_usage":[],"damage_taken":[{"damage":0,"enemies":"Small Slimes","floor":1,"turns":3},{"damage":0,"enemies":"2 Louse","floor":2,"turns":2},{"damage":6,"enemies":"Cultist","floor":3,"turns":3},{"damage":14,"enemies":"Blue Slaver","floor":4,"turns":4},{"damage":3,"enemies":"Gremlin Gang","floor":5,"turns":2},{"damage":14,"enemies":"Gremlin Nob","floor":6,"turns":3},{"damage":19,"enemies":"3 Sentries","floor":8,"turns":7},{"damage":0,"enemies":"Gremlin Nob","floor":11,"turns":2},{"damage":0,"enemies":"3 Louse","floor":12,"turns":1},{"damage":5,"enemies":"Looter","floor":14,"turns":2},{"damage":0,"enemies":"Slime Boss","floor":16,"turns":7},{"damage":31,"enemies":"3 Byrds","floor":18,"turns":3},{"damage":7,"enemies":"Shell Parasite","floor":19,"turns":4},{"damage":11,"enemies":"Snecko","floor":20,"turns":3},{"damage":7,"enemies":"Centurion and Healer","floor":22,"turns":2},{"damage":9,"enemies":"Gremlin Leader","floor":23,"turns":6},{"damage":13,"enemies":"Snake Plant","floor":29,"turns":2},{"damage":7,"enemies":"Slavers","floor":31,"turns":4},{"damage":0,"enemies":"Collector","floor":33,"turns":4},{"damage":13,"enemies":"3 Darklings","floor":35,"turns":4},{"damage":0,"enemies":"3 Shapes","floor":36,"turns":2},{"damage":6,"enemies":"Writhing Mass","floor":37,"turns":2},{"damage":0,"enemies":"3 Darklings","floor":38,"turns":3},{"damage":8,"enemies":"4 Shapes","floor":39,"turns":2},{"damage":37,"enemies":"Nightmare","floor":45,"turns":4},{"damage":2,"enemies":"Maw","floor":48,"turns":3},{"damage":11,"enemies":"infinitespire:MassOfShapes","floor":50,"turns":4}],"seed_played":"-5987441020703007036","potions_obtained":[],"is_trial":false,"path_per_floor":["M","M","M","M","M","E","R","E","T","?","E","M","R","M","R","B",null,"M","M","M","?","M","E","R","?","T","R","?","M","$","E","R","B",null,"M","M","M","M","M","R","?","$","T","R","NM","$","R","M","R","B"],"character_chosen":"MARISA","items_purchased":["Incense Burner","MerchantsRug"],"campfire_rested":0,"item_purchase_floors":[30,42],"current_hp_per_floor":[75,75,69,55,52,38,38,19,19,19,19,19,19,26,26,26,75,44,43,38,38,31,40,40,40,40,40,40,27,27,26,26,32,75,65,68,65,68,60,60,60,60,60,60,26,26,26,33,33,0,0],"gold":38,"neow_bonus":"DOUBLE_BOSS_RELIC","is_daily":false,"chose_seed":false,"campfire_upgraded":9,"win_rate":0.0,"timestamp":1611209953,"path_taken":["M","M","M","M","M","E","R","E","T","?","E","M","R","M","R","BOSS","M","M","M","?","M","E","R","?","T","R","?","M","$","E","R","BOSS","M","M","?","M","M","R","?","$","T","R","NM","$","R","M","R","BOSS"],"items_purchased_type":["Relic","Relic"],"build_version":"2020-12-22","purchased_purges":2,"victory":false,"max_hp_per_floor":[75,75,75,75,75,75,75,75,75,75,75,75,75,75,75,75,75,75,75,75,75,75,75,75,75,75,75,75,75,75,75,75,75,75,75,75,75,75,75,75,75,75,75,75,75,75,75,75,75,75,75],"card_choices":[{"not_picked":["NonDirectionalLaser","UnstableBomb"],"picked":"SporeBomb","floor":1},{"not_picked":["AsteroidBelt","DoubleSpark"],"picked":"LuminesStrike","floor":2},{"not_picked":["AsteroidBelt","LuminesStrike","RefractionSpark"],"picked":"SKIP","floor":3},{"not_picked":["WitchOfGreed","GrandCross"],"picked":"FairyDestructionRay","floor":4},{"not_picked":["OortCloud","Acceleration"],"picked":"MaximisePower","floor":5},{"not_picked":["BigCrunch","DragonMeteor"],"picked":"PowerUp","floor":6},{"not_picked":["DarkSpark","AlicesGift"],"picked":"NonDirectionalLaser","floor":8},{"not_picked":["ShootTheMoon","SporeBomb"],"picked":"ChargeUpSpray","floor":11},{"not_picked":["ShootingEcho","Occultation"],"picked":"PropBag","floor":12},{"not_picked":["NonDirectionalLaser","WitchLeyline"],"picked":"EnergyRecoil","floor":14},{"not_picked":["SatelliteIllusion","EscapeVelocity"],"picked":"CollectingQuirk","floor":16},{"not_picked":["MysteriousBeam","UnstableBomb"],"picked":"EarthLightRay+1","floor":18},{"not_picked":["GravityBeat","UnstableBomb"],"picked":"DoubleSpark+1","floor":19},{"not_picked":["MilkyWay","StarlightTyphoon"],"picked":"ShootTheMoon+1","floor":20},{"not_picked":["WitchLeyline+1","RefractionSpark"],"picked":"PulseMagic","floor":22},{"not_picked":["OpenUniverse","AsteroidBelt"],"picked":"GrandCross+1","floor":23},{"not_picked":["MeteoricShower","RefractionSpark","Acceleration"],"picked":"SKIP","floor":29},{"not_picked":["UnstableBomb","NonDirectionalLaser","GravityBeat"],"picked":"SKIP","floor":31},{"not_picked":["BlazingStar","JA"],"picked":"MillisecondPulsars","floor":33},{"not_picked":["GravityBeat+1","GrandCross+1","DoubleSpark"],"picked":"SKIP","floor":35},{"not_picked":["LuminesStrike","GalacticHalo","GrandCross"],"picked":"SKIP","floor":36},{"not_picked":["Singularity","ShootTheMoon+1"],"picked":"TreasureHunter","floor":37},{"not_picked":["GrandCross","DragonMeteor"],"picked":"EventHorizon+1","floor":38},{"not_picked":["MagicChant","ChargingUp+1"],"picked":"GrandCross+1","floor":39},{"not_picked":["Acceleration","MeteoricShower+1"],"picked":"FinalSpark","floor":45},{"not_picked":["DarkMatter","AsteroidBelt"],"picked":"Occultation+1","floor":48}],"player_experience":346497,"relics_obtained":[{"floor":1,"key":"LetterFromLob"},{"floor":6,"key":"Simple Rune"},{"floor":8,"key":"Mastiff:ReiMu"},{"floor":9,"key":"HollowMod:LifeEnderRelic"},{"floor":11,"key":"Replay:Mystery Machine"},{"floor":23,"key":"ReplayTheSpireMod:Lightbulb"},{"floor":26,"key":"AmplifyWand"},{"floor":31,"key":"infinitespire:Bottled Soul"},{"floor":43,"key":"CrazyTorch:ReiMu"},{"floor":45,"key":"hubris:Zylophone"},{"floor":49,"key":"aspiration:SeaSaltIceCream"}],"event_choices":[{"damage_healed":0,"gold_gain":0,"player_choice":"Ignored","damage_taken":0,"max_hp_gain":0,"max_hp_loss":0,"event_name":"Liars Game","floor":10,"gold_loss":0},{"damage_healed":0,"gold_gain":0,"player_choice":"Paid Gold","damage_taken":0,"relics_obtained":["ReplayTheSpireMod:TigerMarble"],"max_hp_gain":0,"max_hp_loss":0,"event_name":"WeMeetAgain","floor":28,"gold_loss":92},{"damage_healed":0,"gold_gain":0,"player_choice":"Got Potions","damage_taken":0,"max_hp_gain":0,"max_hp_loss":0,"event_name":"Lab","floor":41,"gold_loss":0}],"is_beta":false,"boss_relics":[{"not_picked":["infinitespire:Cupcake","Runic Pyramid"],"picked":"hubris:VirtuousBlindfold"},{"not_picked":["aspiration:BardSkillbook","hubris:TerracottaHorce"],"picked":"ReplayTheSpireMod:DimensionalGlitch"}],"items_purged_floors":[30,46],"is_endless":false,"potions_floor_spawned":[2,5,8,12,14,16,20,23,31,33,37,38,39],"killed_by":"infinitespire:MassOfShapes","ascension_level":0}}