{"host":"yv7ijgyl7mqt7c0r","time":1611194275,"event":{"mods":["100% Spire Juice","2.2 Compatiblity","Act Like it!","Aspiration","BaseMod","Bestiary","Better Note","Better Skull","CapriCore","Conspire","DeckTracker","Elementarium","Energized Spire","Friendly Minions","Gensokyo","GifTheSpireLib","Hallownest","KinomotoSakuraMod(????)","Mari Mod (Legacy)","Mari\u0027s V1 Patch","Marisa????????","Menagerie","Minty Spire (QoL Compilation)","Prisma Mod","Random Character Button","Reimu??????","Remilia_Scarlet Moed?????·?????3.3.5","StSLib","Stuff the Spire","The Alterego","The Bug Knight","The Factory","The Jungle","The Senshi","The Servant 0.9.4","TheVelvet","Wandering Minibosses","Yakumo Yukari mod","Yuyuko"],"gold_per_floor":[109,184,184,33,52,52,78,78,78,92,105,105,123,142,142,142,142],"floor_reached":16,"language":"ENG","playtime":2398,"items_purged":[],"score":102,"play_id":"dd3922ee-651b-486a-a6e7-60e0fb44a69b","local_time":"20210120195755","is_ascension_mode":false,"campfire_choices":[{"data":"hadesmod:CrescentStrike","floor":6,"key":"SMITH"},{"data":"hadesmod:AlternateAnesidora","floor":8,"key":"SMITH"},{"floor":12,"key":"REST"},{"floor":15,"key":"REST"}],"circlet_count":0,"master_deck":["hadesmod:Strike","hadesmod:Strike","hadesmod:SwapStrike","hadesmod:Defend","hadesmod:Defend","hadesmod:Defend","hadesmod:Defend","hadesmod:Dash","hadesmod:RuyiJinguBang","hadesmod:ArrayBlast","hadesmod:AlternateAnesidora+1","hadesmod:CrescentStrike+","hadesmod:Claws","hadesmod:CameraSmack","hadesmod:SelfieForm","hadesmod:DrawHit","hadesmod:Focus"],"relics":["hadesmod:WeaponCharger","conspire:TreasureMap","StuffTheSpire:Barrel","HollowMod:LifeEnderRelic"],"acts_visited":["Exordium"],"potions_floor_usage":[7],"damage_taken":[{"damage":11,"enemies":"Jaw Worm","floor":1,"turns":4},{"damage":0,"enemies":"Small Slimes","floor":5,"turns":3},{"damage":24,"enemies":"3 Sentries","floor":7,"turns":10},{"damage":10,"enemies":"Cultist","floor":10,"turns":5},{"damage":0,"enemies":"Exordium Wildlife","floor":11,"turns":4},{"damage":7,"enemies":"Lots of Slimes","floor":13,"turns":5},{"damage":10,"enemies":"Large Slime","floor":14,"turns":6},{"damage":32,"enemies":"Hexaghost","floor":16,"turns":9}],"seed_played":"229957136741961482","potions_obtained":[{"floor":5,"key":"GamblersBrew"}],"is_trial":false,"path_per_floor":["M","?","?","$","M","R","E","R","T","M","M","R","M","M","R","B"],"character_chosen":"THE_HUNTRESS","items_purchased":["conspire:TreasureMap"],"campfire_rested":2,"item_purchase_floors":[4],"current_hp_per_floor":[55,44,44,44,44,44,20,20,20,10,10,29,22,12,31,0,0],"gold":142,"neow_bonus":"TEN_PERCENT_HP_BONUS","is_daily":false,"chose_seed":false,"campfire_upgraded":2,"win_rate":0.0,"timestamp":1611194275,"path_taken":["M","?","?","$","M","R","E","R","T","?","M","R","M","M","R","BOSS"],"items_purchased_type":["Relic"],"build_version":"2020-12-22","purchased_purges":0,"victory":false,"max_hp_per_floor":[66,66,66,66,66,66,66,66,66,66,66,66,66,66,66,66,66],"card_choices":[{"not_picked":["hadesmod:YatsuhashisDefence","hadesmod:GunCamera"],"picked":"hadesmod:ArrayBlast","floor":1},{"not_picked":["hadesmod:SickeningStrength","hadesmod:StrikeBooster"],"picked":"hadesmod:CrescentStrike","floor":5},{"not_picked":["hadesmod:FierceCry","hadesmod:IThinkEyePatchesAreHot"],"picked":"hadesmod:Claws","floor":7},{"not_picked":["hadesmod:FierceCry","hadesmod:HitDrawBurn"],"picked":"hadesmod:CameraSmack","floor":10},{"not_picked":["hadesmod:RevolverStrike","hadesmod:Claws"],"picked":"hadesmod:SelfieForm","floor":11},{"not_picked":["hadesmod:Slide","hadesmod:CerberusStrike"],"picked":"hadesmod:DrawHit","floor":13},{"not_picked":["hadesmod:GunCamera","hadesmod:Strikeshield"],"picked":"hadesmod:Focus","floor":14}],"player_experience":535344,"relics_obtained":[{"floor":7,"key":"StuffTheSpire:Barrel"},{"floor":9,"key":"HollowMod:LifeEnderRelic"}],"event_choices":[{"damage_healed":0,"gold_gain":75,"player_choice":"Gather Gold","damage_taken":11,"max_hp_gain":0,"max_hp_loss":0,"event_name":"World of Goop","floor":2,"gold_loss":0},{"damage_healed":0,"gold_gain":0,"cards_transformed":["hadesmod:Strike"],"player_choice":"Transformed","damage_taken":0,"max_hp_gain":0,"max_hp_loss":0,"event_name":"Transmorgrifier","floor":3,"gold_loss":0,"cards_obtained":["hadesmod:AlternateAnesidora"]}],"is_beta":false,"boss_relics":[],"items_purged_floors":[],"is_endless":false,"potions_floor_spawned":[5],"killed_by":"Hexaghost","ascension_level":0}}