{"host":"5gfra4hjb6stk8c2","time":1611255378,"event":{"mods":["BaseMod","Minty Spire (QoL Compilation)","Quick Restart","SuperFastMode"],"gold_per_floor":[113,124,49,49,49,49,78,78,154,171,182,182,192,192,192,192,192],"floor_reached":16,"language":"ENG","playtime":252,"items_purged":["Defend_P"],"score":163,"play_id":"1e56e030-96b6-4099-831f-33d6fea046f9","local_time":"20210121155618","is_ascension_mode":true,"campfire_choices":[{"data":"Eruption","floor":6,"key":"SMITH"},{"data":"Evaluate","floor":8,"key":"SMITH"},{"data":"Consecrate","floor":12,"key":"SMITH"},{"data":"Omniscience","floor":15,"key":"SMITH"}],"circlet_count":0,"master_deck":["Strike_P","Strike_P","Strike_P","Strike_P","Defend_P","Defend_P","Defend_P","Eruption+1","Vigilance","Evaluate+1","Consecrate+1","Adaptation","Omniscience+1"],"relics":["PureWater","NeowsBlessing","Mummified Hand","Gambling Chip","The Courier"],"acts_visited":["Exordium"],"potions_floor_usage":[13,16],"damage_taken":[{"damage":0,"enemies":"Small Slimes","floor":1,"turns":2},{"damage":0,"enemies":"2 Louse","floor":2,"turns":2},{"damage":0,"enemies":"Lagavulin","floor":7,"turns":1},{"damage":0,"enemies":"Jaw Worm","floor":10,"turns":4},{"damage":0,"enemies":"2 Fungi Beasts","floor":11,"turns":2},{"damage":12,"enemies":"Exordium Thugs","floor":13,"turns":4},{"damage":46,"enemies":"Hexaghost","floor":16,"turns":8}],"seed_played":"5497684324472842626","potions_obtained":[{"floor":7,"key":"Energy Potion"},{"floor":10,"key":"Weak Potion"}],"is_trial":false,"path_per_floor":["M","M","$","?","?","R","E","R","T","M","M","R","M","?","R","B"],"character_chosen":"WATCHER","items_purchased":[],"campfire_rested":0,"item_purchase_floors":[],"current_hp_per_floor":[65,65,65,65,58,58,58,58,58,58,58,58,46,46,46,0,0],"gold":192,"neow_bonus":"THREE_ENEMY_KILL","is_daily":false,"chose_seed":false,"campfire_upgraded":4,"win_rate":0.0,"timestamp":1611255378,"path_taken":["M","M","$","?","?","R","E","R","T","M","M","R","M","?","R","BOSS"],"items_purchased_type":[],"build_version":"2020-12-22","purchased_purges":1,"victory":false,"max_hp_per_floor":[72,72,72,72,72,72,72,72,72,72,72,72,72,72,72,72,72],"card_choices":[{"not_picked":["EmptyFist","JustLucky","CarveReality"],"picked":"SKIP","floor":1},{"not_picked":["FlurryOfBlows","JustLucky","CutThroughFate"],"picked":"SKIP","floor":2},{"not_picked":["FlyingSleeves","Crescendo"],"picked":"Evaluate","floor":7},{"not_picked":["FlurryOfBlows","FlyingSleeves"],"picked":"Consecrate","floor":10},{"not_picked":["PathToVictory","ClearTheMind"],"picked":"Adaptation","floor":11},{"not_picked":["BowlingBash","JustLucky"],"picked":"Omniscience","floor":13}],"player_experience":178598,"relics_obtained":[{"floor":7,"key":"Gambling Chip"},{"floor":9,"key":"The Courier"}],"event_choices":[{"damage_healed":0,"gold_gain":0,"player_choice":"Box","damage_taken":0,"relics_obtained":["Mummified Hand"],"max_hp_gain":0,"max_hp_loss":0,"event_name":"Big Fish","floor":4,"gold_loss":0,"cards_obtained":["Regret"]},{"cards_removed":["Regret"],"damage_healed":0,"gold_gain":0,"player_choice":"Card Removal","damage_taken":7,"max_hp_gain":0,"max_hp_loss":0,"event_name":"Golden Wing","floor":5,"gold_loss":0},{"damage_healed":0,"gold_gain":0,"player_choice":"Ignored","damage_taken":0,"max_hp_gain":0,"max_hp_loss":0,"event_name":"Liars Game","floor":14,"gold_loss":0}],"is_beta":false,"boss_relics":[],"items_purged_floors":[3],"is_endless":false,"potions_floor_spawned":[7,10],"killed_by":"Hexaghost","ascension_level":6}}