{"host":"rspt8ghchagqewrq","time":1611230126,"event":{"mods":["AchievementEnabler","BaseMod","Colored Map","Colored Powertips","Minty Spire (QoL Compilation)","Quick Restart"],"gold_per_floor":[111,111,125,136,146,175,188,240,240,240,251,265,290,80,80,182,182,202,202,202,216,230,230,9,0,0,0,17,43,43,58,58,155,155,167,167,179,179,59,84,103,103,103,117,117,117],"floor_reached":45,"language":"FRA","playtime":2833,"items_purged":["Dark Embrace"],"score":502,"play_id":"526b9937-4578-4b11-8be5-8a19bc489e75","local_time":"20210121125526","is_ascension_mode":false,"campfire_choices":[{"data":"Rage","floor":10.0,"key":"SMITH"},{"data":"Barricade","floor":15.0,"key":"SMITH"},{"data":"Power Through","floor":23.0,"key":"SMITH"},{"data":"Fire Breathing","floor":27.0,"key":"SMITH"},{"data":"Power Through","floor":32.0,"key":"SMITH"}],"circlet_count":0,"master_deck":["Strike_R+1","Strike_R+1","Strike_R+1","Strike_R+1","Defend_R+1","Defend_R+1","Defend_R+1","Defend_R+1","Bash+1","Carnage+1","Power Through+1","Flex+1","Cleave+1","Rage+1","Bludgeon+1","Shrug It Off+1","Barricade+1","Anger+1","Wild Strike+1","Fire Breathing+1","Power Through+1","Limit Break+1","Dual Wield+1","Iron Wave+1","Inflame+1","Armaments+1","Reckless Charge+1","Reckless Charge+1","Combust+1","Seeing Red+1","Clash+1","Double Tap+1","Intimidate+1","Body Slam+1","Reckless Charge+1"],"relics":["Burning Blood","MealTicket","Bag of Preparation","Art of War","Coffee Dripper","MutagenicStrength","Membership Card","Kunai","Paper Frog","Mark of Pain","Mark of the Bloom","Bottled Lightning","Oddly Smooth Stone","Sundial"],"acts_visited":["Exordium","TheCity","TheBeyond"],"potions_floor_usage":[33,41],"damage_taken":[{"damage":0.0,"enemies":"2 Louse","floor":1.0,"turns":3.0},{"damage":1.0,"enemies":"Cultist","floor":3.0,"turns":3.0},{"damage":2.0,"enemies":"Small Slimes","floor":4.0,"turns":3.0},{"damage":3.0,"enemies":"2 Fungi Beasts","floor":5.0,"turns":3.0},{"damage":27.0,"enemies":"3 Sentries","floor":6.0,"turns":7.0},{"damage":9.0,"enemies":"Gremlin Gang","floor":7.0,"turns":5.0},{"damage":3.0,"enemies":"Looter","floor":11.0,"turns":2.0},{"damage":1.0,"enemies":"Exordium Thugs","floor":12.0,"turns":4.0},{"damage":24.0,"enemies":"Lagavulin","floor":13.0,"turns":8.0},{"damage":40.0,"enemies":"The Guardian","floor":16.0,"turns":15.0},{"damage":18.0,"enemies":"3 Byrds","floor":18.0,"turns":6.0},{"damage":0.0,"enemies":"Chosen","floor":21.0,"turns":3.0},{"damage":21.0,"enemies":"3 Cultists","floor":22.0,"turns":5.0},{"damage":1.0,"enemies":"Cultist and Chosen","floor":28.0,"turns":4.0},{"damage":27.0,"enemies":"Book of Stabbing","floor":29.0,"turns":6.0},{"damage":8.0,"enemies":"Centurion and Healer","floor":31.0,"turns":6.0},{"damage":26,"enemies":"Collector","floor":33,"turns":8},{"damage":5,"enemies":"3 Shapes","floor":35,"turns":4},{"damage":10,"enemies":"Orb Walker","floor":37,"turns":2},{"damage":56,"enemies":"Giant Head","floor":40,"turns":9},{"damage":0,"enemies":"Jaw Worm Horde","floor":41,"turns":5},{"damage":11,"enemies":"3 Darklings","floor":44,"turns":9},{"damage":12,"enemies":"Maw","floor":45,"turns":4}],"seed_played":"6982238180878596848","potions_obtained":[{"floor":3.0,"key":"Dexterity Potion"},{"floor":4.0,"key":"Dexterity Potion"},{"floor":7.0,"key":"Energy Potion"},{"floor":16.0,"key":"Fruit Juice"},{"floor":28.0,"key":"DistilledChaos"},{"floor":29.0,"key":"Energy Potion"},{"floor":35,"key":"Regen Potion"},{"floor":41,"key":"SteroidPotion"}],"is_trial":false,"path_per_floor":["M","?","M","M","M","E","M","?","T","R","M","M","E","$","R","B",null,"M","?","?","M","M","R","$","?","T","R","M","E","$","M","R","B",null,"M","?","M","?","$","E","M","R","T","M","M"],"character_chosen":"IRONCLAD","items_purchased":["Wild Strike","Fire Breathing","Power Through","Membership Card","Reckless Charge","Bottled Lightning"],"campfire_rested":0,"item_purchase_floors":[14,14,14,24,24,39],"current_hp_per_floor":[80,80,80,80,80,59,56,56,56,56,59,64,46,61,61,32,85,73,73,73,79,64,64,79,79,79,79,84,63,78,76,76,56,85,85,85,75,75,75,19,19,19,19,8,0,0],"gold":117,"neow_bonus":"UPGRADE_CARD","is_daily":false,"chose_seed":false,"campfire_upgraded":5,"win_rate":0.0,"timestamp":1611230126,"path_taken":["M","?","M","M","M","E","?","?","T","R","M","M","E","$","R","BOSS","M","?","?","?","M","R","$","?","T","R","M","E","$","M","R","BOSS","M","?","M","?","$","E","?","R","T","M","M"],"items_purchased_type":["Card","Card","Card","Relic","Card","Relic"],"build_version":"2020-12-22","purchased_purges":1,"victory":false,"max_hp_per_floor":[80,80,80,80,80,80,80,80,80,80,80,80,80,80,80,85,85,85,85,85,85,85,85,85,85,85,85,85,85,85,85,85,85,85,85,85,85,85,85,85,85,85,85,85,85,85],"card_choices":[{"not_picked":["Body Slam","Pommel Strike"],"picked":"Carnage","floor":1.0},{"not_picked":["Twin Strike","Body Slam"],"picked":"Power Through","floor":3.0},{"not_picked":["Sword Boomerang","Dark Embrace"],"picked":"Flex","floor":4.0},{"not_picked":["Rupture","Perfected Strike"],"picked":"Cleave","floor":5.0},{"not_picked":["Headbutt","True Grit"],"picked":"Rage","floor":6.0},{"not_picked":["Clash","Sword Boomerang"],"picked":"Bludgeon","floor":7.0},{"not_picked":["Cleave","Dark Embrace"],"picked":"Shrug It Off","floor":11.0},{"not_picked":["Sever Soul","Pommel Strike"],"picked":"Barricade","floor":12.0},{"not_picked":["True Grit","Shrug It Off"],"picked":"Anger","floor":13.0},{"not_picked":["Barricade","Offering"],"picked":"Limit Break","floor":16.0},{"not_picked":["Iron Wave","Sword Boomerang"],"picked":"Dual Wield+1","floor":18.0},{"not_picked":["Perfected Strike+1","Bloodletting"],"picked":"Armaments+1","floor":21.0},{"not_picked":["Thunderclap+1","Perfected Strike+1"],"picked":"Reckless Charge","floor":22.0},{"not_picked":["Iron Wave","Thunderclap"],"picked":"Combust+1","floor":28.0},{"not_picked":["Armaments","Corruption"],"picked":"Seeing Red+1","floor":29.0},{"not_picked":["Thunderclap","Flex"],"picked":"Clash+1","floor":31.0},{"not_picked":["Limit Break","Bludgeon"],"picked":"Double Tap","floor":33},{"not_picked":["True Grit","Iron Wave","Sever Soul+1"],"picked":"SKIP","floor":35},{"not_picked":["Bloodletting","Feel No Pain"],"picked":"Intimidate+1","floor":37},{"not_picked":["Sword Boomerang+1","Uppercut+1"],"picked":"Body Slam+1","floor":40},{"not_picked":["Perfected Strike+1","Sword Boomerang","Entrench"],"picked":"SKIP","floor":41},{"not_picked":["Cleave","Evolve+1"],"picked":"Reckless Charge+1","floor":44}],"player_experience":65231,"relics_obtained":[{"floor":6.0,"key":"MealTicket"},{"floor":9.0,"key":"Bag of Preparation"},{"floor":13.0,"key":"Art of War"},{"floor":26.0,"key":"Kunai"},{"floor":29.0,"key":"Paper Frog"},{"floor":40,"key":"Oddly Smooth Stone"},{"floor":43,"key":"Sundial"}],"event_choices":[{"damage_healed":0.0,"max_hp_gain":0.0,"max_hp_loss":0.0,"gold_gain":0.0,"cards_transformed":["Strike_R"],"event_name":"Transmorgrifier","player_choice":"Transformed","floor":2.0,"gold_loss":0.0,"damage_taken":0.0,"cards_obtained":["Dark Embrace"]},{"damage_healed":0.0,"max_hp_gain":0.0,"max_hp_loss":0.0,"gold_gain":52.0,"event_name":"Golden Wing","player_choice":"Gained Gold","floor":8.0,"gold_loss":0.0,"damage_taken":0.0},{"damage_healed":0.0,"max_hp_gain":0.0,"max_hp_loss":0.0,"gold_gain":0.0,"event_name":"Drug Dealer","player_choice":"Inject Mutagens","floor":19.0,"gold_loss":0.0,"damage_taken":0.0,"relics_obtained":["MutagenicStrength"]},{"damage_healed":0.0,"max_hp_gain":0.0,"max_hp_loss":0.0,"gold_gain":0.0,"event_name":"Match and Keep!","player_choice":"2 cards matched","floor":20.0,"gold_loss":0.0,"damage_taken":0.0,"cards_obtained":["Iron Wave","Inflame"]},{"damage_healed":0.0,"max_hp_gain":0.0,"max_hp_loss":0.0,"gold_gain":0.0,"event_name":"Masked Bandits","player_choice":"Paid Fearfully","floor":25.0,"gold_loss":9.0,"damage_taken":0.0},{"damage_healed":0,"gold_gain":0,"player_choice":"Upgrade","damage_taken":0,"relics_obtained":["Mark of the Bloom"],"max_hp_gain":0,"max_hp_loss":0,"event_name":"MindBloom","floor":36,"gold_loss":0,"cards_upgraded":["Strike_R","Strike_R","Strike_R","Defend_R","Defend_R","Defend_R","Defend_R","Bash","Carnage","Flex","Cleave","Bludgeon","Shrug It Off","Anger","Wild Strike","Limit Break","Iron Wave","Inflame","Reckless Charge","Reckless Charge","Double Tap"]},{"damage_healed":0,"gold_gain":0,"player_choice":"Memory 1","damage_taken":0,"max_hp_gain":0,"max_hp_loss":0,"event_name":"SensoryStone","floor":38,"gold_loss":0}],"is_beta":false,"boss_relics":[{"not_picked":["Runic Cube","Runic Dome"],"picked":"Coffee Dripper"},{"not_picked":["Sozu","Snecko Eye"],"picked":"Mark of Pain"}],"items_purged_floors":[24],"is_endless":false,"potions_floor_spawned":[3,4,7,16,28,29,35,41,44],"killed_by":"Maw","ascension_level":0}}