{"host":"r6jigiblrojhp6xe","time":1611270874,"event":{"mods":["AchievementEnabler","BaseMod","DeckTracker","Hermit","Minty Spire (QoL Compilation)","Quick Restart","Rare Cards Sparkle","Relic Stats","StSLib","SuperFastMode","everything is the same but u backflip on backflip"],"gold_per_floor":[14,24,39,53,66,66,83,83,83,83,83,29,44,65,65,188,188,202,223,2,18,18,18,117,156,156,156,156,190,206,225,225,356,356,371,384,60,60,81,122,122,138,164,497,34,34,34,54,54,54,54,54,5,36,36],"floor_reached":56,"language":"KOR","playtime":1804,"items_purged":["hermit:Strike_Hermit","hermit:Strike_Hermit","hermit:Strike_Hermit"],"score":1387,"play_id":"83ef7241-21e2-4439-8d34-a9b952f6b60d","local_time":"20210122081434","is_ascension_mode":true,"campfire_choices":[{"data":"hermit:CalledShot","floor":6,"key":"SMITH"},{"data":"hermit:CalledShot","floor":8,"key":"SMITH"},{"data":"hermit:BigShot","floor":10,"key":"SMITH"},{"data":"hermit:Reprieve","floor":15,"key":"SMITH"},{"data":"hermit:LuckOfTheDraw","floor":23,"key":"SMITH"},{"data":"hermit:Snapshot","floor":28,"key":"SMITH"},{"data":"hermit:Enervate","floor":32,"key":"SMITH"},{"floor":41,"key":"RECALL"},{"data":"hermit:BigShot","floor":47,"key":"SMITH"},{"data":"hermit:EyeOfTheStorm","floor":49,"key":"SMITH"},{"data":"hermit:Defend_Hermit","floor":52,"key":"SMITH"}],"circlet_count":0,"master_deck":["hermit:Defend_Hermit+1","hermit:Defend_Hermit","hermit:Defend_Hermit+1","hermit:Snapshot+1","hermit:Covet+1","hermit:CalledShot+1","hermit:CalledShot+1","hermit:BigShot+1","hermit:Reprieve+1","hermit:LuckOfTheDraw+1","hermit:EyeOfTheStorm+1","hermit:BigShot+1","hermit:BigShot+1"],"relics":["hermit:Momento","Centennial Puzzle","InkBottle","Busted Crown","Regal Pillow","Pen Nib","Kunai","White Beast Statue","SacredBark","Potion Belt","Orichalcum","Membership Card","hermit:Horseshoe","War Paint","Mummified Hand"],"acts_visited":["Exordium","TheCity","TheBeyond","TheEnding"],"potions_floor_usage":[13,14,29,33,42,48,53,55,55,55,55],"damage_taken":[{"damage":1,"enemies":"Cultist","floor":1,"turns":3},{"damage":0,"enemies":"Small Slimes","floor":2,"turns":2},{"damage":0,"enemies":"2 Louse","floor":3,"turns":2},{"damage":11,"enemies":"Lots of Slimes","floor":4,"turns":4},{"damage":5,"enemies":"Looter","floor":5,"turns":3},{"damage":9,"enemies":"2 Fungi Beasts","floor":7,"turns":3},{"damage":8,"enemies":"Exordium Wildlife","floor":13,"turns":4},{"damage":8,"enemies":"Exordium Thugs","floor":14,"turns":3},{"damage":4,"enemies":"The Guardian","floor":16,"turns":4},{"damage":10,"enemies":"2 Thieves","floor":18,"turns":2},{"damage":0,"enemies":"Shell Parasite","floor":19,"turns":4},{"damage":10,"enemies":"Chosen and Byrds","floor":21,"turns":2},{"damage":10,"enemies":"Book of Stabbing","floor":25,"turns":3},{"damage":16,"enemies":"Slavers","floor":29,"turns":2},{"damage":2,"enemies":"Centurion and Healer","floor":30,"turns":2},{"damage":0,"enemies":"Cultist and Chosen","floor":31,"turns":2},{"damage":0,"enemies":"Automaton","floor":33,"turns":1},{"damage":0,"enemies":"3 Darklings","floor":35,"turns":1},{"damage":3,"enemies":"3 Shapes","floor":36,"turns":3},{"damage":0,"enemies":"Maw","floor":39,"turns":1},{"damage":0,"enemies":"Giant Head","floor":40,"turns":1},{"damage":0,"enemies":"Jaw Worm Horde","floor":42,"turns":2},{"damage":0,"enemies":"3 Darklings","floor":48,"turns":2},{"damage":15,"enemies":"Donu and Deca","floor":50,"turns":2},{"damage":0,"enemies":"Shield and Spear","floor":54,"turns":2},{"damage":46,"enemies":"The Heart","floor":55,"turns":6}],"seed_played":"-1465250085074807733","potions_obtained":[{"floor":2,"key":"Fire Potion"},{"floor":5,"key":"SteroidPotion"},{"floor":16,"key":"DuplicationPotion"},{"floor":18,"key":"Strength Potion"},{"floor":21,"key":"Ancient Potion"},{"floor":29,"key":"Block Potion"},{"floor":30,"key":"Swift Potion"},{"floor":33,"key":"SpeedPotion"},{"floor":39,"key":"LiquidBronze"},{"floor":40,"key":"DuplicationPotion"},{"floor":42,"key":"Regen Potion"},{"floor":48,"key":"Explosive Potion"},{"floor":54,"key":"Ancient Potion"}],"is_trial":false,"path_per_floor":["M","M","M","M","M","R","M","R","T","R","?","?","M","M","R","B",null,"M","M","$","M","?","R","?","E","T","?","R","E","M","M","R","B",null,"M","M","$","?","M","E","R","M","T","?","$","?","R","M","R","B",null,"R","$","E","B",null],"character_chosen":"HERMIT","items_purchased":["Regal Pillow","Potion Belt","hermit:EyeOfTheStorm","Membership Card","hermit:Horseshoe","War Paint","hermit:BigShot","Fruit Juice"],"campfire_rested":0,"item_purchase_floors":[20,37,37,45,45,45,45,53],"current_hp_per_floor":[74,74,74,63,58,58,49,49,49,49,49,49,41,37,37,37,69,59,63,63,57,57,57,57,47,47,47,47,31,29,33,33,37,69,69,66,66,66,69,69,69,69,69,69,69,69,69,69,69,54,69,69,79,79,60],"gold":36,"neow_bonus":"REMOVE_TWO","is_daily":false,"chose_seed":false,"campfire_upgraded":10,"win_rate":0.0,"timestamp":1611270874,"path_taken":["M","M","?","?","M","R","M","R","T","R","?","?","M","?","R","BOSS","M","M","$","M","?","R","?","E","T","?","R","E","?","M","R","BOSS","M","M","$","?","M","E","R","M","T","?","$","?","R","M","R","BOSS","R","$","E","BOSS"],"items_purchased_type":["Relic","Relic","Card","Relic","Relic","Relic","Card","Potion"],"build_version":"2020-12-22","purchased_purges":3,"victory":true,"max_hp_per_floor":[75,75,75,75,75,75,75,75,75,75,69,69,69,69,69,69,69,69,69,69,69,69,69,69,69,69,69,69,69,69,69,69,69,69,69,69,69,69,69,69,69,69,69,69,69,69,69,69,69,69,69,69,79,79,79],"relic_stats":{"Centennial Puzzle":[32],"Regal Pillow":0,"Busted Crown":30,"counters":[26,66],"Mummified Hand":[3],"Pen Nib":[23],"Kunai":[68],"Orichalcum":[6],"War Paint":["hermit:Covet","hermit:Defend_Hermit"],"obtain_stats":[{"Potion Belt":37,"Regal Pillow":20,"Golden Idol":11,"SacredBark":34,"Pen Nib":25,"Orichalcum":40,"War Paint":45,"White Beast Statue":29,"Centennial Puzzle":9,"Busted Crown":17,"Mummified Hand":54,"Kunai":26,"Membership Card":45,"hermit:Horseshoe":45,"hermit:Momento":0,"InkBottle":12},{"Potion Belt":19,"Regal Pillow":11,"Golden Idol":6,"SacredBark":17,"Pen Nib":13,"Orichalcum":21,"War Paint":22,"White Beast Statue":14,"Centennial Puzzle":6,"Busted Crown":9,"Mummified Hand":25,"Kunai":13,"Membership Card":22,"hermit:Horseshoe":22,"hermit:Momento":0,"InkBottle":6},{"Potion Belt":50,"Regal Pillow":34,"Golden Idol":17,"SacredBark":46,"Pen Nib":39,"Orichalcum":52,"War Paint":54,"White Beast Statue":41,"Centennial Puzzle":17,"Busted Crown":28,"Mummified Hand":60,"Kunai":39,"Membership Card":54,"hermit:Horseshoe":54,"hermit:Momento":0,"InkBottle":17}],"InkBottle":[40]},"card_choices":[{"not_picked":["hermit:Feint","hermit:GhostlyPresence"],"picked":"hermit:CalledShot","floor":1},{"not_picked":["hermit:LowProfile","hermit:Coalescence","hermit:Vantage"],"picked":"SKIP","floor":2},{"not_picked":["hermit:HighCaliber","hermit:Coalescence"],"picked":"hermit:CalledShot","floor":3},{"not_picked":["hermit:Dive","hermit:DeadMansHand"],"picked":"hermit:Enervate","floor":4},{"not_picked":["hermit:GoldenBullet","hermit:Brawl"],"picked":"hermit:BigShot","floor":5},{"not_picked":["hermit:Dive","hermit:ShadowCloak","hermit:Coalescence"],"picked":"SKIP","floor":7},{"not_picked":["hermit:FullyLoaded","hermit:Headshot"],"picked":"hermit:Reprieve","floor":13},{"not_picked":["hermit:Manifest","hermit:Quickdraw","hermit:PistolWhip"],"picked":"SKIP","floor":14},{"not_picked":["hermit:Headshot+1"],"picked":"SKIP","floor":18},{"not_picked":[],"picked":"hermit:LuckOfTheDraw","floor":19},{"not_picked":["hermit:Quickdraw+1"],"picked":"SKIP","floor":21},{"not_picked":["hermit:HoleUp"],"picked":"SKIP","floor":25},{"not_picked":["hermit:TrackingShot"],"picked":"SKIP","floor":29},{"not_picked":["hermit:HoleUp"],"picked":"SKIP","floor":30},{"not_picked":["hermit:Snipe"],"picked":"SKIP","floor":31},{"not_picked":["hermit:Misfire"],"picked":"SKIP","floor":35},{"not_picked":["hermit:Misfire"],"picked":"SKIP","floor":35},{"not_picked":["hermit:Roulette+1"],"picked":"SKIP","floor":36},{"not_picked":[],"picked":"hermit:BigShot","floor":39},{"not_picked":["hermit:WideOpen+1"],"picked":"SKIP","floor":40},{"not_picked":["hermit:LowProfile"],"picked":"SKIP","floor":42},{"not_picked":["hermit:LowProfile"],"picked":"SKIP","floor":48},{"not_picked":["hermit:Maintenance"],"picked":"SKIP","floor":54}],"player_experience":575789,"relics_obtained":[{"floor":9,"key":"Centennial Puzzle"},{"floor":25,"key":"Pen Nib"},{"floor":26,"key":"Kunai"},{"floor":29,"key":"White Beast Statue"},{"floor":40,"key":"Orichalcum"},{"floor":54,"key":"Mummified Hand"}],"event_choices":[{"damage_healed":0,"gold_gain":0,"player_choice":"Lose Max HP","damage_taken":0,"relics_obtained":["Golden Idol"],"max_hp_gain":0,"max_hp_loss":6,"event_name":"Golden Idol","floor":11,"gold_loss":0},{"damage_healed":0,"gold_gain":0,"player_choice":"Paid Gold","damage_taken":0,"relics_obtained":["InkBottle"],"max_hp_gain":0,"max_hp_loss":0,"event_name":"WeMeetAgain","floor":12,"gold_loss":54},{"damage_healed":0,"gold_gain":0,"player_choice":"Ignored","damage_taken":0,"max_hp_gain":0,"max_hp_loss":0,"event_name":"Vampires","floor":22,"gold_loss":0},{"damage_healed":0,"gold_gain":99,"player_choice":"Stole From Cult","damage_taken":0,"max_hp_gain":0,"max_hp_loss":0,"event_name":"Nest","floor":24,"gold_loss":0},{"damage_healed":0,"gold_gain":0,"player_choice":"Ignored","damage_taken":0,"max_hp_gain":0,"max_hp_loss":0,"event_name":"Ghosts","floor":27,"gold_loss":0},{"cards_removed":["hermit:Enervate"],"damage_healed":0,"gold_gain":0,"player_choice":"Removed Attack","damage_taken":0,"max_hp_gain":0,"max_hp_loss":0,"event_name":"Falling","floor":38,"gold_loss":0},{"damage_healed":0,"gold_gain":333,"player_choice":"Gave Idol","damage_taken":0,"max_hp_gain":0,"max_hp_loss":0,"event_name":"The Moai Head","floor":44,"relics_lost":["Golden Idol"],"gold_loss":0},{"damage_healed":0,"gold_gain":0,"player_choice":"Forge","damage_taken":0,"max_hp_gain":0,"max_hp_loss":0,"event_name":"Accursed Blacksmith","floor":46,"gold_loss":0,"cards_upgraded":["hermit:BigShot"]}],"is_beta":false,"boss_relics":[{"not_picked":["hermit:BartenderGlass","SlaversCollar"],"picked":"Busted Crown"},{"not_picked":["Empty Cage","Black Star"],"picked":"SacredBark"}],"items_purged_floors":[20,37,45],"is_endless":false,"potions_floor_spawned":[2,5,16,18,21,29,30,31,33,35,36,39,40,42,48,54],"ascension_level":1}}