{"host":"by9nexv7bw8pfn7u","time":1611187701,"event":{"mods":["BaseMod","Colored Powertips","Downfall","GifTheSpireLib","Minty Spire (QoL Compilation)","Random Character Button","StSLib","Unceasing Turn Reminder"],"gold_per_floor":[99,109,120,220,234,261,261,61,74,85,85,109,140,50,63,168,168,168,187,199,30,30,58,58,77,93,43,43,62,74,89,103,206,206,106,125,136,136,152,183,207,207,8,23,76,106,106,125,145,145,145,145,50,50,50,50,50],"floor_reached":55,"language":"ENG","playtime":4742,"items_purged":["champ:Strike"],"score":867,"play_id":"e04d3f64-f9b7-4a07-8021-fd3b6caf2b1b","local_time":"20210121010821","is_ascension_mode":false,"campfire_choices":[{"floor":1,"key":"RECALL"},{"data":"champ:SkillfulDodge","floor":8,"key":"SMITH"},{"floor":11,"key":"REST"},{"data":"champ:Improvising","floor":18,"key":"SMITH"},{"data":"champ:SkillfulDodge","floor":35,"key":"SMITH"},{"data":"champ:Circumvent","floor":54,"key":"SMITH"}],"circlet_count":0,"master_deck":["champ:Strike","champ:Defend","champ:Defend","champ:Defend","champ:Defend","champ:Execute","champ:Taunt","champ:SkillfulDodge+1","champ:ShieldWall","champ:DefensiveShout","champ:FlashCut","champ:EnGarde","champ:CrownThrow","champ:Improvising+1","champ:FocusedDefense","champ:TripleStrike","Slimebound:CheckThePlaybook","downfall:Icky","champ:SkillfulDodge+1","champ:FlashCut","champ:ShieldSlam+1","champ:RisingSlash","champ:Circumvent+1","champ:FalseCounter+1","Doubt","expansioncontent:DashGenerateEvil+1","champ:FocusedDefense","champ:DefensiveShout+1","champ:BringItOn+1","champ:Circumvent+1","champ:Circumvent+1","Finesse"],"relics":["champ:ChampionCrown","PreservedInsect","Singing Bowl","Juzu Bracelet","downfall:HeartBlessingGreen","downfall:HeartBlessingRed","Odd Mushroom","MealTicket","Empty Cage","Bronze Scales","Ice Cream","Black Star","downfall:HeartBlessingBlue","champ:FightingForDummies","Turnip","Boot","Unceasing Top","Orichalcum","Nunchaku"],"acts_visited":["Exordium","TheCity","TheBeyond","TheEnding"],"potions_floor_usage":[12,13,16,26,28,31,33,33,45,50,52,55],"damage_taken":[{"damage":21,"enemies":"Jaw Worm","floor":2,"turns":5},{"damage":12,"enemies":"Cultist","floor":3,"turns":3},{"damage":10,"enemies":"2 Louse","floor":5,"turns":3},{"damage":58,"enemies":"Gremlin Nob","floor":6,"turns":6},{"damage":7,"enemies":"Blue Slaver","floor":9,"turns":5},{"damage":17,"enemies":"3 Louse","floor":10,"turns":4},{"damage":21,"enemies":"The Mushroom Lair","floor":12,"turns":6},{"damage":13,"enemies":"3 Sentries","floor":13,"turns":4},{"damage":12,"enemies":"downfall:FleeingMerchant","floor":14,"turns":4},{"damage":2,"enemies":"Large Slime","floor":15,"turns":5},{"damage":30,"enemies":"IC_STATUS_ARCHETYPE","floor":16,"turns":9},{"damage":18,"enemies":"Spheric Guardian","floor":19,"turns":5},{"damage":22,"enemies":"3 Byrds","floor":20,"turns":6},{"damage":25,"enemies":"downfall:FleeingMerchant","floor":21,"turns":4},{"damage":57,"enemies":"Gremlin Leader","floor":23,"turns":8},{"damage":24,"enemies":"Snake Plant","floor":25,"turns":5},{"damage":13,"enemies":"Snecko","floor":26,"turns":4},{"damage":0,"enemies":"Cultist and Chosen","floor":28,"turns":1},{"damage":2,"enemies":"Snake Plant","floor":29,"turns":3},{"damage":23,"enemies":"Centurion and Healer","floor":30,"turns":9},{"damage":2,"enemies":"3 Cultists","floor":31,"turns":6},{"damage":0,"enemies":"Cultist and Chosen","floor":32,"turns":4},{"damage":67,"enemies":"SI_MIRROR_ARCHETYPE","floor":33,"turns":10},{"damage":7,"enemies":"Orb Walker","floor":36,"turns":5},{"damage":18,"enemies":"3 Shapes","floor":37,"turns":6},{"damage":23,"enemies":"Maw","floor":39,"turns":10},{"damage":91,"enemies":"Giant Head","floor":40,"turns":10},{"damage":35,"enemies":"downfall:FleeingMerchant","floor":43,"turns":4},{"damage":4,"enemies":"Sphere and 2 Shapes","floor":44,"turns":6},{"damage":26,"enemies":"downfall:FleeingMerchant","floor":45,"turns":4},{"damage":75,"enemies":"Reptomancer","floor":46,"turns":7},{"damage":0,"enemies":"Jaw Worm Horde","floor":48,"turns":3},{"damage":15,"enemies":"Maw","floor":49,"turns":8},{"damage":15,"enemies":"WA_ARCHETYPE_DIVINITY","floor":50,"turns":15},{"damage":0,"enemies":"downfall:CharBossMerchant","floor":52,"turns":1},{"damage":127,"enemies":"downfall:NeowBoss","floor":55,"turns":25}],"seed_played":"203402833256423128","potions_obtained":[{"floor":5,"key":"Explosive Potion"},{"floor":6,"key":"SmokeBomb"},{"floor":10,"key":"Weak Potion"},{"floor":16,"key":"Fruit Juice"},{"floor":25,"key":"Regen Potion"},{"floor":26,"key":"Guardian:BlockOnCardUsePotion"},{"floor":29,"key":"Ancient Potion"},{"floor":30,"key":"sneckomod:MuddlingPotion"},{"floor":32,"key":"PowerPotion"},{"floor":36,"key":"CultistPotion"},{"floor":37,"key":"LiquidBronze"},{"floor":49,"key":"SmokeBomb"}],"is_trial":false,"path_per_floor":["R","M","M","?","M","E","T","R","M","M","R","?","E","$","M","B",null,"R","M","M","$","?","E","T","M","M","?","M","M","M","M","M","B",null,"R","M","M","?","M","E","T","?","$","M","$","E","?","M","M","B",null,"E","$","R","B"],"character_chosen":"THE_CHAMP","items_purchased":["Bronze Scales","expansioncontent:DashGenerateEvil+1","Unceasing Top","Finesse"],"campfire_rested":1,"item_purchase_floors":[21,43,45,53],"current_hp_per_floor":[90,89,87,87,87,49,49,49,49,42,69,58,55,68,66,56,97,97,91,81,83,83,41,41,24,35,71,71,69,66,66,66,31,109,119,119,108,108,87,11,11,125,127,123,111,46,46,46,46,46,127,127,127,127,0,0,0],"gold":50,"neow_bonus":"RANDOM_COMMON_RELIC","is_daily":false,"chose_seed":false,"campfire_upgraded":4,"win_rate":0.0,"timestamp":1611187701,"path_taken":["R","M","M","?","M","E","T","R","M","M","R","?","E","$","M","BOSS","R","M","M","$","?","E","T","M","M","?","M","M","M","M","M","BOSS","R","M","M","?","M","E","T","?","$","M","$","E","?","M","M","BOSS","E","$","R","BOSS"],"items_purchased_type":["Relic","Card","Relic","Card"],"build_version":"2020-12-22","purchased_purges":1,"victory":false,"max_hp_per_floor":[90,90,90,90,90,90,90,90,92,92,92,92,92,92,92,97,97,97,99,101,103,103,103,103,105,105,105,105,105,105,107,107,109,109,119,121,123,123,125,125,125,125,127,127,127,127,127,127,127,127,127,127,127,127,127,127,127],"card_choices":[{"not_picked":["champ:ViciousMockery","champ:ShieldSlam"],"picked":"champ:SkillfulDodge","floor":2},{"not_picked":["champ:PreciseThrust","champ:Circumvent"],"picked":"champ:GladiatorStyle","floor":3},{"not_picked":["champ:IronFortress","champ:Haymaker"],"picked":"champ:ShieldWall","floor":5},{"not_picked":["champ:ArenaPreparation","champ:Backstep"],"picked":"champ:DefensiveShout","floor":6},{"not_picked":["champ:MurderStrike","champ:StanceDance","champ:TornadoPunch"],"picked":"Singing Bowl","floor":9},{"not_picked":["champ:RapidStrikes","champ:EndlessRage"],"picked":"champ:FlashCut","floor":10},{"not_picked":["champ:AdrenalArmor","champ:BladeFlurry"],"picked":"champ:EnGarde","floor":12},{"not_picked":["champ:BerserkersShout","champ:BerserkerStyle"],"picked":"champ:CrownThrow","floor":13},{"not_picked":["champ:RecklessLeap","champ:GutPunch"],"picked":"champ:Improvising","floor":14},{"not_picked":["champ:FanOfKnives","champ:StanceDance"],"picked":"champ:FocusedDefense","floor":15},{"not_picked":["champ:IgnorePain","champ:VampiricStrike"],"picked":"champ:TripleStrike","floor":16},{"not_picked":["champ:DeathBlow+1","champ:Circumvent+1","champ:Lariat"],"picked":"Singing Bowl","floor":19},{"not_picked":["champ:Circumvent+1","champ:PerfectedStrike+1","champ:CalledShot"],"picked":"Singing Bowl","floor":20},{"not_picked":["champ:FanOfKnives","champ:SetATrap+1","champ:TornadoPunch"],"picked":"Singing Bowl","floor":21},{"not_picked":["champ:EnGarde","champ:CrownThrow"],"picked":"champ:SkillfulDodge","floor":23},{"not_picked":["champ:RapidStrikes","champ:CalledShot","champ:FocusedBerserking+1"],"picked":"Singing Bowl","floor":25},{"not_picked":["champ:Lariat","champ:AdrenalArmor"],"picked":"champ:FlashCut","floor":26},{"not_picked":["champ:DefensiveShout","champ:FlashCut"],"picked":"champ:ShieldSlam+1","floor":29},{"not_picked":["champ:StanceDance","champ:FanOfKnives"],"picked":"champ:RisingSlash","floor":30},{"not_picked":["champ:PreemptiveStrike+1","champ:Haymaker","champ:CrownThrow"],"picked":"Singing Bowl","floor":31},{"not_picked":["champ:IgnorePain","champ:CalledShot"],"picked":"champ:Circumvent","floor":32},{"not_picked":["champ:IgnorePain","champ:SteelEdge","champ:VampiricStrike"],"picked":"Singing Bowl","floor":33},{"not_picked":["champ:StanceDance+1","champ:Haymaker","champ:BladeFlurry+1"],"picked":"Singing Bowl","floor":36},{"not_picked":["champ:PerfectedStrike","champ:Haymaker","champ:PreciseThrust+1"],"picked":"Singing Bowl","floor":37},{"not_picked":["champ:Haymaker","champ:BerserkersShout+1","champ:ViciousMockery"],"picked":"Singing Bowl","floor":39},{"not_picked":["champ:Parry+1","champ:FaceSlap+1"],"picked":"champ:FalseCounter+1","floor":40},{"not_picked":["champ:EnGarde+1","champ:Shatter+1","champ:Parry+1"],"picked":"Singing Bowl","floor":43},{"not_picked":["champ:PerfectedStrike+1","champ:FancyFootwork+1"],"picked":"champ:FocusedDefense","floor":44},{"not_picked":["champ:StanceDance+1","champ:BringItOn"],"picked":"champ:DefensiveShout+1","floor":45},{"not_picked":["champ:Endure+1","champ:FancyFootwork"],"picked":"champ:BringItOn+1","floor":46},{"not_picked":["champ:SwordThrow","champ:FancyFootwork+1"],"picked":"champ:Circumvent+1","floor":48},{"not_picked":["champ:PreciseThrust+1","champ:EndlessRage"],"picked":"champ:Circumvent+1","floor":49}],"player_experience":1021454,"relics_obtained":[{"floor":6,"key":"Singing Bowl"},{"floor":7,"key":"Juzu Bracelet"},{"floor":12,"key":"Odd Mushroom"},{"floor":13,"key":"MealTicket"},{"floor":23,"key":"Ice Cream"},{"floor":40,"key":"champ:FightingForDummies"},{"floor":40,"key":"Turnip"},{"floor":41,"key":"Boot"},{"floor":46,"key":"Orichalcum"},{"floor":46,"key":"Nunchaku"}],"event_choices":[{"damage_healed":0,"gold_gain":0,"player_choice":"Fought Mushrooms","damage_taken":0,"max_hp_gain":0,"max_hp_loss":0,"event_name":"Mushrooms","floor":12,"gold_loss":0},{"cards_removed":["champ:GladiatorStyle"],"damage_healed":0,"gold_gain":0,"player_choice":"Removed Power","damage_taken":0,"max_hp_gain":0,"max_hp_loss":0,"event_name":"Falling","floor":47,"gold_loss":0}],"is_beta":false,"boss_relics":[{"not_picked":["Astrolabe","Busted Crown"],"picked":"Empty Cage"},{"not_picked":["Pandora\u0027s Box","Velvet Choker"],"picked":"Black Star"}],"items_purged_floors":[14],"is_endless":false,"potions_floor_spawned":[5,6,10,16,25,26,28,29,30,32,36,37,39,44,49,52],"killed_by":"downfall:NeowBoss","ascension_level":0}}