{"host":"g8a0qo0vjtg6u5wv","time":1611224592,"event":{"mods":["BaseMod","Colored Map","Custom Start","KOR Keyword Fix","Minty Spire (QoL Compilation)","StSLib","SuperFastMode"],"gold_per_floor":[116,116,3,3,21,46,221,221,221,261,261,52,73,110,110,222,222,234,256,256,67,67,101,101,120,143,143,48,70,95,123,123,230,230,250,267,277,86,103,103,103],"floor_reached":40,"language":"KOR","playtime":1071,"items_purged":["Strike_P","Defend_P","Strike_P","Strike_P","Defend_P"],"score":700,"play_id":"f9de9c99-9171-4e00-82ae-727a167be9eb","local_time":"20210121192312","is_ascension_mode":true,"campfire_choices":[{"data":"Eruption","floor":8.0,"key":"SMITH"},{"data":"WreathOfFlame","floor":15.0,"key":"SMITH"},{"floor":27.0,"key":"REST"},{"floor":32.0,"key":"REST"}],"circlet_count":0,"master_deck":["Eruption+1","Vigilance","ClearTheMind","MentalFortress","SashWhip","InnerPeace","TalkToTheHand+1","Flash of Steel+1","Tantrum+1","EmptyFist+1","WreathOfFlame+1","Vault","FlurryOfBlows+1","Ragnarok+1","Indignation","TalkToTheHand+1","Wallop+1","Sanctity","Vault","Protect+1","Thinking Ahead"],"relics":["PureWater","NeowsBlessing","Orichalcum","Molten Egg 2","CeramicFish","Spirit Poop","Bottled Tornado","Black Star","White Beast Statue","The Courier","Gremlin Horn","Smiling Mask","Shovel","Darkstone Periapt","Empty Cage"],"acts_visited":["Exordium","TheCity","TheBeyond"],"potions_floor_usage":[40],"damage_taken":[{"damage":0.0,"enemies":"Jaw Worm","floor":1.0,"turns":1.0},{"damage":0.0,"enemies":"Cultist","floor":5.0,"turns":1.0},{"damage":0.0,"enemies":"3 Sentries","floor":6.0,"turns":2.0},{"damage":33.0,"enemies":"Lagavulin","floor":10.0,"turns":8.0},{"damage":0.0,"enemies":"2 Louse","floor":13.0,"turns":2.0},{"damage":2.0,"enemies":"3 Sentries","floor":14.0,"turns":6.0},{"damage":0.0,"enemies":"Slime Boss","floor":16.0,"turns":4.0},{"damage":13.0,"enemies":"2 Thieves","floor":18.0,"turns":3.0},{"damage":8.0,"enemies":"3 Byrds","floor":19.0,"turns":5.0},{"damage":28.0,"enemies":"Slavers","floor":23.0,"turns":4.0},{"damage":17.0,"enemies":"Shelled Parasite and Fungi","floor":25.0,"turns":4.0},{"damage":8.0,"enemies":"Cultist and Chosen","floor":29.0,"turns":4.0},{"damage":4.0,"enemies":"Snake Plant","floor":30.0,"turns":3.0},{"damage":2.0,"enemies":"Gremlin Leader","floor":31.0,"turns":6.0},{"damage":12.0,"enemies":"Automaton","floor":33.0,"turns":6.0},{"damage":9.0,"enemies":"Orb Walker","floor":35.0,"turns":3.0},{"damage":9.0,"enemies":"3 Shapes","floor":36.0,"turns":6.0},{"damage":19.0,"enemies":"3 Darklings","floor":37.0,"turns":5.0},{"damage":0.0,"enemies":"Spire Growth","floor":39.0,"turns":4.0},{"damage":39,"enemies":"Nemesis","floor":40,"turns":3}],"seed_played":"-5761587895172672676","potions_obtained":[{"floor":1.0,"key":"FearPotion"},{"floor":5.0,"key":"Fruit Juice"},{"floor":10.0,"key":"Explosive Potion"},{"floor":16.0,"key":"GamblersBrew"},{"floor":19.0,"key":"Explosive Potion"},{"floor":25.0,"key":"Energy Potion"},{"floor":29.0,"key":"FearPotion"},{"floor":35.0,"key":"PowerPotion"}],"is_trial":false,"path_per_floor":["M","?","$","$","M","E","?","R","T","E","?","$","M","E","R","B",null,"M","M","?","$","?","E","T","M","T","R","$","M","M","E","R","B",null,"M","M","M","$","M","E"],"character_chosen":"WATCHER","items_purchased":["MentalFortress","Flash of Steel+1","Tantrum+1","Ragnarok+1","TalkToTheHand+1","Thinking Ahead"],"campfire_rested":2,"item_purchase_floors":[3,12,12,21,28,38],"current_hp_per_floor":[65,65,65,65,65,65,65,65,65,37,37,37,37,35,35,35,67,54,46,46,46,46,18,18,1,1,24,24,16,12,10,33,21,63,54,45,26,26,26,0,0],"gold":103,"neow_bonus":"THREE_ENEMY_KILL","is_daily":false,"chose_seed":false,"campfire_upgraded":2,"win_rate":0.0,"timestamp":1611224592,"path_taken":["M","?","?","$","?","E","?","R","T","E","?","$","M","E","R","BOSS","M","?","?","$","?","E","?","M","T","R","$","M","M","E","R","BOSS","M","M","M","$","M","E"],"items_purchased_type":["Card","Card","Card","Card","Card","Card"],"build_version":"2020-12-22","purchased_purges":5,"victory":false,"max_hp_per_floor":[72,72,72,72,72,72,72,72,72,77,77,77,77,77,77,77,77,77,77,77,77,77,77,77,77,77,77,77,77,77,77,77,77,77,77,77,77,77,77,77,77],"card_choices":[{"not_picked":["MentalFortress","ThirdEye"],"picked":"ClearTheMind","floor":1.0},{"not_picked":["Halt","CarveReality"],"picked":"SashWhip","floor":5.0},{"not_picked":["DevaForm","CrushJoints"],"picked":"InnerPeace","floor":6.0},{"not_picked":["Crescendo","Blasphemy"],"picked":"TalkToTheHand+1","floor":10.0},{"not_picked":["Halt","JustLucky+1"],"picked":"EmptyFist+1","floor":13.0},{"not_picked":["Sanctity","SashWhip+1"],"picked":"WreathOfFlame","floor":14.0},{"not_picked":["Devotion","MasterReality"],"picked":"Vault","floor":16.0},{"not_picked":["BattleHymn+1","FlyingSleeves+1","Halt"],"picked":"SKIP","floor":18.0},{"not_picked":["Evaluate","EmptyBody"],"picked":"FlurryOfBlows+1","floor":19.0},{"not_picked":["Pray","Prostrate"],"picked":"Indignation","floor":23.0},{"not_picked":["JustLucky+1","EmptyFist+1","Evaluate"],"picked":"SKIP","floor":25.0},{"not_picked":["Protect","Pray"],"picked":"Wallop+1","floor":29.0},{"not_picked":["MasterReality","CrushJoints+1"],"picked":"Sanctity","floor":30.0},{"not_picked":["Indignation","ForeignInfluence","Evaluate"],"picked":"SKIP","floor":31.0},{"not_picked":["Brilliance+1","SpiritShield"],"picked":"Vault","floor":33.0},{"not_picked":["CutThroughFate+1","PathToVictory+1"],"picked":"Protect+1","floor":35.0},{"not_picked":["Ragnarok+1","Protect","PathToVictory+1"],"picked":"SKIP","floor":36.0},{"not_picked":["Crescendo+1","PathToVictory","CutThroughFate+1"],"picked":"SKIP","floor":37.0},{"not_picked":["Evaluate","Prostrate","Tantrum+1"],"picked":"SKIP","floor":39.0}],"player_experience":569670,"relics_obtained":[{"floor":6.0,"key":"Orichalcum"},{"floor":9.0,"key":"Molten Egg 2"},{"floor":10.0,"key":"CeramicFish"},{"floor":14.0,"key":"Bottled Tornado"},{"floor":23.0,"key":"White Beast Statue"},{"floor":23.0,"key":"The Courier"},{"floor":24.0,"key":"Gremlin Horn"},{"floor":26.0,"key":"Smiling Mask"},{"floor":31.0,"key":"Shovel"},{"floor":31.0,"key":"Darkstone Periapt"}],"event_choices":[{"cards_removed":["Defend_P"],"damage_healed":0.0,"max_hp_gain":0.0,"max_hp_loss":0.0,"gold_gain":0.0,"event_name":"Wheel of Change","player_choice":"Card Removal","floor":2.0,"gold_loss":0.0,"damage_taken":0.0},{"damage_healed":0.0,"max_hp_gain":0.0,"max_hp_loss":0.0,"gold_gain":175.0,"event_name":"Liars Game","player_choice":"AGREE","floor":7.0,"gold_loss":0.0,"damage_taken":0.0,"cards_obtained":["Doubt"]},{"cards_removed":["Doubt"],"damage_healed":0.0,"max_hp_gain":0.0,"max_hp_loss":0.0,"gold_gain":0.0,"event_name":"Bonfire Elementals","player_choice":"Offered Curse","floor":11.0,"gold_loss":0.0,"damage_taken":0.0,"relics_obtained":["Spirit Poop"]},{"damage_healed":0.0,"max_hp_gain":0.0,"max_hp_loss":0.0,"gold_gain":0.0,"event_name":"Ghosts","player_choice":"Ignored","floor":20.0,"gold_loss":0.0,"damage_taken":0.0}],"is_beta":false,"boss_relics":[{"not_picked":["Philosopher\u0027s Stone","Cursed Key"],"picked":"Black Star"},{"not_picked":["Tiny House","Runic Dome"],"picked":"Empty Cage"}],"items_purged_floors":[3,12,21,28,38],"is_endless":false,"potions_floor_spawned":[1,5,10,16,19,25,29,30,31,33,35,36,37,39],"killed_by":"Nemesis","ascension_level":7}}