{"host":"r4aerl4ckfvw1dw3","time":1611271184,"event":{"mods":["BaseMod","BetterRewards","Minty Spire (QoL Compilation)","Quick Restart","StSLib"],"gold_per_floor":[109,109,119,137,137,137,172,172,172,205,222,45,62,80,80,80,80],"floor_reached":16,"language":"ENG","playtime":842,"items_purged":[],"score":129,"play_id":"a4b1086c-0284-4606-81ae-41539661d6ea","local_time":"20210121151944","is_ascension_mode":true,"campfire_choices":[{"floor":6,"key":"RECALL"},{"data":"Flex","floor":8,"key":"SMITH"},{"floor":15,"key":"REST"}],"circlet_count":0,"master_deck":["Strike_R","Strike_R","Strike_R","Strike_R","Strike_R","Defend_R","Defend_R","Defend_R","Defend_R","Bash","Metallicize+1","Heavy Blade","Heavy Blade","Flex+1","Thunderclap","Thunderclap","Panache","Anger"],"relics":["Burning Blood","Blood Vial","Pen Nib"],"acts_visited":["Exordium"],"potions_floor_usage":[4,7,11,16],"damage_taken":[{"damage":10,"enemies":"2 Louse","floor":1,"turns":3},{"damage":2,"enemies":"Cultist","floor":3,"turns":4},{"damage":10,"enemies":"Jaw Worm","floor":4,"turns":4},{"damage":25,"enemies":"Gremlin Nob","floor":7,"turns":4},{"damage":21,"enemies":"3 Sentries","floor":10,"turns":9},{"damage":18,"enemies":"Large Slime","floor":11,"turns":7},{"damage":23,"enemies":"3 Louse","floor":13,"turns":3},{"damage":11,"enemies":"2 Fungi Beasts","floor":14,"turns":3},{"damage":30,"enemies":"The Guardian","floor":16,"turns":6}],"seed_played":"5902730746233469789","potions_obtained":[{"floor":3,"key":"EntropicBrew"},{"floor":10,"key":"Weak Potion"},{"floor":13,"key":"SneckoOil"},{"floor":14,"key":"EntropicBrew"}],"is_trial":false,"path_per_floor":["M","?","M","M","?","R","E","R","T","E","M","$","M","M","R","B"],"character_chosen":"IRONCLAD","items_purchased":["Metallicize","Heavy Blade","Panache"],"campfire_rested":1,"item_purchase_floors":[0,0,12],"current_hp_per_floor":[76,81,85,81,81,81,62,62,62,49,39,39,24,21,46,18,18],"gold":80,"neow_bonus":"","is_daily":false,"chose_seed":false,"campfire_upgraded":1,"win_rate":0.0,"timestamp":1611271184,"path_taken":["M","?","M","M","?","R","E","R","T","E","M","$","M","M","R","BOSS"],"items_purchased_type":["Card","Card","Card"],"build_version":"2020-12-22","purchased_purges":0,"victory":false,"max_hp_per_floor":[80,85,85,85,85,85,85,85,85,85,85,85,85,85,85,85,85],"card_choices":[{"not_picked":["Clothesline","Blood for Blood"],"picked":"Heavy Blade","floor":1},{"not_picked":["Evolve","Burning Pact","Twin Strike"],"picked":"SKIP","floor":3},{"not_picked":["True Grit","Bloodletting","Barricade"],"picked":"SKIP","floor":4},{"not_picked":["Perfected Strike","Iron Wave"],"picked":"Flex","floor":7},{"not_picked":["Wild Strike","Havoc"],"picked":"Thunderclap","floor":10},{"not_picked":["Wild Strike","Heavy Blade"],"picked":"Thunderclap","floor":11},{"not_picked":["Combust","Flex"],"picked":"Anger","floor":13},{"not_picked":["Wild Strike","Pummel","Anger"],"picked":"SKIP","floor":14}],"player_experience":394126,"relics_obtained":[{"floor":7,"key":"Blood Vial"},{"floor":10,"key":"Pen Nib"}],"event_choices":[{"damage_healed":0,"gold_gain":0,"player_choice":"Donut","damage_taken":0,"max_hp_gain":5,"max_hp_loss":0,"event_name":"Big Fish","floor":2,"gold_loss":0},{"damage_healed":0,"gold_gain":0,"player_choice":"Upgraded","damage_taken":0,"max_hp_gain":0,"max_hp_loss":0,"event_name":"Upgrade Shrine","floor":5,"gold_loss":0,"cards_upgraded":["Metallicize"]}],"is_beta":false,"boss_relics":[],"items_purged_floors":[],"is_endless":false,"potions_floor_spawned":[3,10,13,14],"killed_by":"The Guardian","ascension_level":3}}