{"host":"2se5dq1do2gp0x9k","time":1611202182,"event":{"mods":["AchievementEnabler","BaseMod","Block Reminder","Colored Map","Colored Powertips","Minty Spire (QoL Compilation)","Relic Stats","StSLib","SuperFastMode"],"gold_per_floor":[115,165,176,189,199,228,238,238,238,238,96,96,96,46,46,121,121,140,140,40,40,57,57,57],"floor_reached":23,"language":"ENG","playtime":1041,"items_purged":[],"score":454,"play_id":"c4efa68d-38ac-476b-9dff-f6b8b9866204","local_time":"20210120200942","is_ascension_mode":true,"campfire_choices":[{"floor":10.0,"key":"REST"},{"data":"Eruption","floor":12.0,"key":"SMITH"},{"data":"MasterReality","floor":15.0,"key":"SMITH"}],"circlet_count":0,"master_deck":["AscendersBane","Eruption+1","Vigilance","Blasphemy","CarveReality","Nirvana","JustLucky","MasterReality+1","ForeignInfluence","WheelKick","ClearTheMind","Protect","ThirdEye","Nirvana","Wireheading+1","Discovery","EmptyFist","CutThroughFate","Scrawl+1","Flash of Steel"],"relics":["Pandora\u0027s Box","Frozen Egg 2","White Beast Statue","Damaru","Cursed Key"],"acts_visited":["Exordium","TheCity"],"potions_floor_usage":[23],"damage_taken":[{"damage":6.0,"enemies":"2 Louse","floor":1.0,"turns":2.0},{"damage":6.0,"enemies":"Cultist","floor":3.0,"turns":3.0},{"damage":0.0,"enemies":"Jaw Worm","floor":4.0,"turns":3.0},{"damage":4.0,"enemies":"3 Louse","floor":5.0,"turns":3.0},{"damage":30.0,"enemies":"3 Sentries","floor":6.0,"turns":6.0},{"damage":6.0,"enemies":"Exordium Thugs","floor":7.0,"turns":4.0},{"damage":0.0,"enemies":"Hexaghost","floor":16.0,"turns":7.0},{"damage":0.0,"enemies":"Spheric Guardian","floor":18.0,"turns":4.0},{"damage":6.0,"enemies":"3 Byrds","floor":22.0,"turns":4.0},{"damage":60,"enemies":"Slavers","floor":23,"turns":3}],"seed_played":"-1793029036162616265","potions_obtained":[{"floor":4.0,"key":"Dexterity Potion"},{"floor":7.0,"key":"BlessingOfTheForge"},{"floor":16.0,"key":"Weak Potion"},{"floor":18.0,"key":"ColorlessPotion"},{"floor":22.0,"key":"Strength Potion"}],"is_trial":false,"path_per_floor":["M","?","M","M","M","E","M","T","T","R","$","R","?","$","R","B",null,"M","?","$","$","M","E"],"character_chosen":"WATCHER","items_purchased":["Discovery","EmptyFist","CutThroughFate","Flash of Steel"],"campfire_rested":1,"item_purchase_floors":[11,11,14,20],"current_hp_per_floor":[55,55,49,49,45,15,9,9,9,29,29,29,34,34,34,34,63,63,63,63,63,57,0,0],"gold":57,"neow_bonus":"BOSS_RELIC","is_daily":false,"chose_seed":false,"campfire_upgraded":2,"win_rate":0.0,"timestamp":1611202182,"path_taken":["M","?","M","M","?","E","M","?","T","R","$","R","?","$","R","BOSS","M","?","$","?","?","E"],"items_purchased_type":["Card","Card","Card","Card"],"build_version":"2020-12-22","purchased_purges":0,"victory":false,"max_hp_per_floor":[68,68,68,68,68,68,68,68,68,68,68,68,73,73,73,73,73,73,73,73,73,73,73,73],"relic_stats":{"counters":[10,39],"Pandora\u0027s Box":["Blasphemy","CarveReality","Nirvana","JustLucky","MasterReality","ForeignInfluence","WheelKick","ClearTheMind"],"Cursed Key":0,"obtain_stats":[{"Damaru":9,"Pandora\u0027s Box":0,"PureWater":0,"Frozen Egg 2":6,"Cursed Key":17,"White Beast Statue":8},{"Damaru":6,"Pandora\u0027s Box":0,"PureWater":0,"Frozen Egg 2":5,"Cursed Key":7,"White Beast Statue":6},{"Damaru":21,"Pandora\u0027s Box":0,"PureWater":0,"Frozen Egg 2":17,"Cursed Key":28,"White Beast Statue":21}]},"card_choices":[{"not_picked":["Conclude","PathToVictory"],"picked":"Protect","floor":1.0},{"not_picked":["Crescendo","SandsOfTime"],"picked":"ThirdEye","floor":3.0},{"not_picked":["Halt","PathToVictory"],"picked":"Nirvana","floor":4.0},{"not_picked":["FollowUp","Devotion","Vengeance"],"picked":"SKIP","floor":5.0},{"not_picked":["Swivel","Tantrum"],"picked":"Wireheading+1","floor":6.0},{"not_picked":["Halt","Protect","SashWhip"],"picked":"SKIP","floor":7.0},{"not_picked":["LessonLearned","Omniscience"],"picked":"Scrawl","floor":16.0},{"not_picked":["FlyingSleeves+1","FollowUp","CrushJoints"],"picked":"SKIP","floor":18.0},{"not_picked":["EmptyFist","Protect","BattleHymn+1"],"picked":"SKIP","floor":22.0}],"player_experience":3923317,"relics_obtained":[{"floor":6.0,"key":"Frozen Egg 2"},{"floor":8.0,"key":"White Beast Statue"},{"floor":9.0,"key":"Damaru"}],"event_choices":[{"damage_healed":0.0,"max_hp_gain":0.0,"max_hp_loss":0.0,"gold_gain":50.0,"event_name":"Golden Shrine","player_choice":"Pray","floor":2.0,"gold_loss":0.0,"damage_taken":0.0},{"damage_healed":0.0,"max_hp_gain":5.0,"max_hp_loss":0.0,"gold_gain":0.0,"event_name":"Big Fish","player_choice":"Donut","floor":13.0,"gold_loss":0.0,"damage_taken":0.0},{"damage_healed":0.0,"max_hp_gain":0.0,"max_hp_loss":0.0,"gold_gain":0.0,"event_name":"Upgrade Shrine","player_choice":"Upgraded","floor":19.0,"gold_loss":0.0,"damage_taken":0.0,"cards_upgraded":["Scrawl"]}],"is_beta":false,"boss_relics":[{"not_picked":["Calling Bell","VioletLotus"],"picked":"Cursed Key"}],"items_purged_floors":[],"is_endless":false,"potions_floor_spawned":[4,7,16,18,22],"killed_by":"Slavers","ascension_level":18}}