{"host":"gqhy17d1xpb1p3ki","time":1611202720,"event":{"mods":["2.2 Compatiblity","AchievementEnabler","BaseMod","Bestiary","Colored Map","Colored Powertips","Curses Come First","Downfall","Duelist Mod","Hermit","Marisa????????","Minty Spire (QoL Compilation)","Rare Cards Sparkle","Shop Mod","StSLib","The Animator","The Bug Knight","The Cursed","The Disciple","The Hierophant","The Necromancer","The Runesmith","The Servant 0.9.4","Yuri Mod"],"gold_per_floor":[99,119,119,138,151,151,151,186,186,186,196,213,113,141,156,156,156],"floor_reached":16,"language":"ENG","playtime":1254,"items_purged":[],"score":112,"play_id":"ee90726b-1828-43fe-a1ff-e73f70eca6d4","local_time":"20210120231840","is_ascension_mode":false,"campfire_choices":[{"data":"SecondHand","floor":1,"key":"SMITH"},{"data":"ReapSow","floor":6,"key":"SMITH"},{"data":"ReapSow","floor":9,"key":"SMITH"},{"data":"Pendulum","floor":13,"key":"SMITH"}],"circlet_count":0,"master_deck":["Strike_Br","Strike_Br","Strike_Br+1","Strike_Br+1","Defend_Br","Defend_Br+1","Defend_Br","Defend_Br","SecondHand+1","PatternShift+1","Echoward+1","downfall:Malfunctioning","ExoVibe","ReapSow+12","ReapSow+6","Pendulum+1","WindUp","BackFourSeconds","LockedBlood"],"relics":["Chronometer","Pen Nib","War Paint","HollowMod:StagPassRelic","downfall:HeartBlessingGreen","Nunchaku"],"acts_visited":["Exordium"],"potions_floor_usage":[16],"damage_taken":[{"damage":0,"enemies":"2 Louse","floor":2,"turns":3},{"damage":0,"enemies":"Jaw Worm","floor":4,"turns":4},{"damage":4,"enemies":"Cultist","floor":5,"turns":6},{"damage":32,"enemies":"3 Sentries","floor":8,"turns":16},{"damage":0,"enemies":"Exordium Wildlife","floor":11,"turns":4},{"damage":0,"enemies":"Blue Slaver","floor":12,"turns":5},{"damage":4,"enemies":"Gremlin Nob","floor":14,"turns":4},{"damage":10,"enemies":"Exordium Thugs","floor":15,"turns":3},{"damage":29,"enemies":"IC_STATUS_ARCHETYPE","floor":16,"turns":10}],"seed_played":"3708381246669218531","potions_obtained":[{"floor":2,"key":"Fire Potion"},{"floor":4,"key":"EssenceOfSteel"},{"floor":12,"key":"Guardian:BlockOnCardUsePotion"}],"is_trial":false,"path_per_floor":["R","M","?","M","M","R","T","E","R","?","M","M","R","E","M","B"],"character_chosen":"CHRONO_CLASS","items_purchased":[],"campfire_rested":0,"item_purchase_floors":[],"current_hp_per_floor":[71,71,71,71,67,67,67,35,35,28,28,28,28,24,19,0,0],"gold":156,"neow_bonus":"TEN_PERCENT_HP_BONUS","is_daily":false,"chose_seed":false,"campfire_upgraded":4,"win_rate":0.0,"timestamp":1611202720,"path_taken":["R","M","?","M","M","R","T","E","R","?","M","M","R","E","M","BOSS"],"items_purchased_type":[],"build_version":"2020-12-22","purchased_purges":0,"victory":false,"max_hp_per_floor":[71,71,71,71,71,71,71,71,71,71,71,71,71,71,71,71,71],"card_choices":[{"not_picked":["Stagnate","CrunchTime"],"picked":"Echoward","floor":2},{"not_picked":["BlueShift","LockedBlood"],"picked":"ExoVibe","floor":4},{"not_picked":["BlueShift","ShortSighted"],"picked":"ReapSow","floor":5},{"not_picked":["WindUp","ExoVibe"],"picked":"ReapSow","floor":8},{"not_picked":["Stagnate","EscortCommand"],"picked":"Pendulum","floor":11},{"not_picked":["AlternateTimeline","ResonantCall"],"picked":"WindUp","floor":12},{"not_picked":["LockedAnchor","AlternateTimeline"],"picked":"BackFourSeconds","floor":14},{"not_picked":["LockedWarPaint","WatchCommand"],"picked":"LockedBlood","floor":15}],"player_experience":408314,"relics_obtained":[{"floor":7,"key":"Pen Nib"},{"floor":8,"key":"War Paint"},{"floor":14,"key":"Nunchaku"}],"event_choices":[{"damage_healed":0,"gold_gain":0,"player_choice":"Success","damage_taken":7,"relics_obtained":["HollowMod:StagPassRelic"],"max_hp_gain":0,"max_hp_loss":0,"event_name":"Scrap Ooze","floor":10,"gold_loss":0}],"is_beta":false,"boss_relics":[],"items_purged_floors":[],"is_endless":false,"potions_floor_spawned":[2,4,12,15],"killed_by":"IC_STATUS_ARCHETYPE","ascension_level":0}}