{"host":"z4nt7tdd4gjrinn7","time":1611193784,"event":{"mods":["100% Spire Juice","BaseMod","Minty Spire (QoL Compilation)","StSLib"],"gold_per_floor":[112,124,141,141,141,141,160,160,183,193,193,204,220,238,238,337,337,353,353,129,148,148,148],"floor_reached":22,"language":"ENG","playtime":1062,"items_purged":[],"score":180,"play_id":"ffdfef29-bf9f-4ce7-b276-feb8f44df548","local_time":"20210120204944","is_ascension_mode":false,"campfire_choices":[{"floor":6,"key":"REST"},{"floor":11,"key":"REST"},{"floor":15,"key":"REST"}],"circlet_count":0,"master_deck":["Strike_B","Strike_B","Strike_B","Strike_B","Defend_B","Defend_B","Defend_B","Defend_B","Zap","Dualcast","Sweeping Beam","Cold Snap","FTL+1","Rip and Tear","Compile Driver","Redo","Gash","Doom and Gloom","Self Repair","Chill"],"relics":["Cracked Core","Potion Belt","Bag of Marbles","Empty Cage","MealTicket"],"acts_visited":["Exordium","TheCity"],"potions_floor_usage":[16,16,16],"damage_taken":[{"damage":1,"enemies":"Cultist","floor":1,"turns":3},{"damage":0,"enemies":"Small Slimes","floor":2,"turns":2},{"damage":7,"enemies":"Jaw Worm","floor":3,"turns":4},{"damage":1,"enemies":"Red Slaver","floor":7,"turns":4},{"damage":5,"enemies":"Looter","floor":10,"turns":2},{"damage":6,"enemies":"Lots of Slimes","floor":12,"turns":2},{"damage":8,"enemies":"Large Slime","floor":13,"turns":4},{"damage":0,"enemies":"2 Fungi Beasts","floor":14,"turns":2},{"damage":10,"enemies":"Slime Boss","floor":16,"turns":7},{"damage":34,"enemies":"3 Byrds","floor":18,"turns":4},{"damage":28,"enemies":"Chosen","floor":21,"turns":5},{"damage":24,"enemies":"Shelled Parasite and Fungi","floor":22,"turns":4}],"seed_played":"-2143391064869271793","potions_obtained":[{"floor":1,"key":"BlessingOfTheForge"},{"floor":3,"key":"Strength Potion"},{"floor":14,"key":"Weak Potion"}],"is_trial":false,"path_per_floor":["M","M","M","$","?","R","M","?","T","M","R","M","M","M","R","B",null,"M","?","$","M","M"],"character_chosen":"DEFECT","items_purchased":["MealTicket","Self Repair"],"campfire_rested":3,"item_purchase_floors":[20,20],"current_hp_per_floor":[74,74,67,67,60,75,74,74,74,69,75,69,61,61,75,65,75,41,41,41,20,0,0],"gold":148,"neow_bonus":"RANDOM_COMMON_RELIC","is_daily":false,"chose_seed":false,"campfire_upgraded":0,"win_rate":0.0,"timestamp":1611193784,"path_taken":["M","?","M","$","?","R","M","?","T","M","R","M","M","M","R","BOSS","M","?","$","?","M"],"items_purchased_type":["Relic","Card"],"build_version":"2020-12-22","purchased_purges":0,"victory":false,"max_hp_per_floor":[75,75,75,75,75,75,75,75,75,75,75,75,75,75,75,75,75,75,75,75,75,75,75],"card_choices":[{"not_picked":["Lockon","Beam Cell"],"picked":"Sweeping Beam","floor":1},{"not_picked":["Compile Driver","Barrage"],"picked":"Cold Snap","floor":2},{"not_picked":["Tempest","Conserve Battery"],"picked":"FTL","floor":3},{"not_picked":["Double Energy","Conserve Battery"],"picked":"Rip and Tear","floor":7},{"not_picked":["Machine Learning","Go for the Eyes"],"picked":"Compile Driver","floor":10},{"not_picked":["Steam Power","Barrage"],"picked":"Redo","floor":12},{"not_picked":["Redo","Darkness"],"picked":"Gash","floor":13},{"not_picked":["Barrage","Darkness"],"picked":"Turbo","floor":14},{"not_picked":["Fission","Biased Cognition"],"picked":"Reboot","floor":16},{"not_picked":["Compile Driver","Steam"],"picked":"Doom and Gloom","floor":18},{"not_picked":["Reprogram","Ball Lightning"],"picked":"Chill","floor":21}],"player_experience":139070,"relics_obtained":[{"floor":9,"key":"Bag of Marbles"}],"event_choices":[{"damage_healed":0,"gold_gain":0,"player_choice":"Fled","damage_taken":7,"max_hp_gain":0,"max_hp_loss":0,"event_name":"Scrap Ooze","floor":5,"gold_loss":0},{"damage_healed":0,"gold_gain":0,"player_choice":"Ignored","damage_taken":0,"max_hp_gain":0,"max_hp_loss":0,"event_name":"Liars Game","floor":8,"gold_loss":0},{"damage_healed":0,"gold_gain":0,"player_choice":"Upgraded","damage_taken":0,"max_hp_gain":0,"max_hp_loss":0,"event_name":"Upgrade Shrine","floor":19,"gold_loss":0,"cards_upgraded":["FTL"]}],"is_beta":false,"boss_relics":[{"not_picked":["Snecko Eye","Philosopher\u0027s Stone"],"picked":"Empty Cage"}],"items_purged_floors":[],"is_endless":false,"potions_floor_spawned":[1,3,14],"killed_by":"Shelled Parasite and Fungi","ascension_level":0}}