{"host":"1wcl05nc8w84pbwq","time":1611245758,"event":{"mods":["AchievementEnabler","BaseMod","Minty Spire (QoL Compilation)","Rare Cards Sparkle","StSLib","Unceasing Turn Reminder","everything is the same but u backflip on backflip"],"gold_per_floor":[114,126,126,145,145,145,162,189,189,189,199,199,225,244,244,318,368,383,383,399,399,156,156,175,175,224,224,224],"floor_reached":27,"language":"ENG","playtime":975,"items_purged":["Strike_R"],"score":401,"play_id":"48024145-c5d6-4c43-8771-1c5ebff855f6","local_time":"20210121101558","is_ascension_mode":true,"campfire_choices":[{"data":"Juggernaut","floor":6,"key":"SMITH"},{"floor":10,"key":"REST"},{"floor":12,"key":"REST"},{"floor":15,"key":"REST"},{"floor":23,"key":"REST"},{"floor":25,"key":"REST"}],"circlet_count":0,"master_deck":["AscendersBane","Strike_R","Strike_R","Defend_R","Defend_R","Defend_R","Defend_R","Bash","Juggernaut+1","Thunderclap","Pommel Strike","Intimidate","Rampage+1","Impervious","Dropkick","Wild Strike+1","Cleave"],"relics":["Burning Blood","Self Forming Clay","Vajra","Tiny House","Nloth\u0027s Gift","Oddly Smooth Stone","Red Skull"],"acts_visited":["Exordium","TheCity"],"potions_floor_usage":[8,11,14],"damage_taken":[{"damage":13,"enemies":"Small Slimes","floor":1,"turns":4},{"damage":13,"enemies":"2 Louse","floor":2,"turns":4},{"damage":1,"enemies":"Cultist","floor":4,"turns":4},{"damage":1,"enemies":"Large Slime","floor":7,"turns":7},{"damage":47,"enemies":"Gremlin Nob","floor":8,"turns":5},{"damage":11,"enemies":"Exordium Thugs","floor":11,"turns":5},{"damage":26,"enemies":"3 Sentries","floor":13,"turns":6},{"damage":23,"enemies":"Gremlin Gang","floor":14,"turns":6},{"damage":42,"enemies":"Hexaghost","floor":16,"turns":10},{"damage":19,"enemies":"Chosen","floor":18,"turns":4},{"damage":27,"enemies":"2 Thieves","floor":20,"turns":5},{"damage":26,"enemies":"Centurion and Healer","floor":24,"turns":6},{"damage":35,"enemies":"Sentry and Sphere","floor":27,"turns":5}],"seed_played":"2009232069735491342","potions_obtained":[{"floor":1,"key":"EssenceOfSteel"},{"floor":2,"key":"SpeedPotion"},{"floor":8,"key":"FairyPotion"},{"floor":13,"key":"BlessingOfTheForge"},{"floor":17,"key":"Ancient Potion"}],"is_trial":false,"path_per_floor":["M","M","?","M","?","R","M","E","T","R","M","R","E","M","R","B",null,"M","?","M","?","$","R","M","R","T","M"],"character_chosen":"IRONCLAD","items_purchased":["Oddly Smooth Stone"],"campfire_rested":5,"item_purchase_floors":[22],"current_hp_per_floor":[61,54,54,59,59,59,64,23,23,43,38,58,38,21,41,26,63,50,29,8,8,8,31,11,34,34,0,0],"gold":224,"neow_bonus":"THREE_RARE_CARDS","is_daily":false,"chose_seed":false,"campfire_upgraded":1,"win_rate":0.0,"timestamp":1611245758,"path_taken":["M","M","?","M","?","R","M","E","T","R","M","R","E","M","R","BOSS","M","?","M","?","$","R","M","R","T","M"],"items_purchased_type":["Relic"],"build_version":"2020-12-22","purchased_purges":1,"victory":false,"max_hp_per_floor":[68,68,68,68,68,68,68,68,68,68,68,68,68,68,68,68,73,73,78,78,78,78,78,78,78,78,78,78],"card_choices":[{"not_picked":["Berserk","Fiend Fire"],"picked":"Juggernaut","floor":0},{"not_picked":["Second Wind","Sever Soul","Clash"],"picked":"SKIP","floor":1},{"not_picked":["Shockwave","Searing Blow","Heavy Blade"],"picked":"SKIP","floor":2},{"not_picked":["Body Slam","Brutality"],"picked":"Thunderclap","floor":4},{"not_picked":["Flex","Clash","Perfected Strike"],"picked":"SKIP","floor":7},{"not_picked":["Dark Embrace","Pummel","True Grit"],"picked":"SKIP","floor":8},{"not_picked":["Wild Strike","Thunderclap"],"picked":"Pommel Strike","floor":11},{"not_picked":["Clash","Berserk"],"picked":"Intimidate","floor":13},{"not_picked":["Armaments","Reckless Charge"],"picked":"Rampage","floor":14},{"not_picked":["Fiend Fire","Berserk"],"picked":"Impervious","floor":16},{"not_picked":["Pommel Strike","Body Slam"],"picked":"Dropkick","floor":17},{"not_picked":["Thunderclap","Uppercut"],"picked":"Wild Strike+1","floor":18},{"not_picked":["Combust","Hemokinesis+1"],"picked":"Cleave","floor":20},{"not_picked":["Clothesline","Shrug It Off","Rupture"],"picked":"SKIP","floor":24}],"player_experience":396773,"relics_obtained":[{"floor":8,"key":"Self Forming Clay"},{"floor":9,"key":"Darkstone Periapt"},{"floor":13,"key":"Vajra"},{"floor":26,"key":"Red Skull"}],"event_choices":[{"cards_removed":["Strike_R"],"damage_healed":0,"gold_gain":0,"player_choice":"Forget","damage_taken":0,"max_hp_gain":0,"max_hp_loss":0,"event_name":"Living Wall","floor":3,"gold_loss":0},{"cards_removed":["Strike_R"],"damage_healed":0,"gold_gain":0,"player_choice":"Purged","damage_taken":0,"max_hp_gain":0,"max_hp_loss":0,"event_name":"Purifier","floor":5,"gold_loss":0},{"damage_healed":0,"gold_gain":0,"player_choice":"Shed Blood","damage_taken":26,"max_hp_gain":5,"max_hp_loss":0,"event_name":"Forgotten Altar","floor":19,"gold_loss":0},{"damage_healed":0,"gold_gain":0,"player_choice":"Traded Relic","damage_taken":0,"relics_obtained":["Nloth\u0027s Gift"],"max_hp_gain":0,"max_hp_loss":0,"event_name":"N\u0027loth","floor":21,"relics_lost":["Darkstone Periapt"],"gold_loss":0}],"is_beta":false,"boss_relics":[{"not_picked":["SacredBark","Runic Dome"],"picked":"Tiny House"}],"items_purged_floors":[22],"is_endless":false,"potions_floor_spawned":[1,2,8,13],"killed_by":"Sentry and Sphere","ascension_level":16}}