{"host":"zx8rmvlb08usbkpl","time":1611267200,"event":{"mods":["BaseMod","BetterRewards","Colored Powertips","Downfall","GifTheSpireLib","Marisa????????","Minty Spire (QoL Compilation)","Quick Restart","StSLib","Stuff the Spire","The Bug Knight","The Senshi"],"gold_per_floor":[99,116,131,144,144,144,171,187,207,69,69,102,120,120,134,134,134],"floor_reached":16,"language":"ENG","playtime":1508,"items_purged":["Guardian:Defend_Guardian"],"score":104,"play_id":"a166a5a1-b164-487e-b2df-ba55e7ca4982","local_time":"20210121171320","is_ascension_mode":false,"campfire_choices":[{"data":"Guardian:CurlUp","floor":1,"key":"SMITH"},{"floor":11,"key":"RECALL"}],"circlet_count":0,"master_deck":["Guardian:Strike_Guardian","Guardian:Strike_Guardian","Guardian:Strike_Guardian","Guardian:Defend_Guardian","Guardian:Defend_Guardian","Guardian:Defend_Guardian","Guardian:CurlUp+1","Guardian:TwinSlam","Guardian:MultiBeam","Guardian:EvasiveProtocol","Guardian:Suspension","Guardian:PrimingBeam","Guardian:DecasProtection","Guardian:Emergency","Guardian:PiercingHide","Guardian:StasisField","Guardian:Gem_White","Guardian:EvasiveProtocol"],"relics":["StuffTheSpire:OccultApparatus","Vajra","Kunai"],"acts_visited":["Exordium"],"potions_floor_usage":[12,16,16,16],"damage_taken":[{"damage":8,"enemies":"2 Louse","floor":2,"turns":4},{"damage":11,"enemies":"Jaw Worm","floor":3,"turns":3},{"damage":13,"enemies":"Cultist","floor":4,"turns":5},{"damage":6,"enemies":"Blue Slaver","floor":8,"turns":6},{"damage":3,"enemies":"2 Fungi Beasts","floor":9,"turns":5},{"damage":0,"enemies":"downfall:FleeingMerchant","floor":10,"turns":4},{"damage":36,"enemies":"Lagavulin","floor":12,"turns":15},{"damage":6,"enemies":"Large Slime","floor":13,"turns":7},{"damage":8,"enemies":"Red Slaver","floor":15,"turns":5},{"damage":22,"enemies":"WA_ARCHETYPE_RETAIN","floor":16,"turns":19}],"seed_played":"3008341958561942856","potions_obtained":[{"floor":3,"key":"Weak Potion"},{"floor":4,"key":"DistilledChaos"},{"floor":12,"key":"Fire Potion"},{"floor":15,"key":"GamblersBrew"}],"is_trial":false,"path_per_floor":["R","M","M","M","?","?","T","M","M","$","R","E","M","?","M","B"],"character_chosen":"GUARDIAN","items_purchased":["Guardian:PiercingHide"],"campfire_rested":0,"item_purchase_floors":[10],"current_hp_per_floor":[88,80,69,56,56,56,56,50,47,47,47,11,5,20,12,0,0,0],"gold":134,"neow_bonus":"TEN_PERCENT_HP_BONUS","is_daily":false,"chose_seed":false,"campfire_upgraded":1,"win_rate":0.0,"timestamp":1611267200,"path_taken":["R","M","M","M","?","?","T","M","M","?","R","E","?","?","M","BOSS"],"items_purchased_type":["Card"],"build_version":"2020-12-22","purchased_purges":1,"victory":false,"max_hp_per_floor":[88,88,88,88,88,88,88,88,88,88,88,88,88,88,88,88,88,88],"card_choices":[{"not_picked":["Guardian:CrystalBeam","Guardian:Emergency"],"picked":"Guardian:MultiBeam","floor":2},{"not_picked":["Guardian:Suspension","Guardian:CrystalBeam"],"picked":"Guardian:EvasiveProtocol","floor":3},{"not_picked":["Guardian:ChargeCore","Guardian:BronzeArmor"],"picked":"Guardian:Suspension","floor":4},{"not_picked":["Guardian:RollAttack","Guardian:TimeBomb"],"picked":"Guardian:PrimingBeam","floor":8},{"not_picked":["Guardian:TemporalStrike","Guardian:Incinerate"],"picked":"Guardian:DecasProtection","floor":9},{"not_picked":["Guardian:ShieldSpikes","Guardian:PrismaticBarrier"],"picked":"Guardian:Emergency","floor":10},{"not_picked":["Guardian:PiercingHide","Guardian:PrismaticBeam"],"picked":"Guardian:StasisField","floor":12},{"not_picked":["Guardian:SentryBeam","Guardian:ShieldCharger"],"picked":"Guardian:Gem_White","floor":13},{"not_picked":["Guardian:Gem_Crimson","Guardian:ChargeCore"],"picked":"Guardian:EvasiveProtocol","floor":15}],"player_experience":954663,"relics_obtained":[{"floor":7,"key":"Vajra"},{"floor":12,"key":"Kunai"}],"event_choices":[],"is_beta":false,"boss_relics":[],"items_purged_floors":[10],"is_endless":false,"potions_floor_spawned":[3,4,12,15],"killed_by":"WA_ARCHETYPE_RETAIN","ascension_level":0}}