{"host":"6he3f0ic6yesrium","time":1611243255,"event":{"mods":["BaseMod","Better Altar","Better Match","Better Note","Better Sensory Stone","Better Skull","Better Third Choice","Colored Map","Conspire","Duelist Mod","Hermit","Hubris","Marisa????????","Mimic Mod","Minty Spire (QoL Compilation)","Replay The Spire","Shade Mod","Somnambulant","Spire Birthday Party","StSLib","The Alterego","The Disciple","The Forsaken","The Hierophant","The Mystic","The Necromancer","The Runesmith","The Servant 0.9.4","The Valiant","TheVacant"],"gold_per_floor":[142,142,317,337,352,382,397,428,452,452,482,205,205,223,223,319,319,334,334,334,83,94,94,94,94,94,129,146,17,17,51,63,173,185,213,0,28,58,102,114,20,39,89,89,89],"floor_reached":44,"language":"ENG","playtime":2688,"items_purged":["Doubt"],"score":585,"play_id":"92d17034-69d5-448e-ae0e-fba0a4163571","local_time":"20210121103415","is_ascension_mode":true,"campfire_choices":[{"data":"theDuelist:SwordsRevealing","floor":10.0,"key":"SMITH"},{"floor":15.0,"key":"REST"},{"data":"theDuelist:Nameless:Power:ForbiddenLance","floor":23.0,"key":"SMITH"},{"data":"theDuelist:Nameless:Power:ForbiddenLance+1","floor":25.0,"key":"SMITH"},{"floor":30.0,"key":"REST"},{"data":"theDuelist:Nameless:Power:ForbiddenLance+2","floor":32.0,"key":"SMITH"},{"floor":40,"key":"REST"}],"circlet_count":0,"master_deck":["theDuelist:CastleWalls","theDuelist:TimeWizard","theDuelist:BookSecret+1","theDuelist:FogKing","theDuelist:MysticalElf+1","theDuelist:MysticalElf","theDuelist:Sparks","theDuelist:SpellShatteringArrow","theDuelist:Sparks","theDuelist:CastleWalls","theDuelist:DarkMagician","theDuelist:OnslaughtFireKings","theDuelist:DeltaMagnet","theDuelist:NeoMagic","theDuelist:ExodiaRL+1","theDuelist:RainbowKuriboh+1","theDuelist:MysticalElf","theDuelist:Nameless:Power:ForbiddenLance+3","theDuelist:Sparks","theDuelist:SwordsRevealing+1","theDuelist:NeoMagic","Parasite"],"relics":["theDuelist:MillenniumPuzzle","theDuelist:CardPoolRelic","theDuelist:CardPoolBasicRelic","theDuelist:BoosterPackPoolRelic","theDuelist:CardPoolAddRelic","theDuelist:CardPoolMinusRelic","theDuelist:CardPoolSaveRelic","theDuelist:CardPoolOptionsRelic","PreservedInsect","Bronze Scales","Toxic Egg 2","Art of War","theForsaken:Kindling","theDuelist:MillenniumKey","hubris:Icosahedron","betterThird:NestCultRelic","White Beast Statue","Replay:WaspNest","MawBank","hubris:HollowSoul","Bronze Scales","hubris:CuriousFeather","theDuelist:MerchantPendant","Gremlin Food","theDuelist:SummonAnchor"],"acts_visited":["Exordium","TheCity","TheBeyond"],"potions_floor_usage":[37,37,38,38,39,42,44],"damage_taken":[{"damage":0.0,"enemies":"Small Slimes","floor":1.0,"turns":3.0},{"damage":0.0,"enemies":"2 Louse","floor":4.0,"turns":3.0},{"damage":5.0,"enemies":"Jaw Worm","floor":5.0,"turns":4.0},{"damage":2.0,"enemies":"3 Sentries","floor":6.0,"turns":8.0},{"damage":16.0,"enemies":"Exordium Wildlife","floor":7.0,"turns":4.0},{"damage":21.0,"enemies":"Lagavulin","floor":8.0,"turns":6.0},{"damage":21.0,"enemies":"3 Sentries","floor":11.0,"turns":6.0},{"damage":5.0,"enemies":"Blue Slaver","floor":14.0,"turns":2.0},{"damage":2.0,"enemies":"The Guardian","floor":16.0,"turns":12.0},{"damage":4.0,"enemies":"Shell Parasite","floor":18.0,"turns":4.0},{"damage":12.0,"enemies":"Chosen","floor":22.0,"turns":4.0},{"damage":30.0,"enemies":"Slavers","floor":27.0,"turns":2.0},{"damage":0.0,"enemies":"Centurion and Healer","floor":28.0,"turns":5.0},{"damage":4.0,"enemies":"theDuelist:KaibaA2","floor":31.0,"turns":5.0},{"damage":57.0,"enemies":"hubris:MusketHawk","floor":33.0,"turns":9.0},{"damage":34,"enemies":"3 Shapes","floor":35,"turns":5},{"damage":12,"enemies":"Orb Walker","floor":37,"turns":4},{"damage":42,"enemies":"3 Darklings","floor":38,"turns":5},{"damage":46,"enemies":"conspire:MimicChest","floor":39,"turns":9},{"damage":20,"enemies":"Writhing Mass","floor":42,"turns":7},{"damage":27,"enemies":"Jaw Worm Horde","floor":44,"turns":1}],"seed_played":"-4229620081549009303","potions_obtained":[{"floor":5.0,"key":"theDuelist:DebuffFuryPotion"},{"floor":7.0,"key":"FocusPotion"},{"floor":14.0,"key":"SneckoOil"},{"floor":22.0,"key":"ColorlessPotion"},{"floor":27.0,"key":"theDuelist:BurningPotion"},{"floor":28.0,"key":"theDuelist:SolderPotionB"},{"floor":31.0,"key":"theDuelist:ExtraOrbsBottle"},{"floor":33.0,"key":"Dexterity Potion"},{"floor":35,"key":"AttackPotion"},{"floor":37,"key":"BlessingOfTheForge"},{"floor":38,"key":"theDuelist:BottledKuriboh"},{"floor":39,"key":"AttackPotion"},{"floor":42,"key":"theDuelist:BurningPotionB"}],"is_trial":false,"path_per_floor":["M","?","?","M","M","E","M","E","T","R","E","$","?","M","R","B",null,"M","?","?","$","M","R","$","R","T","E","M","$","R","E","R","B",null,"M","?","M","M","?","R","$","M","T","M"],"character_chosen":"THE_DUELIST","items_purchased":["theDuelist:BookSecret+1","theDuelist:SummonArmorPotion","theDuelist:FlamingBottle","White Beast Statue","theDuelist:TributeBottle","SteroidPotion","theDuelist:MerchantPendant","Gremlin Food"],"campfire_rested":3,"item_purchase_floors":[12,12,12,21,29,29,41,41],"current_hp_per_floor":[80,89,89,89,84,82,66,45,45,45,24,24,24,19,50,48,94,90,90,90,90,78,78,78,78,78,48,48,48,81,77,77,20,99,65,65,53,57,11,45,45,25,25,0,0],"gold":89,"neow_bonus":"RANDOM_COMMON_RELIC","is_daily":false,"chose_seed":false,"campfire_upgraded":4,"win_rate":0.0,"timestamp":1611243255,"path_taken":["M","?","?","M","M","E","M","E","T","R","E","$","?","M","R","BOSS","M","?","?","$","M","R","?","R","T","E","?","$","R","E","R","BOSS","M","?","M","?","?","R","?","M","T","M"],"items_purchased_type":["Card","Potion","Potion","Relic","Potion","Potion","Relic","Relic"],"build_version":"2020-12-22","purchased_purges":1,"victory":false,"max_hp_per_floor":[80,89,89,89,89,89,89,89,89,89,89,89,89,89,94,94,94,94,94,94,94,94,94,94,94,94,94,94,94,99,99,99,99,99,99,99,99,99,99,104,104,104,104,104,104],"card_choices":[{"not_picked":["theDuelist:InjectionFairy","theDuelist:FairyBox","theDuelist:SpiritHarp","theDuelist:PowerKaishin"],"picked":"theDuelist:OnslaughtFireKings","floor":1.0},{"not_picked":["theDuelist:ExodiaRA","theDuelist:SangaEarth","theDuelist:LegendaryFlameLord","theDuelist:ThousandEyesRestrict"],"picked":"theDuelist:SwordsRevealing","floor":4.0},{"not_picked":["theDuelist:InariFire","theDuelist:StatueAnguishPattern","theDuelist:GoblinSecret","theDuelist:WhiteHowling"],"picked":"theDuelist:TimeWizard","floor":5.0},{"not_picked":["theDuelist:OnslaughtFireKings","theDuelist:BlueDragonSummoner","theDuelist:PowerKaishin","theDuelist:WhiteMagicalHat"],"picked":"theDuelist:SpellShatteringArrow","floor":6.0},{"not_picked":["theDuelist:SkilledDarkMagician","theDuelist:DiffusionWaveMotion","theDuelist:ExodiaRA","theDuelist:ExodiaNecross"],"picked":"theDuelist:FogKing","floor":7.0},{"not_picked":["theDuelist:InjectionFairy","theDuelist:FairyBox+1","theDuelist:NeoMagic","theDuelist:DarkHorizon+1","theDuelist:WhiteHowling"],"picked":"SKIP","floor":8.0},{"not_picked":["theDuelist:LegendaryExodia","theDuelist:BlizzardPrincess","theDuelist:ExodiaRA","theDuelist:MagiciansRod"],"picked":"theDuelist:MysticalElf+1","floor":11.0},{"not_picked":["theDuelist:NeoMagic","theDuelist:AltarTribute+1","theDuelist:InjectionFairy","theDuelist:CallAtlanteans+1","theDuelist:FlyingSaucer+1"],"picked":"SKIP","floor":14.0},{"not_picked":["theDuelist:RainbowDarkDragon+1","theDuelist:IrisEarthMother+1","theDuelist:RainbowMagician","theDuelist:RainbowOverdragon"],"picked":"theDuelist:RainbowKuriboh+1","floor":16.0},{"not_picked":["theDuelist:SangaThunder","theDuelist:DarkMagicianGirl+1","theDuelist:AncientElf+1","theDuelist:ExodiaRL+1","theDuelist:AlienTelepath+1"],"picked":"SKIP","floor":18.0},{"not_picked":["theDuelist:NeoMagic","theDuelist:FairyBox+1","theDuelist:MysticalElf+1","theDuelist:DarkMagician+1","theDuelist:CosmoBrain+1"],"picked":"SKIP","floor":22.0},{"not_picked":["theDuelist:DarkMagician","theDuelist:FlyingSaucer+1","theDuelist:WhiteMagicalHat+1","theDuelist:Illusionist+1","theDuelist:DarkHorizon+1"],"picked":"SKIP","floor":27.0},{"not_picked":["theDuelist:BlizzardPrincess","theDuelist:WhiteMagicalHat+1","theDuelist:FogKing","theDuelist:AlienTelepath+1","theDuelist:InfernoFireBlast+1"],"picked":"SKIP","floor":28.0},{"not_picked":["theDuelist:SilentDoom+1","theDuelist:MagicalBlast","theDuelist:ContractExodia+1","theDuelist:CallAtlanteans+1","theDuelist:InfernoFireBlast"],"picked":"SKIP","floor":31.0},{"not_picked":["theDuelist:InariFire+1","theDuelist:Yami+1","theDuelist:BadReaction+1","theDuelist:MagiciansRobe+1","theDuelist:MindAir+1"],"picked":"SKIP","floor":35},{"not_picked":["theDuelist:ExodiaLA","theDuelist:ApprenticeIllusionMagician","theDuelist:ThousandEyesIdol+1","theDuelist:InjectionFairy"],"picked":"theDuelist:ExodiaRL+1","floor":37},{"not_picked":["theDuelist:GilfordLegend","theDuelist:PurplePainOni+1","theDuelist:PreventRat+1","theDuelist:RockSunrise+1","theDuelist:DarkCreator+1"],"picked":"SKIP","floor":38},{"not_picked":["theDuelist:WhiteHowling","theDuelist:AltarTribute+1","theDuelist:FairyBox+1","theDuelist:IcyCrevasse+1","theDuelist:BadReaction+1"],"picked":"SKIP","floor":42}],"player_experience":361899,"relics_obtained":[{"floor":6.0,"key":"Bronze Scales"},{"floor":8.0,"key":"Toxic Egg 2"},{"floor":9.0,"key":"Art of War"},{"floor":11.0,"key":"theForsaken:Kindling"},{"floor":27.0,"key":"Replay:WaspNest"},{"floor":31.0,"key":"MawBank"},{"floor":39,"key":"hubris:CuriousFeather"},{"floor":43,"key":"theDuelist:SummonAnchor"}],"event_choices":[{"power_reward":4.0,"total_magic_score":20.0,"gold_gain":0.0,"duelist":true,"damage_taken":0.0,"relics_obtained":[],"points":11.0,"max_hp_gain":9.0,"max_hp_loss":0.0,"spent_points":{"magic":0.0,"greed":0.0,"war":0.0,"power":4.0,"hunger":4.0},"event_name":"Nameless Tomb","hunger_reward":4.0,"floor":2.0,"gold_loss":0.0,"cards_obtained":["theDuelist:Nameless:Power:ForbiddenLance"]},{"damage_healed":0.0,"max_hp_gain":0.0,"max_hp_loss":0.0,"gold_gain":175.0,"event_name":"betterThird:BetterSerpent","player_choice":"AGREE","floor":3.0,"gold_loss":0.0,"damage_taken":142.0},{"damage_healed":0.0,"max_hp_gain":0.0,"max_hp_loss":0.0,"gold_gain":0.0,"event_name":"Egyptian Village","player_choice":"Delta Electro","duelist":true,"floor":13.0,"gold_loss":0.0,"damage_taken":0.0,"cards_obtained":["Delta Electromagnet Warrior"]},{"damage_healed":0.0,"max_hp_gain":0.0,"max_hp_loss":0.0,"gold_gain":0.0,"event_name":"betterThird:BetterNest","player_choice":"Madness","floor":20.0,"gold_loss":0.0,"damage_taken":0.0,"relics_obtained":["betterThird:NestCultRelic"]},{"damage_healed":0,"gold_gain":0,"player_choice":"Duplicated Relic - Bronze Scales","duelist":true,"damage_taken":0,"max_hp_gain":0,"max_hp_loss":0,"event_name":"Relic Duplicator","floor":36,"gold_loss":0}],"is_beta":false,"boss_relics":[{"not_picked":["Replay:Grab Bag","conspire:RunicOctahedron"],"picked":"theDuelist:MillenniumKey"},{"not_picked":["Ring of Chaos","Kintsugi"],"picked":"hubris:HollowSoul"}],"items_purged_floors":[12],"is_endless":false,"potions_floor_spawned":[5,7,14,22,27,28,31,33,35,37,38,39,42],"killed_by":"Jaw Worm Horde","ascension_level":2}}