{"host":"3twtdwjpiqhvvn5s","time":1611269715,"event":{"mods":["AchievementEnabler","Act Like it!","Aspiration","BaseMod","BetterRewards","Colored Map","Colored Powertips","Downfall","Duelist Mod","Friendly Minions","GifTheSpireLib","Hallownest","Hermit","Hubris","Infinite Spire","Jorbs\u0027s Wanderer Trilogy","Koishi","KomeijiMod","Marisa????????","Minty Spire (QoL Compilation)","Random Character Mod","Rare Cards Sparkle","Shop Mod","StSLib","Td1madao Mod","The Administrix","The Animator","The Bug Knight","The Caster","The Cursed","The Disciple","The Hierophant","The Necromancer","The Poker Player","The Runesmith","The Servant 0.9.4","TheFirefly"],"gold_per_floor":[136,136,151,198,211,250,261,261,287,313,333,38,53,72,72,188,188,200,200,226,226,254,254,254],"floor_reached":23,"language":"ENG","playtime":6874,"items_purged":["theDuelist:Sparks"],"score":222,"play_id":"28e131f0-c787-4837-ab0f-3ecc37b882ad","local_time":"20210121165515","daily_mods":["Specialized","DeadlyEvents"],"is_ascension_mode":false,"campfire_choices":[{"floor":8,"key":"REST"},{"data":"theDuelist:DragonCaptureJar","floor":15,"key":"SMITH"}],"circlet_count":0,"master_deck":["theDuelist:BeaverWarrior","theDuelist:BeaverWarrior","theDuelist:CastleWalls","theDuelist:CastleWalls","theDuelist:GiantSoldier","theDuelist:GiantSoldier","theDuelist:ScrapFactory","theDuelist:DragonCaptureJar","theDuelist:DragonCaptureJar","theDuelist:DragonCaptureJar","theDuelist:DragonCaptureJar","theDuelist:DragonCaptureJar+1","theDuelist:ArmedProtectorDragon","theDuelist:CaveDragon","theDuelist:BusterDrake","theDuelist:YamataDragon","theDuelist:DragonDowser","theDuelist:StarlightRoad","theDuelist:Mudora","theDuelist:VoidVanishment","theDuelist:JinzoLord","theDuelist:BeastFangs+1","theDuelist:PurplePainOni"],"relics":["theDuelist:MillenniumPuzzle","theDuelist:CardPoolRelic","theDuelist:CardPoolBasicRelic","theDuelist:BoosterPackPoolRelic","theDuelist:CardPoolAddRelic","theDuelist:CardPoolMinusRelic","theDuelist:CardPoolSaveRelic","theDuelist:CardPoolOptionsRelic","Happy Flower","CeramicFish","Oddly Smooth Stone","Toy Ornithopter","Empty Cage","theDuelist:BoosterExtraAllRaresRelic"],"acts_visited":["Exordium","TheCity"],"potions_floor_usage":[10,13,14,20,20,22],"damage_taken":[{"damage":0,"enemies":"2 Louse","floor":1,"turns":4},{"damage":5,"enemies":"Cultist","floor":3,"turns":8},{"damage":0,"enemies":"Jaw Worm","floor":5,"turns":7},{"damage":23,"enemies":"3 Sentries","floor":6,"turns":19},{"damage":0,"enemies":"2 Fungi Beasts","floor":7,"turns":5},{"damage":5,"enemies":"Blue Slaver","floor":10,"turns":5},{"damage":0,"enemies":"Looter","floor":11,"turns":4},{"damage":1,"enemies":"Large Slime","floor":13,"turns":7},{"damage":0,"enemies":"Red Slaver","floor":14,"turns":5},{"damage":70,"enemies":"Slime Boss","floor":16,"turns":15},{"damage":1,"enemies":"Shell Parasite","floor":18,"turns":7},{"damage":0,"enemies":"Spheric Guardian","floor":20,"turns":4},{"damage":58,"enemies":"Cultist and Chosen","floor":22,"turns":10},{"damage":22,"enemies":"Book of Stabbing","floor":23,"turns":4}],"seed_played":"-1773101640654843086","potions_obtained":[{"floor":6,"key":"theDuelist:CoolBottle"},{"floor":7,"key":"FearPotion"},{"floor":10,"key":"theDuelist:OrbBottle"},{"floor":16,"key":"theDuelist:FlamingBottle"},{"floor":18,"key":"CunningPotion"},{"floor":20,"key":"Slimebound:ThreeZeroPotion"}],"is_trial":true,"path_per_floor":["M","?","M","T","M","E","M","R","T","M","M","$","M","M","R","B",null,"M","?","M","T","M","E"],"character_chosen":"THE_DUELIST","items_purchased":["Toy Ornithopter","theDuelist:Mudora"],"campfire_rested":1,"item_purchase_floors":[12,12],"current_hp_per_floor":[80,80,75,75,75,52,52,76,76,71,71,71,75,80,80,10,80,79,79,80,80,22,0,0],"gold":254,"neow_bonus":"","is_daily":false,"chose_seed":false,"campfire_upgraded":1,"win_rate":0.0,"timestamp":1611269715,"path_taken":["M","?","?","?","M","?","?","R","T","?","M","?","M","M","R","BOSS","M","?","M","?","M","E"],"items_purchased_type":["Relic","Card"],"build_version":"2020-12-22","purchased_purges":1,"victory":false,"max_hp_per_floor":[80,80,80,80,80,80,80,80,80,80,80,80,80,80,80,80,80,80,80,80,80,80,80,80],"card_choices":[{"not_picked":["theDuelist:OrbitalBombardment","theDuelist:CallMummy","theDuelist:ZombieTiger","theDuelist:GoyoEmperor"],"picked":"theDuelist:ArmedProtectorDragon","floor":1},{"not_picked":["theDuelist:BullBlader","theDuelist:BigFire"],"picked":"theDuelist:CaveDragon","floor":1},{"not_picked":["theDuelist:UmbralHorrorUniform","theDuelist:FiendMetronome"],"picked":"theDuelist:BusterDrake","floor":3},{"not_picked":["theDuelist:AshBlossom","theDuelist:SummonedSkull","theDuelist:EnchantingMermaid","theDuelist:SuperSolarNutrient","theDuelist:GadgetSoldier"],"picked":"SKIP","floor":3},{"not_picked":["theDuelist:GhostrickJackfrost","theDuelist:Dorover","theDuelist:ScrapBeast","theDuelist:Biofalcon","theDuelist:DarkGrepher"],"picked":"SKIP","floor":5},{"not_picked":["theDuelist:MaliciousMetronome","theDuelist:CelticGuardian","theDuelist:SuperheavySoulbuster"],"picked":"SKIP","floor":5},{"not_picked":["theDuelist:Cloning","theDuelist:SoulAbsorbingBone"],"picked":"theDuelist:YamataDragon","floor":6},{"not_picked":["theDuelist:YukiOnnaAbsolute","theDuelist:Tengu","theDuelist:Hajun","theDuelist:Gashadokuro","theDuelist:Dakki"],"picked":"SKIP","floor":6},{"not_picked":["theDuelist:AttackMetronome","theDuelist:BiteBug","theDuelist:ClownZombie","theDuelist:TerraTerrible","theDuelist:Destroyersaurus"],"picked":"SKIP","floor":7},{"not_picked":["Death_Knell","Scare","theDuelist:GhostrickJackfrost"],"picked":"SKIP","floor":7},{"not_picked":["theDuelist:TwinHeadedWolf","theDuelist:GhostrickGhoul","theDuelist:BlueDragonSummoner","theDuelist:BlastJuggler"],"picked":"theDuelist:DragonDowser","floor":10},{"not_picked":["theDuelist:Mathematician","theDuelist:ClownZombie","Bones_to_Steel"],"picked":"SKIP","floor":10},{"not_picked":["theDuelist:SafeZone","theDuelist:FishRain","theDuelist:OhFish","theDuelist:PowerWall"],"picked":"theDuelist:StarlightRoad","floor":11},{"not_picked":["theDuelist:LegendaryBlackBelt","theDuelist:DummyGolem","theDuelist:Dewdark"],"picked":"SKIP","floor":11},{"not_picked":["theDuelist:VendreadReunion","theDuelist:CraniumFish","theDuelist:Geartown","theDuelist:CorrosiveScales"],"picked":"SKIP","floor":13},{"not_picked":["theDuelist:KoakiMeiruIce","Requiem","theDuelist:FusionDevourer"],"picked":"SKIP","floor":13},{"not_picked":["theDuelist:CrimsonKnightVampire","theDuelist:ShiranuiSmith","theDuelist:GhostrickSocuteboss","theDuelist:VendreadBattlelord","theDuelist:YukiOnnaAbsolute"],"picked":"SKIP","floor":14},{"not_picked":["theDuelist:DarklordMarie","theDuelist:InsectPrincess","theDuelist:MachineFactory"],"picked":"SKIP","floor":14},{"not_picked":["theDuelist:RareMetronome","theDuelist:LostWorld","theDuelist:ExodiaNecross","theDuelist:Monokeros"],"picked":"theDuelist:VoidVanishment","floor":16},{"not_picked":["theDuelist:RareSpireMetronome","theDuelist:GoldenSparks"],"picked":"theDuelist:JinzoLord","floor":16},{"not_picked":["theDuelist:DummyGolem","theDuelist:Blockman","theDuelist:AlphaMagnet+1","theDuelist:PotForbidden","theDuelist:ElephantStatueBlessing"],"picked":"SKIP","floor":18},{"not_picked":["theDuelist:NeoMagic","theDuelist:HydraViper","theDuelist:Lajinn"],"picked":"SKIP","floor":18},{"not_picked":["theDuelist:InstantFusion","theDuelist:Greatfly","theDuelist:HiddenArmory","theDuelist:BloodSparks+1"],"picked":"theDuelist:BeastFangs+1","floor":20},{"not_picked":["theDuelist:ShiranuiSwordmaster","theDuelist:RainbowRefraction","theDuelist:BattleWarrior"],"picked":"SKIP","floor":20},{"not_picked":["theDuelist:MagicalGhost","theDuelist:PlaguespreaderZombie"],"picked":"theDuelist:PurplePainOni","floor":22},{"not_picked":["theDuelist:Zektarrow","theDuelist:GigaCricket","theDuelist:GoldenSparks"],"picked":"SKIP","floor":22}],"player_experience":2066149,"relics_obtained":[{"floor":4,"key":"Happy Flower"},{"floor":6,"key":"CeramicFish"},{"floor":9,"key":"Oddly Smooth Stone"},{"floor":21,"key":"theDuelist:BoosterExtraAllRaresRelic"}],"event_choices":[{"damage_healed":0,"gold_gain":0,"player_choice":"Leave","duelist":true,"damage_taken":0,"max_hp_gain":0,"max_hp_loss":0,"event_name":"Millennium Items","floor":2,"gold_loss":0},{"damage_healed":0,"gold_gain":0,"player_choice":"Ignored","damage_taken":0,"max_hp_gain":0,"max_hp_loss":0,"event_name":"Vampires","floor":19,"gold_loss":0}],"is_beta":false,"boss_relics":[{"not_picked":["infinitespire:Cupcake","Snecko Eye"],"picked":"Empty Cage"}],"items_purged_floors":[12],"is_endless":false,"potions_floor_spawned":[6,7,10,16,18,20],"killed_by":"Book of Stabbing","ascension_level":0}}