{"host":"l7l2v2zs4hqku4vk","time":1611229324,"event":{"mods":["Act Like it!","BaseMod","Colored Powertips","Highlight Path","Minty Spire (QoL Compilation)","Replay The Spire","RumiaBox-露米娅的神秘盒子","StSLib","TestMod","The Servant 0.9.4","篝火指南"],"gold_per_floor":[114,129,129,144,94,124,124,139,164,179,194,233,233,257,257,371,371,396,412,75,92,492,525,525,560,585,585,510,510,510,531,531,643,643,660,675,694,753,768,807,825,452,477,500,548,557,607,628,39,55],"floor_reached":51,"language":"ZHS","playtime":2751,"items_purged":[],"score":1014,"play_id":"ee31eb0c-1115-4c81-85c4-2e270f5dd42c","local_time":"20210121194204","daily_mods":["Chimera","Hoarder","Binary"],"is_ascension_mode":false,"campfire_choices":[{"data":"Eruption","floor":7,"key":"SMITH"},{"data":"Immolate","floor":15,"key":"SMITH"},{"data":"Armaments","floor":24,"key":"SMITH"},{"data":"Armaments","floor":27,"key":"SMITH"},{"data":"Armaments","floor":29,"key":"SMITH"},{"data":"Zap","floor":32,"key":"SMITH"}],"circlet_count":0,"master_deck":["Survivor","Zap+1","Eruption+1","Strike_G","Strike_B","Defend_R","Defend_G","Defend_P+1","Uppercut","Uppercut","Uppercut","Immolate","Immolate+1","Immolate","Shrug It Off","Shrug It Off","Shrug It Off","Juggernaut","Juggernaut","Juggernaut","Rage","Rage+1","Rage","Armaments+1","Armaments+1","Armaments+1","Madness+1","Madness+1","Madness+1","Madness+1","Madness+1","Madness+1","Enlightenment+1","Enlightenment+1","Enlightenment+1","Impervious+1","Impervious+1","Impervious+1","Looming Evil","Looming Evil","Looming Evil","Offering+1","Offering+1","Offering+1","Entrench+1","Entrench+1","Entrench+1","Entrench+1","Entrench+1","Entrench+1"],"relics":["Burning Blood","testmod-CardMagician","Replay:Rubber Ducky","CeramicFish","testmod-Acrobat","Black Star","MoreBug","GodSword5","Letter Opener","Bag of Marbles","War Paint","Nloth\u0027s Gift","SoulBox","Du-Vu Doll","StrikeDummy","Toxic Egg 2","Turnip","testmod-IndustrialRevolution","Meat on the Bone","LastBattle","ReplayTheSpireMod:Ring of Exchange","testmod-CasingShield","Counterbalance","Another Sword","Paper Frog"],"acts_visited":["Exordium","TheCity","TheBeyond"],"potions_floor_usage":[12,16,18,35,50,50],"damage_taken":[{"damage":6,"enemies":"Jaw Worm","floor":1,"turns":2},{"damage":12,"enemies":"Small Slimes","floor":2,"turns":3},{"damage":4,"enemies":"2 Louse","floor":4,"turns":2},{"damage":15,"enemies":"Gremlin Nob","floor":6,"turns":4},{"damage":0,"enemies":"2 Fungi Beasts","floor":8,"turns":3},{"damage":9,"enemies":"Gremlin Gang","floor":10,"turns":3},{"damage":0,"enemies":"Looter","floor":11,"turns":1},{"damage":28,"enemies":"3 Sentries","floor":12,"turns":6},{"damage":0,"enemies":"Large Slime","floor":14,"turns":2},{"damage":6,"enemies":"Fading Forest","floor":16,"turns":11},{"damage":12,"enemies":"Shell Parasite","floor":18,"turns":1},{"damage":17,"enemies":"3 Byrds","floor":19,"turns":3},{"damage":0,"enemies":"Snecko","floor":21,"turns":4},{"damage":36,"enemies":"Book of Stabbing","floor":23,"turns":6},{"damage":1,"enemies":"Replay:Snechameleon","floor":25,"turns":3},{"damage":0,"enemies":"Shelled Parasite and Fungi","floor":31,"turns":4},{"damage":3,"enemies":"Champ","floor":33,"turns":7},{"damage":5,"enemies":"Orb Walker","floor":35,"turns":4},{"damage":6,"enemies":"3 Darklings","floor":36,"turns":3},{"damage":0,"enemies":"Sphere and 2 Shapes","floor":37,"turns":2},{"damage":0,"enemies":"Mind Bloom Boss Battle","floor":38,"turns":8},{"damage":8,"enemies":"Jaw Worm Horde","floor":39,"turns":2},{"damage":1,"enemies":"R_Hoarder","floor":40,"turns":7},{"damage":25,"enemies":"Writhing Mass","floor":44,"turns":5},{"damage":17,"enemies":"Reptomancer","floor":45,"turns":7},{"damage":0,"enemies":"R_Hoarder","floor":47,"turns":7},{"damage":6,"enemies":"4 Shapes","floor":48,"turns":1},{"damage":65,"enemies":"Time Eater","floor":50,"turns":8}],"seed_played":"811174962971598332","potions_obtained":[{"floor":1,"key":"BlessingOfTheForge"},{"floor":10,"key":"testmod-SpacePotion"},{"floor":11,"key":"Reflective Coating"},{"floor":12,"key":"Dexterity Potion"},{"floor":16,"key":"Death Potion"},{"floor":21,"key":"SteroidPotion"},{"floor":23,"key":"Dexterity Potion"},{"floor":35,"key":"BlessingOfTheForge"},{"floor":37,"key":"Elixir"},{"floor":40,"key":"Strength Potion"}],"is_trial":false,"path_per_floor":["M","M","$","M","?","E","R","M","T","M","M","E","?","M","R","B",null,"M","M","$","M","?","E","R","E","T","R","?","R","?","M","R","B",null,"M","M","M","?","M","E","?","R","T","M","E","?","E","M","R","B",null],"character_chosen":"IRONCLAD","items_purchased":["MoreBug","Armaments","Enlightenment+1","Turnip","Entrench+1","Another Sword","Paper Frog"],"campfire_rested":0,"item_purchase_floors":[20,20,42,42,49,49,49],"current_hp_per_floor":[80,74,74,76,76,67,67,73,73,70,76,54,59,65,65,83,85,79,68,68,75,75,51,51,59,59,59,59,59,59,66,66,71,85,85,85,85,85,84,85,74,74,74,60,57,57,64,65,65,33],"gold":55,"neow_bonus":"","is_daily":true,"chose_seed":false,"campfire_upgraded":6,"win_rate":0.0,"timestamp":1611229324,"path_taken":["M","M","$","M","?","E","R","M","T","M","M","E","?","M","R","BOSS","M","M","$","M","?","E","R","E","T","R","?","R","?","M","R","BOSS","M","M","?","?","M","E","?","R","T","M","E","?","E","M","R","BOSS"],"items_purchased_type":["Relic","Card","Card","Relic","Card","Relic","Relic"],"build_version":"2020-12-22","purchased_purges":0,"victory":true,"max_hp_per_floor":[80,80,80,80,80,80,80,80,80,80,80,80,85,85,85,85,85,85,85,85,85,85,85,85,85,85,85,85,85,85,85,85,85,85,85,85,85,85,85,85,85,85,85,85,85,85,85,85,85,85],"card_choices":[{"not_picked":["Life Link"],"picked":"Uppercut","floor":1},{"not_picked":["Headbutt","Run Through"],"picked":"SKIP","floor":2},{"not_picked":["Replay:Undeath\u0027s Touch","ReplayTheSpireMod:Corrosion Curse"],"picked":"SKIP","floor":4},{"not_picked":["Brutality","Cleave"],"picked":"SKIP","floor":6},{"not_picked":["ReplayTheSpireMod:Strike From Hell","ReplayTheSpireMod:Muscle Training"],"picked":"SKIP","floor":8},{"not_picked":["Replay:Undeath\u0027s Touch","Iron Wave"],"picked":"SKIP","floor":10},{"not_picked":["Hemokinesis","Twin Strike"],"picked":"SKIP","floor":11},{"not_picked":["Sword Boomerang"],"picked":"Immolate","floor":12},{"not_picked":["ReplayTheSpireMod:Stacked"],"picked":"Shrug It Off","floor":14},{"not_picked":["Eclipse"],"picked":"Juggernaut","floor":16},{"not_picked":["Headbutt"],"picked":"Rage","floor":18},{"not_picked":["Run Through","Twin Strike"],"picked":"SKIP","floor":19},{"not_picked":["Flex","True Grit"],"picked":"SKIP","floor":21},{"not_picked":["ReplayTheSpireMod:Stacked","Searing Blow"],"picked":"SKIP","floor":23},{"not_picked":["Sword Boomerang+1","Havoc+1"],"picked":"SKIP","floor":25},{"not_picked":["Metallicize+1","Body Slam"],"picked":"SKIP","floor":31},{"not_picked":["Heavy Blade+1","Anger+1"],"picked":"SKIP","floor":35},{"not_picked":["Headbutt","Whirlwind"],"picked":"SKIP","floor":36},{"not_picked":["Shockwave","Armaments"],"picked":"SKIP","floor":37},{"not_picked":["Armaments+1","Clash"],"picked":"SKIP","floor":39},{"not_picked":["Cleave+1","Anger+1"],"picked":"SKIP","floor":40},{"not_picked":["Clothesline","Clash+1"],"picked":"SKIP","floor":44},{"not_picked":["Wild Strike+1"],"picked":"Impervious+1","floor":45},{"not_picked":["Havoc+1"],"picked":"Offering+1","floor":47},{"not_picked":["Heavy Blade","Clash+1"],"picked":"SKIP","floor":48}],"player_experience":1719328,"relics_obtained":[{"floor":6,"key":"Replay:Rubber Ducky"},{"floor":9,"key":"CeramicFish"},{"floor":12,"key":"testmod-Acrobat"},{"floor":23,"key":"GodSword5"},{"floor":23,"key":"Replay:Kaleidoscope"},{"floor":25,"key":"Letter Opener"},{"floor":25,"key":"Bag of Marbles"},{"floor":26,"key":"War Paint"},{"floor":38,"key":"Du-Vu Doll"},{"floor":40,"key":"StrikeDummy"},{"floor":40,"key":"Toxic Egg 2"},{"floor":43,"key":"testmod-IndustrialRevolution"},{"floor":45,"key":"Meat on the Bone"},{"floor":45,"key":"LastBattle"},{"floor":46,"key":"ReplayTheSpireMod:Ring of Exchange"},{"floor":47,"key":"testmod-CasingShield"},{"floor":47,"key":"Counterbalance"}],"event_choices":[{"cards_removed":["Strike_R"],"damage_healed":0,"gold_gain":0,"player_choice":"Card Removal","damage_taken":0,"max_hp_gain":0,"max_hp_loss":0,"event_name":"The Cleric","floor":5,"gold_loss":50},{"damage_healed":0,"gold_gain":0,"player_choice":"Donut","damage_taken":0,"max_hp_gain":5,"max_hp_loss":0,"event_name":"Big Fish","floor":13,"gold_loss":0},{"damage_healed":0,"gold_gain":400,"player_choice":"Sell","damage_taken":0,"max_hp_gain":0,"max_hp_loss":0,"event_name":"恩洛斯的盘子","floor":22,"relics_lost":["testmod-TestBox"],"gold_loss":0},{"cards_removed":["Bash"],"damage_healed":0,"gold_gain":0,"player_choice":"Gave Gold","damage_taken":0,"max_hp_gain":0,"max_hp_loss":0,"event_name":"Beggar","floor":28,"gold_loss":75},{"damage_healed":0,"gold_gain":0,"player_choice":"Traded Relic","damage_taken":0,"relics_obtained":["Nloth\u0027s Gift"],"max_hp_gain":0,"max_hp_loss":0,"event_name":"N\u0027loth","floor":30,"relics_lost":["Replay:Kaleidoscope"],"gold_loss":0},{"damage_healed":0,"gold_gain":0,"player_choice":"Fight","damage_taken":0,"max_hp_gain":0,"max_hp_loss":0,"event_name":"MindBloom","floor":38,"gold_loss":0},{"damage_healed":0,"gold_gain":0,"player_choice":"Embrace Madness","damage_taken":11,"max_hp_gain":0,"max_hp_loss":0,"event_name":"Winding Halls","floor":41,"gold_loss":0,"cards_obtained":["Madness","Madness"]}],"is_beta":false,"boss_relics":[{"not_picked":["Ring of Chaos","EasyGame_NEW"],"picked":"Black Star"},{"not_picked":["testmod-StringDisintegrator","Empty Cage"],"picked":"SoulBox"}],"items_purged_floors":[],"is_endless":false,"potions_floor_spawned":[1,10,11,12,16,21,23,33,35,37,39,40,45,48],"ascension_level":0}}