{"host":"niv6bi8ufjzyofbf","time":1611243409,"event":{"mods":["ATMod(∞¢Ë™Mod)","Act Like it!","BaseMod","Colored Powertips","Conspire","Gensokyo","Hermit","Mad Scientist","Marisa£®ÏF”Í°°ƒß¿Ì…≥£©","Minty Spire (QoL Compilation)","Quick Restart","Rare Cards Sparkle","Reimu£®≤©¿ˆ¡È√Œ£©","Replay The Spire","Ryuuou¡˙Õı","Shop Mod","Spicy Shops","StSLib","SuperFastMode","The Cursed","The Servant 0.9.4","Youmu£®ªÍ∆«—˝√Œ£©","°æ“≈ŒÔø®≈∆°øREMEMod","≤–¡Ù÷ÆŒÔ"],"gold_per_floor":[23333,23333,23333,23351,23369,23369,21957,21992,21992,21892,21871,21527,20166,20185,20185,20084,20084,20103,20103,18207,16863,16863,16863,16893,16893,16893,16905,16938,16951,15039,15053,15053,15153,15153,15165,15165,13005,13025,13035,13047,12003,12015,12095,12107,12120,12130,12130,12145,12145,12145],"floor_reached":51,"language":"ZHS","playtime":1971,"items_purged":["Pain","Shame","Free:ReiMu","Defend_Lin:ReiMu","Defend_Lin:ReiMu","Strike_Lin:ReiMu","Strike_Lin:ReiMu","Violence","Shading:ReiMu+1","NB:ReiMu"],"score":1135,"play_id":"63283929-7ad0-45e9-b158-9685e024262b","local_time":"20210121233649","is_ascension_mode":true,"campfire_choices":[{"data":"RunawayExorcism:ReiMu","floor":6,"key":"SMITH"},{"floor":15,"key":"REST"},{"data":"Gathering:ReiMu","floor":23,"key":"SMITH"},{"data":"CardOfSanctity:ReiMu","floor":25,"key":"SMITH"},{"floor":32,"key":"DIG"},{"data":"conspire:Banana","floor":49,"key":"SMITH"}],"circlet_count":0,"master_deck":["Strike_Lin:ReiMu","Strike_Lin:ReiMu","Defend_Lin:ReiMu","Defend_Lin:ReiMu","Stagnation:ReiMu","RunawayExorcism:ReiMu+1","SubcavityFantasy:ReiMu","Ghostly","FoulBorder2:ReiMu","BarrageOfMoneybags:ReiMu","Secret Technique","SubcavityFantasy:ReiMu","HakureiPhantom:ReiMu","REME_EyeOfCthun","CardOfSanctity:ReiMu+1","REME_Flogging","REME_MawOfCthun","Gathering:ReiMu+1","Impatience","REME_EyeOfCthun","Violence","conspire:Banana+1","OctopathSalyBorderN:ReiMu","REME_Flogging","Dark Shackles","MikOfLucky:ReiMu","YinYangSange:ReiMu+1","SubAcupoint:ReiMu+1","REME_Flogging+1","Panache+1","Survey Options+1","Apotheosis+1","TightArray:ReiMu+1","YinYangSign:ReiMu+1","SubAcupoint:ReiMu","Apotheosis+1"],"relics":["FlyPower:ReiMu","REME_ComplimentaryCards","AT_ATBox","AT_TimeSand","REME_OnlineShoppingPlatform","Medical Kit","Letter Opener","Matryoshka","MerchantsRug","Pantograph","Dream Catcher","Pear","Quantum Egg","Pet Ghost","Toolbox","REME_PuzzleBoxRelic","Simple Rune","REME_LowDesire","Strawberry","RuthlessExorcism:ReiMu","Ornamental Fan","PlaceholderMod:DaolothFragment","OrangePellets","ClockworkSouvenir","Oddly Smooth Stone","Omamori","Gremlin Food","Strange Spoon","Gremlin Horn","conspire:TopHat","Orrery","REME_IWantAll","AT_BladeRuinedKing","AT_GuinsooRageblade","Red Mask","conspire:DeflatedDodgeball","Unceasing Top","ReplayTheSpireMod:ShopPack","DollysMirror","Sundial","Boot","Bottled Lightning","SlaversCollar","PlaceholderMod:DeVermisMysteriis","FossilizedHelix","REME_CardOfGreed","SkyOrb:ReiMu","Frozen Eye","AT_ImmortalShieldbow","Lee\u0027s Waffle","Chemical X","Vajra","Akabeko","Nunchaku","Golden Egg"],"acts_visited":["Exordium","TheCity","TheBeyond"],"potions_floor_usage":[11,11,12,12,12,12,12,12,12,12,12,12,12,12,12,12,12,12,12,12,12,12,12],"damage_taken":[{"damage":1,"enemies":"2 Louse","floor":1,"turns":3},{"damage":9,"enemies":"conspire:RoseBush","floor":4,"turns":3},{"damage":0,"enemies":"Jaw Worm","floor":5,"turns":3},{"damage":16,"enemies":"3 Sentries","floor":8,"turns":9},{"damage":18,"enemies":"conspire:2 RoseBushes","floor":11,"turns":4},{"damage":0,"enemies":"Exordium Thugs","floor":12,"turns":2},{"damage":0,"enemies":"Large Slime","floor":14,"turns":1},{"damage":0,"enemies":"Fading Forest","floor":16,"turns":11},{"damage":0,"enemies":"conspire:FuzzyDice","floor":18,"turns":2},{"damage":0,"enemies":"REME_1_Revenger","floor":24,"turns":1},{"damage":0,"enemies":"Spheric Guardian","floor":27,"turns":1},{"damage":0,"enemies":"Masked Bandits","floor":28,"turns":1},{"damage":0,"enemies":"Centurion and Healer","floor":29,"turns":1},{"damage":0,"enemies":"3 Cultists","floor":31,"turns":1},{"damage":0,"enemies":"Collector","floor":33,"turns":2},{"damage":0,"enemies":"Orb Walker","floor":35,"turns":1},{"damage":0,"enemies":"3 Shapes","floor":38,"turns":1},{"damage":0,"enemies":"Spire Growth","floor":39,"turns":1},{"damage":0,"enemies":"3 Darklings","floor":40,"turns":1},{"damage":0,"enemies":"Writhing Mass","floor":42,"turns":1},{"damage":0,"enemies":"4 Shapes","floor":44,"turns":2},{"damage":0,"enemies":"Maw","floor":45,"turns":2},{"damage":0,"enemies":"Sphere and 2 Shapes","floor":46,"turns":1},{"damage":0,"enemies":"Transient","floor":48,"turns":1},{"damage":0,"enemies":"Awakened One","floor":50,"turns":2}],"seed_played":"-7237878760988643950","potions_obtained":[{"floor":4,"key":"LiquidMemories"}],"is_trial":false,"path_per_floor":["M","?","?","M","M","R","$","E","T","?","M","M","$","M","R","B",null,"M","?","$","$","?","R","E","R","T","M","?","M","$","M","R","B",null,"M","?","$","M","M","M","$","M","T","M","M","M","?","M","R","B",null],"character_chosen":"REIMU","items_purchased":["AT_TimeSand","REME_OnlineShoppingPlatform","Medical Kit","Letter Opener","Matryoshka","Shading:ReiMu+1","SubcavityFantasy:ReiMu","MerchantsRug","Quantum Egg","Pet Ghost","Toolbox","REME_PuzzleBoxRelic","Simple Rune","BarrageOfMoneybags:ReiMu","Secret Technique","Free:ReiMu","Ornamental Fan","PlaceholderMod:DaolothFragment","OrangePellets","ClockworkSouvenir","Oddly Smooth Stone","REME_EyeOfCthun","CardOfSanctity:ReiMu","Omamori","Gremlin Food","Strange Spoon","Gremlin Horn","conspire:TopHat","REME_Flogging","Orrery","conspire:DeflatedDodgeball","Unceasing Top","ReplayTheSpireMod:ShopPack","DollysMirror","Sundial","Boot","Violence","conspire:Banana","PlaceholderMod:DeVermisMysteriis","FossilizedHelix","REME_CardOfGreed","SkyOrb:ReiMu","Frozen Eye","AT_ImmortalShieldbow","REME_Flogging","Dark Shackles","Lee\u0027s Waffle","Chemical X","Vajra","Akabeko","Nunchaku"],"campfire_rested":1,"item_purchase_floors":[7,7,7,7,7,7,7,7,13,13,13,13,13,13,13,13,20,20,20,20,20,20,20,21,21,21,21,21,21,21,30,30,30,30,30,30,30,30,37,37,37,37,37,37,37,37,41,41,41,41,41],"current_hp_per_floor":[64,51,51,42,42,42,42,26,36,36,18,18,18,18,40,75,82,82,82,82,82,82,82,82,82,82,82,82,82,82,84,84,86,86,86,86,86,86,86,86,93,94,94,98,99,99,99,102,102,106],"gold":12145,"neow_bonus":"ONE_RANDOM_RARE_CARD","is_daily":false,"chose_seed":false,"campfire_upgraded":4,"win_rate":0.0,"timestamp":1611243409,"path_taken":["M","?","?","M","M","R","$","E","T","?","M","M","$","?","R","BOSS","M","?","?","$","?","R","E","R","T","M","?","M","$","M","R","BOSS","M","?","$","M","M","M","?","M","T","M","M","?","?","M","R","BOSS"],"items_purchased_type":["Relic","Relic","Relic","Relic","Relic","Card","Card","Relic","Relic","Relic","Relic","Relic","Relic","Card","Card","Card","Relic","Relic","Relic","Relic","Relic","Card","Card","Relic","Relic","Relic","Relic","Relic","Card","Relic","Relic","Relic","Relic","Relic","Relic","Relic","Card","Card","Relic","Relic","Relic","Relic","Relic","Relic","Card","Card","Relic","Relic","Relic","Relic","Relic"],"build_version":"2020-12-22","purchased_purges":10,"victory":true,"max_hp_per_floor":[65,65,65,65,65,65,65,65,75,75,75,75,75,75,75,75,82,82,82,82,82,82,82,82,82,82,82,82,82,82,84,84,86,86,86,86,86,86,86,86,93,94,94,98,99,99,99,102,102,106],"card_choices":[{"not_picked":["Amulet:ReiMu","SafetyPray:ReiMu","Conquer:ReiMu"],"picked":"SKIP","floor":1},{"not_picked":["TightArray:ReiMu","SubcavityInstant:ReiMu","OrbThrow:ReiMu"],"picked":"SKIP","floor":4},{"not_picked":["Intuition:ReiMu","SubcavityInstant:ReiMu","OrbThrow:ReiMu"],"picked":"SKIP","floor":5},{"not_picked":["Intuition:ReiMu","YinYangSign:ReiMu","SafetyPray:ReiMu"],"picked":"SKIP","floor":8},{"not_picked":["RainPray2:ReiMu","SubAcupoint:ReiMu","OrbThrow:ReiMu"],"picked":"SKIP","floor":11},{"not_picked":["Conquer:ReiMu","FineLineFantasy:ReiMu"],"picked":"FoulBorder2:ReiMu","floor":12},{"not_picked":["TightArray:ReiMu","ManaGlint:ReiMu"],"picked":"SubcavityFantasy:ReiMu","floor":14},{"not_picked":["Free:ReiMu","DependentForm:ReiMu"],"picked":"HakureiPhantom:ReiMu","floor":16},{"not_picked":["EmergencyTakeOff:ReiMu","SafetyPray:ReiMu","ManaGlint:ReiMu","Impatience"],"picked":"SKIP","floor":18},{"not_picked":["KamiSacrifice:ReiMu","SpreadBorder2:ReiMu","Intuition:ReiMu"],"picked":"REME_MawOfCthun","floor":21},{"not_picked":["CareerPray:ReiMu","PassingAway:ReiMu","Finesse+1"],"picked":"Gathering:ReiMu","floor":21},{"not_picked":["MikOfLucky:ReiMu","WonderfulDomain:ReiMu","TightArray:ReiMu"],"picked":"Impatience","floor":21},{"not_picked":["Amulet:ReiMu","Meditation:ReiMu","Revelation:ReiMu","Poisoned Strike"],"picked":"SKIP","floor":24},{"not_picked":["AlertArray:ReiMu","Conquer:ReiMu","MikOfLucky:ReiMu","Mayhem"],"picked":"SKIP","floor":27},{"not_picked":["Conquer:ReiMu","CareerPray:ReiMu","SpringWay:ReiMu","REME_MawOfCthun"],"picked":"SKIP","floor":29},{"not_picked":["Crow Ritual","Secret Technique","Sadistic Nature"],"picked":"Violence","floor":30},{"not_picked":["SafetyPray:ReiMu+1","RainPray2:ReiMu","Intuition:ReiMu+1","AT_PowerWithin"],"picked":"SKIP","floor":31},{"not_picked":["Shading:ReiMu","Authority:ReiMu","Secret Technique"],"picked":"OctopathSalyBorderN:ReiMu","floor":33},{"not_picked":["AirStrike:ReiMu","SubAcupoint:ReiMu","Crusade:ReiMu","Sadistic Nature"],"picked":"SKIP","floor":35},{"not_picked":["MikOfLucky:ReiMu","PayForSelf:ReiMu","SubAcupoint:ReiMu+1","Finesse"],"picked":"SKIP","floor":38},{"not_picked":["Amulet:ReiMu","AirStrike:ReiMu+1","Gathering:ReiMu","Purity"],"picked":"SKIP","floor":39},{"not_picked":["SafetyPray:ReiMu+1","Meditation:ReiMu+1","WonderfulDomain:ReiMu+1","HandOfGreed"],"picked":"SKIP","floor":40},{"not_picked":["MikOfLucky:ReiMu","YinYangSange:ReiMu+1","SubAcupoint:ReiMu+1","REME_Flogging"],"picked":"SKIP","floor":42},{"not_picked":["Magnetism","REME_TheoryOfElimination","Swift Strike"],"picked":"Singing Bowl","floor":44},{"not_picked":["CareerPray:ReiMu","InherentArray:ReiMu+1","Conquer:ReiMu","Trip"],"picked":"SKIP","floor":44},{"not_picked":["MikOfLucky:ReiMu","Enchanting:ReiMu+1","Authority:ReiMu"],"picked":"Panache","floor":45},{"not_picked":["TightArray:ReiMu","SubAcupoint:ReiMu","SafetyPray:ReiMu"],"picked":"Survey Options+1","floor":46},{"not_picked":["TightArray:ReiMu+1","YinYangSign:ReiMu+1","SubAcupoint:ReiMu"],"picked":"Apotheosis","floor":48},{"not_picked":["Crow Ritual","Blind","Transmutation"],"picked":"Singing Bowl","floor":50}],"player_experience":577143,"relics_obtained":[{"floor":8,"key":"Pantograph"},{"floor":9,"key":"Dream Catcher"},{"floor":9,"key":"Pear"},{"floor":17,"key":"Strawberry"},{"floor":17,"key":"RuthlessExorcism:ReiMu"},{"floor":24,"key":"REME_IWantAll"},{"floor":26,"key":"AT_BladeRuinedKing"},{"floor":26,"key":"AT_GuinsooRageblade"},{"floor":28,"key":"Red Mask"},{"floor":32,"key":"Bottled Lightning"},{"floor":43,"key":"Golden Egg"}],"event_choices":[{"damage_healed":0,"gold_gain":0,"player_choice":"Entered Light","damage_taken":13,"max_hp_gain":0,"max_hp_loss":0,"event_name":"Shining Light","floor":2,"gold_loss":0,"cards_upgraded":["Defend_Lin:ReiMu","Strike_Lin:ReiMu"]},{"damage_healed":0,"gold_gain":0,"player_choice":"Argue","damage_taken":0,"max_hp_gain":0,"max_hp_loss":0,"event_name":"conspire:LoneGhost","floor":10,"gold_loss":0},{"damage_healed":0,"gold_gain":0,"player_choice":"0 cards matched","damage_taken":0,"max_hp_gain":0,"max_hp_loss":0,"event_name":"Match and Keep!","floor":19,"gold_loss":0,"cards_obtained":[]},{"damage_healed":0,"gold_gain":0,"player_choice":"Ignored","damage_taken":0,"max_hp_gain":0,"max_hp_loss":0,"event_name":"Vampires","floor":22,"gold_loss":0},{"damage_healed":0,"gold_gain":0,"player_choice":"Fought Bandits","damage_taken":0,"max_hp_gain":0,"max_hp_loss":0,"event_name":"Masked Bandits","floor":28,"gold_loss":0},{"damage_healed":0,"gold_gain":0,"player_choice":"Bought 0 Potions","damage_taken":0,"max_hp_gain":0,"max_hp_loss":0,"event_name":"The Woman in Blue","floor":36,"gold_loss":0},{"damage_healed":0,"gold_gain":0,"player_choice":"Got Potions","damage_taken":0,"max_hp_gain":0,"max_hp_loss":0,"event_name":"Lab","floor":47,"gold_loss":0}],"is_beta":false,"boss_relics":[{"not_picked":["Coffee Dripper","AT_TrinityForce"],"picked":"REME_LowDesire"},{"not_picked":["Replay:Ancient Bell","REME_ChargedStone"],"picked":"SlaversCollar"}],"items_purged_floors":[7,13,20,20,21,30,30,37,37,41],"is_endless":false,"potions_floor_spawned":[4,12,14,29,31,33,35,40,45,48],"ascension_level":2}}