{"host":"gqhy17d1xpb1p3ki","time":1611201441,"event":{"mods":["2.2 Compatiblity","AchievementEnabler","BaseMod","Bestiary","Colored Map","Colored Powertips","Curses Come First","Downfall","Duelist Mod","Hermit","Marisa????????","Minty Spire (QoL Compilation)","Rare Cards Sparkle","Shop Mod","StSLib","The Animator","The Bug Knight","The Cursed","The Disciple","The Hierophant","The Necromancer","The Runesmith","The Servant 0.9.4","Yuri Mod"],"gold_per_floor":[99,115,139,589,316,355,355,446,446,446,485,529,529,96,137,256,256,256,290,345,345,364,398,398,421,421,436,436,41,41,83,123,250,300,300,300,339,385,429,429,429,429,429,414,414,404,404],"floor_reached":46,"language":"ENG","playtime":3413,"items_purged":["downfall:Icky","downfall:Icky"],"score":462,"play_id":"6a94042a-51d3-4a1d-a39f-7e1508bd57e8","local_time":"20210120225721","is_ascension_mode":false,"campfire_choices":[{"data":"hierophant:ChurchCoffers","floor":1,"key":"SMITH"},{"data":"hierophant:Community","floor":9,"key":"SMITH"},{"data":"hierophant:Glossolalia","floor":13,"key":"SMITH"},{"data":"hierophant:Determination","floor":18,"key":"SMITH"},{"data":"hierophant:Kindle","floor":26,"key":"SMITH"},{"data":"hierophant:Flagellation","floor":28,"key":"SMITH"},{"data":"hierophant:PassingBell","floor":30,"key":"SMITH"},{"data":"hierophant:AuricForm","floor":35,"key":"SMITH"},{"data":"hierophant:Chorus","floor":40,"key":"SMITH"},{"data":"hierophant:Refuge","floor":43,"key":"SMITH"},{"data":"hierophant:FaithHealing","floor":45,"key":"SMITH"}],"circlet_count":0,"master_deck":["hierophant:Strike_Hierophant","hierophant:Strike_Hierophant","hierophant:Strike_Hierophant","hierophant:Punish","hierophant:Defend_Hierophant+1","hierophant:Defend_Hierophant","hierophant:Defend_Hierophant","hierophant:Defend_Hierophant","hierophant:ChurchCoffers+1","hierophant:Doubloon","hierophant:RepressedViolence","hierophant:Doubloon","hierophant:CoinFling","hierophant:Refuge+1","hierophant:Doubloon","hierophant:Sermon+1","hierophant:Sermon","hierophant:Community+1","hierophant:Glossolalia+1","hierophant:AuricShield","hierophant:HolyVerse+1","expansioncontent:QuickStudy+1","hierophant:Chorus+1","hierophant:Determination+1","hierophant:MorningPrayer+1","hierophant:PassingBell+1","expansioncontent:QuickStudy+1","hierophant:Flagellation+1","hierophant:Kindle+1","hierophant:Purify","hierophant:ThreeLashes+1","hierophant:Martyrdom+1","hierophant:OrnateBuckler+1","hierophant:MirrorShield+1","hierophant:MorningPrayer+1","hierophant:AuricForm+1","hierophant:Shelter+1","hierophant:SealAway+1","hierophant:FieryStrike+1","downfall:Aged","downfall:Malfunctioning","hierophant:Invocation","hierophant:FaithHealing+1"],"relics":["hierophant:PropheticMaskRelic","Bronze Scales","HollowMod:StagPassRelic","HandDrill","Velvet Choker","Red Mask","Regal Pillow","Oddly Smooth Stone","ClockworkSouvenir","MerchantsRug","Tiny House","Sundial","Blue Candle"],"acts_visited":["Exordium","TheCity","TheBeyond"],"potions_floor_usage":[],"damage_taken":[{"damage":0,"enemies":"2 Louse","floor":2,"turns":1},{"damage":0,"enemies":"Small Slimes","floor":3,"turns":2},{"damage":0,"enemies":"downfall:FleeingMerchant","floor":5,"turns":4},{"damage":1,"enemies":"Cultist","floor":6,"turns":5},{"damage":17,"enemies":"downfall:Heads","floor":8,"turns":5},{"damage":23,"enemies":"Exordium Wildlife","floor":11,"turns":7},{"damage":9,"enemies":"2 Fungi Beasts","floor":12,"turns":6},{"damage":5,"enemies":"downfall:FleeingMerchant","floor":14,"turns":4},{"damage":9,"enemies":"Red Slaver","floor":15,"turns":4},{"damage":11,"enemies":"SI_SHIV_ARCHETYPE","floor":16,"turns":9},{"damage":0,"enemies":"3 Byrds","floor":19,"turns":2},{"damage":5,"enemies":"Masked Bandits","floor":20,"turns":3},{"damage":19,"enemies":"Chosen","floor":22,"turns":8},{"damage":0,"enemies":"Sentry and Sphere","floor":23,"turns":2},{"damage":18,"enemies":"Centurion and Healer","floor":27,"turns":7},{"damage":3,"enemies":"downfall:FleeingMerchant","floor":29,"turns":4},{"damage":0,"enemies":"3 Cultists","floor":31,"turns":2},{"damage":0,"enemies":"Sentry and Sphere","floor":32,"turns":2},{"damage":65,"enemies":"DF_ARCHETYPE_CLAW","floor":33,"turns":8},{"damage":0,"enemies":"3 Shapes","floor":37,"turns":1},{"damage":10,"enemies":"Orb Walker","floor":38,"turns":5},{"damage":32,"enemies":"Transient","floor":39,"turns":5},{"damage":14,"enemies":"3 Darklings","floor":44,"turns":2},{"damage":42,"enemies":"Transient","floor":46,"turns":4}],"seed_played":"3090323811663710178","potions_obtained":[{"floor":2,"key":"SpeedPotion"},{"floor":6,"key":"Guardian:BlockOnCardUsePotion"},{"floor":8,"key":"GamblersBrew"}],"is_trial":false,"path_per_floor":["R","M","M","?","$","M","T","?","R","?","M","M","R","$","M","B",null,"R","M","?","?","M","M","T","T","R","M","R","$","R","M","M","B",null,"R","?","M","M","M","R","T","?","R","M","R","M"],"character_chosen":"HIEROPHANT","items_purchased":["hierophant:Refuge","Bronze Scales","HandDrill","expansioncontent:QuickStudy","hierophant:Martyrdom","hierophant:OrnateBuckler","ClockworkSouvenir","MerchantsRug"],"campfire_rested":0,"item_purchase_floors":[5,5,14,14,29,29,29,29],"current_hp_per_floor":[82,82,82,82,82,81,81,64,64,64,41,32,32,27,28,27,82,82,82,77,77,58,58,58,58,58,53,53,50,50,50,64,9,87,87,87,87,77,45,45,45,45,45,31,31,0,0],"gold":404,"neow_bonus":"TEN_PERCENT_HP_BONUS","is_daily":false,"chose_seed":false,"campfire_upgraded":11,"win_rate":0.0,"timestamp":1611201441,"path_taken":["R","M","M","?","$","M","T","?","R","?","M","M","R","$","M","BOSS","R","M","?","?","?","M","T","?","R","M","R","$","R","M","M","BOSS","R","?","?","M","M","R","T","?","R","M","R","M"],"items_purchased_type":["Card","Relic","Relic","Card","Card","Card","Relic","Relic"],"build_version":"2020-12-22","purchased_purges":2,"victory":false,"max_hp_per_floor":[82,82,82,82,82,82,82,82,82,82,82,82,82,82,82,82,82,82,82,82,82,82,82,82,82,82,82,82,82,82,82,82,82,87,87,87,87,87,87,87,87,87,87,87,87,87,87],"card_choices":[{"not_picked":["hierophant:Smite","hierophant:HammerAndAnvil"],"picked":"hierophant:Doubloon","floor":2},{"not_picked":["hierophant:AuricShield","hierophant:Encroach"],"picked":"hierophant:RepressedViolence","floor":3},{"not_picked":["hierophant:PristineSoul","hierophant:BulkyChest"],"picked":"hierophant:CoinFling","floor":5},{"not_picked":["hierophant:FlamingChariot","hierophant:CoinFling"],"picked":"hierophant:Sermon","floor":6},{"not_picked":["hierophant:Charity","hierophant:Batter"],"picked":"hierophant:Community","floor":8},{"not_picked":["hierophant:SealAway","hierophant:Patience"],"picked":"hierophant:Glossolalia","floor":11},{"not_picked":["hierophant:OrnateJavelin","hierophant:Racketeering"],"picked":"hierophant:AuricShield","floor":12},{"not_picked":["hierophant:Anathema","hierophant:Racketeering"],"picked":"hierophant:HolyVerse","floor":14},{"not_picked":["hierophant:RepressedViolence","hierophant:Purify"],"picked":"hierophant:Chorus","floor":15},{"not_picked":["hierophant:WrathOfGod","hierophant:Invocation"],"picked":"hierophant:Determination","floor":16},{"not_picked":["hierophant:EyeForCoin","hierophant:Empathy"],"picked":"hierophant:MorningPrayer+1","floor":19},{"not_picked":["hierophant:Purify","hierophant:HammerAndAnvil"],"picked":"hierophant:PassingBell","floor":20},{"not_picked":["hierophant:Doubloon","hierophant:Mercenaries"],"picked":"hierophant:Flagellation","floor":22},{"not_picked":["hierophant:Upheaval","hierophant:Dazzle"],"picked":"hierophant:Kindle","floor":23},{"not_picked":["hierophant:Doubloon","hierophant:Community+1"],"picked":"hierophant:Purify","floor":27},{"not_picked":["hierophant:Remorse","hierophant:MorningPrayer"],"picked":"hierophant:ThreeLashes+1","floor":29},{"not_picked":["hierophant:SolarFlare","hierophant:PassingBell"],"picked":"hierophant:MirrorShield+1","floor":31},{"not_picked":["hierophant:DisplayOfPower","hierophant:RustyCrate"],"picked":"hierophant:MorningPrayer+1","floor":32},{"not_picked":["hierophant:Determination","hierophant:WrathOfGod"],"picked":"hierophant:AuricForm","floor":33},{"not_picked":["hierophant:Remorse+1","hierophant:ThreeLashes"],"picked":"hierophant:Shelter+1","floor":37},{"not_picked":["hierophant:Cornucopia","hierophant:HammerAndAnvil+1"],"picked":"hierophant:SealAway+1","floor":38},{"not_picked":["hierophant:EyeForCoin","hierophant:DisplayOfPower"],"picked":"hierophant:FieryStrike+1","floor":39},{"not_picked":["hierophant:AuricBeam+1","hierophant:Purify"],"picked":"hierophant:FaithHealing","floor":44}],"player_experience":404901,"relics_obtained":[{"floor":7,"key":"HollowMod:StagPassRelic"},{"floor":20,"key":"Red Mask"},{"floor":24,"key":"Regal Pillow"},{"floor":25,"key":"Oddly Smooth Stone"},{"floor":41,"key":"Sundial"}],"event_choices":[{"damage_healed":0,"gold_gain":0,"player_choice":"Fought Bandits","damage_taken":0,"max_hp_gain":0,"max_hp_loss":0,"event_name":"Masked Bandits","floor":20,"gold_loss":0},{"damage_healed":0,"gold_gain":0,"player_choice":"Ignored","damage_taken":0,"max_hp_gain":0,"max_hp_loss":0,"event_name":"NoteForYourself","floor":36,"gold_loss":0}],"is_beta":false,"boss_relics":[{"not_picked":["Cursed Key","Runesmith:UraniumAnvil"],"picked":"Velvet Choker"},{"not_picked":["Pandora\u0027s Box","Snecko Eye"],"picked":"Tiny House"}],"items_purged_floors":[5,14],"is_endless":false,"potions_floor_spawned":[2,6,8,12,15,20,27,31,32,38,39],"killed_by":"Transient","ascension_level":0}}