{"host":"mydft8i2zzydgggw","time":1611225009,"event":{"mods":["AchievementEnabler","BaseMod","BetterRewards","Colored Map","Colored Powertips","DeckTracker","Keyboard Shortcuts","Minty Spire (QoL Compilation)","Rare Cards Sparkle","StSLib","SuperFastMode","everything is the same but u backflip on backflip"],"gold_per_floor":[114,64,64,82,100,126,126,126,126,126,138,11,39,49,49,148,148,161,178,5,25,41,69,81,122,134,160,186,198,222,252,264,374,386,443,279,295,295,305,305,305,305,305],"floor_reached":42,"language":"KOR","playtime":1425,"items_purged":["Strike_P","Defend_P"],"score":703,"play_id":"d82dc028-331a-40d3-89ad-bf343b97c8ad","local_time":"20210121193009","is_ascension_mode":true,"campfire_choices":[{"data":"Adaptation","floor":7.0,"key":"SMITH"},{"data":"Eruption","floor":15.0,"key":"SMITH"},{"data":"Omniscience","floor":24.0,"key":"SMITH"},{"floor":32,"key":"REST"},{"floor":40,"key":"REST"}],"circlet_count":0,"master_deck":["Eruption+1","Vigilance","ForeignInfluence+1","CrushJoints","Wallop","Adaptation+1","LikeWater","FlyingSleeves","EmptyBody","Omniscience+1","InnerPeace","FearNoEvil","EmptyBody","FollowUp+1","Halt","SpiritShield","TalkToTheHand","EmptyFist","Wish","CutThroughFate","Wallop","MentalFortress+1","Dramatic Entrance","Good Instincts"],"relics":["PureWater","Mercury Hourglass","Regal Pillow","Akabeko","Sozu","MawBank","Orichalcum","Meat on the Bone","Empty Cage","Oddly Smooth Stone"],"acts_visited":["Exordium","TheCity","TheBeyond"],"potions_floor_usage":[],"damage_taken":[{"damage":2.0,"enemies":"Small Slimes","floor":1.0,"turns":4.0},{"damage":0.0,"enemies":"2 Louse","floor":4.0,"turns":2.0},{"damage":0.0,"enemies":"Cultist","floor":5.0,"turns":2.0},{"damage":2.0,"enemies":"3 Sentries","floor":6.0,"turns":4.0},{"damage":0.0,"enemies":"Red Slaver","floor":11.0,"turns":2.0},{"damage":0.0,"enemies":"Lagavulin","floor":13.0,"turns":7.0},{"damage":0.0,"enemies":"Large Slime","floor":14.0,"turns":2.0},{"damage":19.0,"enemies":"Hexaghost","floor":16.0,"turns":6.0},{"damage":0.0,"enemies":"Spheric Guardian","floor":18.0,"turns":1.0},{"damage":0.0,"enemies":"3 Byrds","floor":19.0,"turns":4.0},{"damage":5.0,"enemies":"Centurion and Healer","floor":21.0,"turns":4.0},{"damage":7.0,"enemies":"Cultist and Chosen","floor":22.0,"turns":4.0},{"damage":0.0,"enemies":"Slavers","floor":23.0,"turns":3.0},{"damage":15,"enemies":"Gremlin Leader","floor":25,"turns":4},{"damage":0,"enemies":"Snake Plant","floor":27,"turns":1},{"damage":0,"enemies":"Snecko","floor":28,"turns":3},{"damage":2,"enemies":"Chosen and Byrds","floor":30,"turns":4},{"damage":15,"enemies":"Snake Plant","floor":31,"turns":3},{"damage":26,"enemies":"Automaton","floor":33,"turns":9},{"damage":4,"enemies":"Orb Walker","floor":35,"turns":3},{"damage":3,"enemies":"3 Darklings","floor":37,"turns":5},{"damage":47,"enemies":"Transient","floor":39,"turns":5},{"damage":51,"enemies":"Nemesis","floor":42,"turns":6}],"seed_played":"-3894387554367841003","potions_obtained":[{"floor":1.0,"key":"PowerPotion"},{"floor":5.0,"key":"BottledMiracle"}],"is_trial":false,"path_per_floor":["M","?","?","M","M","E","R","?","T","?","M","$","E","M","R","B",null,"M","M","$","M","M","E","R","E","T","M","M","?","M","M","R","B",null,"M","$","M","?","M","R","?","E"],"character_chosen":"WATCHER","items_purchased":["FlyingSleeves","FearNoEvil","Oddly Smooth Stone","CutThroughFate"],"campfire_rested":2,"item_purchase_floors":[12,20,36,36],"current_hp_per_floor":[45,45,45,45,45,43,43,43,43,43,43,43,43,43,43,24,60,60,60,60,55,48,48,48,33,33,45,45,45,43,40,72,46,66,62,62,59,59,24,60,50,0,0],"gold":305,"neow_bonus":"REMOVE_TWO","is_daily":false,"chose_seed":false,"campfire_upgraded":3,"win_rate":0.0,"timestamp":1611225009,"path_taken":["M","?","?","M","M","E","R","?","T","?","M","$","E","M","R","BOSS","M","M","?","?","M","E","R","E","T","M","M","?","M","?","R","BOSS","M","$","M","?","M","R","?","E"],"items_purchased_type":["Card","Card","Relic","Card"],"build_version":"2020-12-22","purchased_purges":2,"victory":false,"max_hp_per_floor":[72,72,72,72,72,72,72,72,72,72,72,72,72,72,72,72,72,72,72,72,72,72,72,72,72,72,72,72,72,72,72,72,72,72,72,72,72,72,72,72,72,72,72],"card_choices":[{"not_picked":["Prostrate","Perseverance"],"picked":"ForeignInfluence","floor":1.0},{"not_picked":["SignatureMove","Halt"],"picked":"CrushJoints","floor":4.0},{"not_picked":["CutThroughFate","Fasting2"],"picked":"Wallop","floor":5.0},{"not_picked":["Protect","EmptyFist"],"picked":"Adaptation","floor":6.0},{"not_picked":["Fasting2","ClearTheMind"],"picked":"LikeWater","floor":11.0},{"not_picked":["Weave","Protect","JustLucky"],"picked":"SKIP","floor":13.0},{"not_picked":["Pray","SashWhip"],"picked":"EmptyBody","floor":14.0},{"not_picked":["Vault","DeusExMachina"],"picked":"Omniscience","floor":16.0},{"not_picked":["BowlingBash","Vengeance"],"picked":"InnerPeace","floor":18.0},{"not_picked":["Worship","Crescendo","Protect"],"picked":"SKIP","floor":19.0},{"not_picked":["ThirdEye","Protect"],"picked":"EmptyBody","floor":21.0},{"not_picked":["FearNoEvil","Consecrate"],"picked":"FollowUp+1","floor":22.0},{"not_picked":["SandsOfTime","FearNoEvil","Prostrate"],"picked":"SKIP","floor":23.0},{"not_picked":["SashWhip","Omniscience","Judgement"],"picked":"SKIP","floor":25},{"not_picked":["Protect","BattleHymn","BowlingBash"],"picked":"SKIP","floor":27},{"not_picked":["CrushJoints+1","JustLucky"],"picked":"Halt","floor":28},{"not_picked":["BowlingBash+1","EmptyFist"],"picked":"TalkToTheHand","floor":30},{"not_picked":["CrushJoints","FlyingSleeves"],"picked":"EmptyFist","floor":31},{"not_picked":["ConjureBlade","Vault"],"picked":"Wish","floor":33},{"not_picked":["CutThroughFate+1","Prostrate+1","FollowUp"],"picked":"SKIP","floor":35},{"not_picked":["PathToVictory+1","SashWhip+1"],"picked":"Wallop","floor":37},{"not_picked":["CrushJoints","Nirvana+1"],"picked":"MentalFortress+1","floor":39},{"not_picked":["Bandage Up","Magnetism"],"picked":"Dramatic Entrance","floor":41},{"not_picked":["The Bomb","Jack Of All Trades"],"picked":"Good Instincts","floor":41}],"player_experience":189950,"relics_obtained":[{"floor":6.0,"key":"Mercury Hourglass"},{"floor":9.0,"key":"Regal Pillow"},{"floor":13.0,"key":"Akabeko"},{"floor":23.0,"key":"MawBank"},{"floor":25,"key":"Orichalcum"},{"floor":26,"key":"Meat on the Bone"}],"event_choices":[{"cards_removed":["Defend_P"],"damage_healed":0.0,"max_hp_gain":0.0,"max_hp_loss":0.0,"gold_gain":0.0,"event_name":"The Cleric","player_choice":"Card Removal","floor":2.0,"gold_loss":50.0,"damage_taken":0.0},{"damage_healed":0.0,"max_hp_gain":0.0,"max_hp_loss":0.0,"gold_gain":0.0,"event_name":"Living Wall","player_choice":"Grow","floor":3.0,"gold_loss":0.0,"damage_taken":0.0,"cards_upgraded":["ForeignInfluence"]},{"damage_healed":0.0,"max_hp_gain":0.0,"max_hp_loss":0.0,"gold_gain":0.0,"event_name":"Liars Game","player_choice":"Ignored","floor":8.0,"gold_loss":0.0,"damage_taken":0.0},{"cards_removed":["Strike_P"],"damage_healed":0.0,"max_hp_gain":0.0,"max_hp_loss":0.0,"gold_gain":0.0,"event_name":"Bonfire Elementals","player_choice":"Offered Basic","floor":10.0,"gold_loss":0.0,"damage_taken":0.0},{"damage_healed":0,"gold_gain":0,"player_choice":"1 cards matched","damage_taken":0,"max_hp_gain":0,"max_hp_loss":0,"event_name":"Match and Keep!","floor":29,"gold_loss":0,"cards_obtained":["SpiritShield"]},{"damage_healed":0,"gold_gain":0,"player_choice":"Ignored","damage_taken":0,"max_hp_gain":0,"max_hp_loss":0,"event_name":"Tomb of Lord Red Mask","floor":38,"gold_loss":0},{"damage_healed":0,"gold_gain":0,"player_choice":"Memory 3","damage_taken":10,"max_hp_gain":0,"max_hp_loss":0,"event_name":"SensoryStone","floor":41,"gold_loss":0}],"is_beta":false,"boss_relics":[{"not_picked":["Black Star","VioletLotus"],"picked":"Sozu"},{"not_picked":["Velvet Choker","SacredBark"],"picked":"Empty Cage"}],"items_purged_floors":[12,20],"is_endless":false,"potions_floor_spawned":[1,5,19,22,23,25,30,33,37,39],"killed_by":"Nemesis","ascension_level":8}}