{"host":"mi0eibewekhugwl1","time":1611234513,"event":{"mods":["AchievementEnabler","BaseMod","Colored Map","Colored Powertips","DeckTracker","Keyboard Shortcuts","Minty Spire (QoL Compilation)","Quick Restart","Rare Cards Sparkle","Relic Stats","StSLib","SuperFastMode","everything is the same but u backflip on backflip"],"gold_per_floor":[115,126,140,140,156,156,156,170,170,184,197,212,241,281,281,355,355,367,417,432,25,49,49,67,67,90,90,15,44,64,10,10,87,87,107,107,107,7,25,25,44,63,141,160,174,174,194,205,205,205,205],"floor_reached":50,"language":"KOR","playtime":1345,"items_purged":["Strike_G","Well Laid Plans"],"score":924,"play_id":"1ef944dd-3452-443c-808a-ae07ebe0d449","local_time":"20210121220833","is_ascension_mode":true,"campfire_choices":[{"data":"Dagger Spray","floor":6.0,"key":"SMITH"},{"floor":15.0,"key":"REST"},{"floor":23,"key":"REST"},{"floor":27,"key":"REST"},{"floor":32,"key":"REST"},{"floor":40,"key":"REST"},{"floor":46,"key":"REST"},{"floor":49,"key":"RECALL"}],"circlet_count":0,"master_deck":["AscendersBane","Defend_G","Defend_G","Defend_G","Defend_G","Survivor","Neutralize","Riddle With Holes","Deadly Poison","Dagger Spray+1","Leg Sweep","Die Die Die","Envenom","Catalyst","Finesse","Corpse Explosion","Terror+1","Well Laid Plans+1","Terror+1","Flash of Steel","Flash of Steel","Panache","Prepared+1","Acrobatics+1","Noxious Fumes","Crippling Poison"],"relics":["Ring of the Snake","Bag of Preparation","Odd Mushroom","Fusion Hammer","Oddly Smooth Stone","Whetstone","Vajra","Juzu Bracelet","Astrolabe"],"acts_visited":["Exordium","TheCity","TheBeyond"],"potions_floor_usage":[20,29,33,35,41,50,50],"damage_taken":[{"damage":8.0,"enemies":"Small Slimes","floor":1.0,"turns":4.0},{"damage":1.0,"enemies":"Cultist","floor":2.0,"turns":4.0},{"damage":7.0,"enemies":"Jaw Worm","floor":3.0,"turns":4.0},{"damage":6.0,"enemies":"Looter","floor":5.0,"turns":3.0},{"damage":1.0,"enemies":"Large Slime","floor":8.0,"turns":7.0},{"damage":13.0,"enemies":"Exordium Thugs","floor":10.0,"turns":4.0},{"damage":5.0,"enemies":"Looter","floor":11.0,"turns":5.0},{"damage":0.0,"enemies":"2 Fungi Beasts","floor":12.0,"turns":2.0},{"damage":0.0,"enemies":"The Mushroom Lair","floor":13.0,"turns":1.0},{"damage":2.0,"enemies":"Exordium Thugs","floor":14.0,"turns":4.0},{"damage":20.0,"enemies":"The Guardian","floor":16.0,"turns":17.0},{"damage":10.0,"enemies":"3 Byrds","floor":18.0,"turns":5.0},{"damage":0,"enemies":"Chosen","floor":20,"turns":4},{"damage":5,"enemies":"Centurion and Healer","floor":24,"turns":6},{"damage":18,"enemies":"Slavers","floor":29,"turns":5},{"damage":13,"enemies":"Chosen and Byrds","floor":30,"turns":6},{"damage":5,"enemies":"Collector","floor":33,"turns":7},{"damage":22,"enemies":"3 Shapes","floor":35,"turns":3},{"damage":17,"enemies":"3 Darklings","floor":39,"turns":2},{"damage":0,"enemies":"Transient","floor":41,"turns":6},{"damage":6,"enemies":"Sphere and 2 Shapes","floor":42,"turns":6},{"damage":15,"enemies":"Writhing Mass","floor":44,"turns":7},{"damage":0,"enemies":"3 Darklings","floor":45,"turns":2},{"damage":1,"enemies":"Transient","floor":47,"turns":6},{"damage":6,"enemies":"Maw","floor":48,"turns":6},{"damage":26,"enemies":"Donu and Deca","floor":50,"turns":3}],"seed_played":"-2839803988440323754","potions_obtained":[{"floor":4.0,"key":"SpeedPotion"},{"floor":4.0,"key":"Dexterity Potion"},{"floor":5.0,"key":"Block Potion"},{"floor":10.0,"key":"SteroidPotion"},{"floor":13.0,"key":"ColorlessPotion"},{"floor":16.0,"key":"Swift Potion"},{"floor":18.0,"key":"SmokeBomb"},{"floor":29,"key":"SkillPotion"},{"floor":39,"key":"DistilledChaos"},{"floor":44,"key":"CultistPotion"},{"floor":45,"key":"FearPotion"}],"is_trial":false,"path_per_floor":["M","M","M","?","M","R","?","M","T","M","M","M","?","M","R","B",null,"M","?","M","$","T","R","M","?","T","R","?","E","M","$","R","B",null,"M","?","?","$","M","R","M","M","T","M","M","R","M","M","R","B"],"character_chosen":"THE_SILENT","items_purchased":["Oddly Smooth Stone","Finesse","DistilledChaos","BlessingOfTheForge"],"campfire_rested":6,"item_purchase_floors":[21,21,21,31],"current_hp_per_floor":[51,50,43,43,37,37,30,29,29,16,11,11,11,9,28,8,52,42,36,36,36,36,55,50,50,50,66,66,48,35,35,54,49,62,40,30,30,30,13,32,32,26,26,11,11,30,29,23,23,0,0],"gold":205,"neow_bonus":"THREE_CARDS","is_daily":false,"chose_seed":false,"campfire_upgraded":1,"win_rate":0.0,"timestamp":1611234513,"path_taken":["M","M","M","?","?","R","?","M","T","M","M","M","?","M","R","BOSS","M","?","M","$","?","R","M","?","T","R","?","E","M","?","R","BOSS","M","?","?","$","M","R","M","M","T","M","M","R","M","M","R","BOSS"],"items_purchased_type":["Relic","Card","Potion","Potion"],"build_version":"2020-12-22","purchased_purges":2,"victory":false,"max_hp_per_floor":[66,66,66,66,66,66,66,66,66,66,66,66,66,66,66,66,66,66,66,66,66,66,66,66,66,66,66,66,66,66,66,66,66,66,66,66,66,66,66,66,66,66,66,66,66,66,66,66,66,66,66],"relic_stats":{"counters":[26,129],"Astrolabe":["Terror","Well Laid Plans","Terror"],"Bag of Preparation":[42],"Juzu Bracelet":0,"Whetstone":["Strike_G","Strike_G"],"obtain_stats":[{"Astrolabe":34,"Oddly Smooth Stone":21,"Vajra":26,"Fusion Hammer":17,"Bag of Preparation":9,"Juzu Bracelet":29,"Whetstone":22,"Odd Mushroom":13,"Ring of the Snake":0},{"Astrolabe":17,"Oddly Smooth Stone":13,"Vajra":14,"Fusion Hammer":11,"Bag of Preparation":5,"Juzu Bracelet":15,"Whetstone":13,"Odd Mushroom":9,"Ring of the Snake":0},{"Astrolabe":88,"Oddly Smooth Stone":64,"Vajra":70,"Fusion Hammer":55,"Bag of Preparation":22,"Juzu Bracelet":75,"Whetstone":64,"Odd Mushroom":34,"Ring of the Snake":0}],"Ring of the Snake":[52]},"card_choices":[{"not_picked":["Caltrops","Backflip"],"picked":"Riddle With Holes","floor":0.0},{"not_picked":["PiercingWail","Underhanded Strike"],"picked":"Deadly Poison","floor":1.0},{"not_picked":["Prepared","Backflip"],"picked":"Well Laid Plans","floor":2.0},{"not_picked":["Sucker Punch","Bane","Endless Agony"],"picked":"SKIP","floor":3.0},{"not_picked":["All Out Attack","Dagger Throw"],"picked":"Dagger Spray","floor":5.0},{"not_picked":["Outmaneuver","Quick Slash","Sucker Punch"],"picked":"SKIP","floor":8.0},{"not_picked":["Outmaneuver","PiercingWail"],"picked":"Leg Sweep","floor":10.0},{"not_picked":["All Out Attack","Backflip","Sucker Punch"],"picked":"SKIP","floor":11.0},{"not_picked":["Concentrate","PiercingWail"],"picked":"Die Die Die","floor":12.0},{"not_picked":["Deadly Poison","Bane","Concentrate"],"picked":"SKIP","floor":14.0},{"not_picked":["Die Die Die","Night Terror"],"picked":"Envenom","floor":16.0},{"not_picked":["Slice","Cloak And Dagger"],"picked":"Catalyst","floor":18.0},{"not_picked":["Setup","Flying Knee","Dagger Spray"],"picked":"SKIP","floor":20},{"not_picked":["Dagger Spray","Well Laid Plans","PiercingWail"],"picked":"SKIP","floor":24},{"not_picked":["Catalyst","Dagger Spray"],"picked":"Corpse Explosion","floor":29},{"not_picked":["Dodge and Roll","PiercingWail","Infinite Blades+1"],"picked":"SKIP","floor":30},{"not_picked":["Dash","Bane","Acrobatics"],"picked":"SKIP","floor":35},{"not_picked":["Violence","Purity"],"picked":"Flash of Steel","floor":36},{"not_picked":["Madness","Deep Breath"],"picked":"Flash of Steel","floor":36},{"not_picked":["Dramatic Entrance","Panacea"],"picked":"Panache","floor":36},{"not_picked":["Outmaneuver+1","Backflip"],"picked":"Prepared+1","floor":39},{"not_picked":["Cloak And Dagger","Dash"],"picked":"Acrobatics+1","floor":41},{"not_picked":["Well Laid Plans","Dodge and Roll","Dagger Spray"],"picked":"SKIP","floor":42},{"not_picked":["Acrobatics","Flying Knee","All Out Attack"],"picked":"SKIP","floor":44},{"not_picked":["Prepared","Dagger Spray","Endless Agony"],"picked":"SKIP","floor":45},{"not_picked":["Deadly Poison","Eviscerate"],"picked":"Noxious Fumes","floor":47},{"not_picked":["Prepared","Endless Agony+1"],"picked":"Crippling Poison","floor":48}],"player_experience":1747691,"relics_obtained":[{"floor":9.0,"key":"Bag of Preparation"},{"floor":13.0,"key":"Odd Mushroom"},{"floor":22,"key":"Whetstone"},{"floor":26,"key":"Vajra"},{"floor":29,"key":"Juzu Bracelet"}],"event_choices":[{"damage_healed":0.0,"max_hp_gain":0.0,"max_hp_loss":0.0,"gold_gain":0.0,"event_name":"Lab","player_choice":"Got Potions","floor":4.0,"gold_loss":0.0,"damage_taken":0.0},{"cards_removed":["Strike_G"],"damage_healed":0.0,"max_hp_gain":0.0,"max_hp_loss":0.0,"gold_gain":0.0,"event_name":"Golden Wing","player_choice":"Card Removal","floor":7.0,"gold_loss":0.0,"damage_taken":7.0},{"damage_healed":0.0,"max_hp_gain":0.0,"max_hp_loss":0.0,"gold_gain":0.0,"event_name":"Mushrooms","player_choice":"Fought Mushrooms","floor":13.0,"gold_loss":0.0,"damage_taken":0.0},{"damage_healed":0,"gold_gain":50,"player_choice":"Touch","damage_taken":6,"max_hp_gain":0,"max_hp_loss":0,"event_name":"FaceTrader","floor":19,"gold_loss":0},{"damage_healed":0,"gold_gain":0,"cards_transformed":["Strike_G","Defend_G"],"player_choice":"Became Test Subject","damage_taken":0,"max_hp_gain":0,"max_hp_loss":0,"event_name":"Drug Dealer","floor":25,"gold_loss":0,"cards_obtained":["Distraction","Doppelganger"]},{"cards_removed":["Distraction"],"damage_healed":0,"gold_gain":0,"player_choice":"Gave Gold","damage_taken":0,"max_hp_gain":0,"max_hp_loss":0,"event_name":"Beggar","floor":28,"gold_loss":75},{"damage_healed":0,"gold_gain":0,"player_choice":"Memory 3","damage_taken":10,"max_hp_gain":0,"max_hp_loss":0,"event_name":"SensoryStone","floor":36,"gold_loss":0},{"damage_healed":0,"gold_gain":0,"player_choice":"Ignored","damage_taken":0,"max_hp_gain":0,"max_hp_loss":0,"event_name":"Tomb of Lord Red Mask","floor":37,"gold_loss":0}],"is_beta":false,"boss_relics":[{"not_picked":["SlaversCollar","Black Star"],"picked":"Fusion Hammer"},{"not_picked":["Sozu","Busted Crown"],"picked":"Astrolabe"}],"items_purged_floors":[21,38],"is_endless":false,"potions_floor_spawned":[5,10,11,13,16,18,29,30,39,44,45],"killed_by":"Donu and Deca","ascension_level":20}}