{"host":"ueef25wtkg2eer3h","time":1611227849,"event":{"mods":["AchievementEnabler","BaseMod","Colored Map","Colored Powertips","DeckTracker","Displayed Cursed Tome","Googly Eyes","Highlight Path","Minty Spire (QoL Compilation)","Slay the Relics Exporter","StSLib"],"gold_per_floor":[114,125,135,151,162,191,18,37,37,37,56,68,78,253,253,352,352,367,367,367,367,380,380,34,34,34,44,44,44],"floor_reached":28,"language":"ENG","playtime":1246,"items_purged":["Doubt"],"score":383,"play_id":"5f32c658-89f6-4204-a215-6a5c98bfbf78","local_time":"20210121121729","is_ascension_mode":true,"campfire_choices":[{"floor":10,"key":"REST"},{"floor":15,"key":"REST"},{"floor":23,"key":"REST"},{"floor":25,"key":"REST"}],"circlet_count":0,"master_deck":["AscendersBane","Strike_B","Strike_B","Strike_B","Strike_B","Defend_B","Defend_B","Defend_B","Defend_B","Zap","Dualcast","Streamline","Sunder","Defragment","Thunder Strike","Turbo","Tempest","Self Repair","Gash","Undo","Go for the Eyes","Barrage","Coolheaded","Doom and Gloom","Buffer","Beam Cell","J.A.X.","Conserve Battery","Hologram","Undo"],"relics":["FrozenCore","NeowsBlessing","Mango","Question Card","Gremlin Horn","Bag of Preparation","Sundial"],"acts_visited":["Exordium","TheCity"],"potions_floor_usage":[16,16,16,22,22,22,27,28],"damage_taken":[{"damage":0,"enemies":"Cultist","floor":1,"turns":1},{"damage":0,"enemies":"Small Slimes","floor":2,"turns":1},{"damage":0,"enemies":"2 Louse","floor":3,"turns":1},{"damage":11,"enemies":"Blue Slaver","floor":4,"turns":3},{"damage":3,"enemies":"Large Slime","floor":5,"turns":6},{"damage":40,"enemies":"Gremlin Nob","floor":6,"turns":5},{"damage":17,"enemies":"Looter","floor":8,"turns":3},{"damage":14,"enemies":"3 Louse","floor":11,"turns":3},{"damage":13,"enemies":"Exordium Wildlife","floor":12,"turns":4},{"damage":6,"enemies":"Looter","floor":13,"turns":4},{"damage":45,"enemies":"Hexaghost","floor":16,"turns":8},{"damage":18,"enemies":"Spheric Guardian","floor":18,"turns":4},{"damage":41,"enemies":"3 Byrds","floor":22,"turns":4},{"damage":40,"enemies":"Cultist and Chosen","floor":27,"turns":8},{"damage":45,"enemies":"Sentry and Sphere","floor":28,"turns":5}],"seed_played":"3199377556989359023","potions_obtained":[{"floor":2,"key":"PotionOfCapacity"},{"floor":5,"key":"EssenceOfDarkness"},{"floor":6,"key":"EntropicBrew"},{"floor":16,"key":"Explosive Potion"},{"floor":27,"key":"Regen Potion"}],"is_trial":false,"path_per_floor":["M","M","M","M","M","E","$","M","T","R","M","M","M","?","R","B",null,"M","?","?","T","M","R","$","R","T","M","M"],"character_chosen":"DEFECT","items_purchased":["Self Repair","Gash","Undo","Bag of Preparation","Hologram","Undo"],"campfire_rested":4,"item_purchase_floors":[7,7,7,24,24,24],"current_hp_per_floor":[68,68,68,57,54,28,28,18,18,44,37,24,25,25,51,13,70,59,59,42,42,8,36,36,64,64,31,0,0],"gold":44,"neow_bonus":"THREE_ENEMY_KILL","is_daily":false,"chose_seed":false,"campfire_upgraded":0,"win_rate":0.0,"timestamp":1611227849,"path_taken":["M","M","M","M","M","E","$","M","T","R","M","?","M","?","R","BOSS","M","?","?","?","M","R","$","R","T","M","M"],"items_purchased_type":["Card","Card","Card","Relic","Card","Card"],"build_version":"2020-12-22","purchased_purges":1,"victory":false,"max_hp_per_floor":[75,75,75,75,75,89,89,89,89,89,89,89,89,89,89,89,89,89,89,94,94,94,94,94,94,94,94,94,94],"card_choices":[{"not_picked":["Turbo","Stack"],"picked":"Streamline","floor":1},{"not_picked":["Sweeping Beam","Steam"],"picked":"Sunder","floor":2},{"not_picked":["Leap","Streamline"],"picked":"Defragment","floor":3},{"not_picked":["Hologram","Sweeping Beam"],"picked":"Thunder Strike","floor":4},{"not_picked":["Sweeping Beam","Rebound"],"picked":"Turbo","floor":5},{"not_picked":["Turbo","Stack"],"picked":"Tempest","floor":6},{"not_picked":["Sweeping Beam","FTL"],"picked":"Go for the Eyes","floor":8},{"not_picked":["Chaos","Stack","Go for the Eyes"],"picked":"Barrage","floor":11},{"not_picked":["Sweeping Beam","Multi-Cast","BootSequence"],"picked":"Coolheaded","floor":12},{"not_picked":["Barrage","Melter","Storm"],"picked":"Doom and Gloom","floor":13},{"not_picked":["Thunder Strike","Machine Learning","Multi-Cast"],"picked":"Buffer","floor":16},{"not_picked":["Turbo","Compile Driver+1","Stack"],"picked":"Beam Cell","floor":18},{"not_picked":["Redo","Rebound","Turbo"],"picked":"Conserve Battery","floor":22},{"not_picked":["Steam+1","Storm","Darkness","Hello World"],"picked":"SKIP","floor":27}],"player_experience":283046,"relics_obtained":[{"floor":6,"key":"Mango"},{"floor":9,"key":"Question Card"},{"floor":21,"key":"Gremlin Horn"},{"floor":26,"key":"Sundial"}],"event_choices":[{"damage_healed":0,"gold_gain":175,"player_choice":"AGREE","damage_taken":0,"max_hp_gain":0,"max_hp_loss":0,"event_name":"Liars Game","floor":14,"gold_loss":0,"cards_obtained":["Doubt"]},{"damage_healed":0,"gold_gain":0,"player_choice":"Obtain J.A.X.","damage_taken":0,"max_hp_gain":0,"max_hp_loss":0,"event_name":"Drug Dealer","floor":19,"gold_loss":0,"cards_obtained":["J.A.X."]},{"damage_healed":0,"gold_gain":0,"player_choice":"Shed Blood","damage_taken":22,"max_hp_gain":5,"max_hp_loss":0,"event_name":"Forgotten Altar","floor":20,"gold_loss":0}],"is_beta":false,"boss_relics":[{"not_picked":["Fusion Hammer","Coffee Dripper"],"picked":"FrozenCore"}],"items_purged_floors":[24],"is_endless":false,"potions_floor_spawned":[2,5,6,8,13,16,18,27],"killed_by":"Sentry and Sphere","ascension_level":12}}