{"host":"jn2qdns2nxijvlnt","time":1611248224,"event":{"mods":["BaseMod","Minty Spire (QoL Compilation)","Quick Restart"],"gold_per_floor":[113,130,148,148,165,198,198,224,248,262,262,276,276,289,289,393,393,413,430,430,446,41,61,61,10,10,34,34,59,78,78,78,180,180,198,210,210,264,318,350,350,400,400,416,436,471,471,488,488,488],"floor_reached":51,"language":"ENG","playtime":4165,"items_purged":[],"score":1134,"play_id":"5fb04bd5-50b4-4f67-b196-21fa9bc5c742","local_time":"20210121115704","is_ascension_mode":true,"campfire_choices":[{"floor":7.0,"key":"REST"},{"floor":11.0,"key":"REST"},{"floor":15.0,"key":"REST"},{"data":"Accuracy","floor":24.0,"key":"SMITH"},{"data":"Venomology","floor":28.0,"key":"SMITH"},{"data":"Accuracy","floor":32.0,"key":"SMITH"},{"data":"Infinite Blades","floor":41.0,"key":"SMITH"},{"data":"Adrenaline","floor":47,"key":"SMITH"},{"data":"After Image","floor":49,"key":"SMITH"}],"circlet_count":0,"master_deck":["AscendersBane","Strike_G+1","Strike_G+1","Strike_G+1","Strike_G+1","Defend_G+1","Defend_G+1","Defend_G+1","Defend_G+1","Defend_G+1","Survivor","Neutralize","Quick Slash","Blade Dance","Accuracy+1","Tactician","Cloak And Dagger","After Image+1","Leg Sweep","Backstab","Accuracy+1","Cloak And Dagger","Glass Knife","Backstab","Blade Dance+1","Venomology+1","Flying Knee","Terror","Adrenaline+1","Infinite Blades+1"],"relics":["Ring of the Snake","Tiny Chest","MealTicket","Smiling Mask","Vajra","Matryoshka","WristBlade","Darkstone Periapt","Bag of Preparation","Snake Skull","Dream Catcher","Paper Crane","Omamori","InkBottle","Busted Crown","Bronze Scales","FossilizedHelix","Orichalcum","Ginger","Art of War","Ornamental Fan"],"acts_visited":["Exordium","TheCity","TheBeyond","TheCity","TheBeyond"],"potions_floor_usage":[46,46,46,48,50,50,50,50,50],"damage_taken":[{"damage":6.0,"enemies":"Cultist","floor":1.0,"turns":6.0},{"damage":2.0,"enemies":"2 Louse","floor":2.0,"turns":3.0},{"damage":7.0,"enemies":"Jaw Worm","floor":3.0,"turns":4.0},{"damage":0.0,"enemies":"Lots of Slimes","floor":5.0,"turns":5.0},{"damage":18.0,"enemies":"3 Sentries","floor":6.0,"turns":7.0},{"damage":27.0,"enemies":"Lagavulin","floor":8.0,"turns":7.0},{"damage":6.0,"enemies":"Looter","floor":10.0,"turns":3.0},{"damage":0.0,"enemies":"3 Louse","floor":12.0,"turns":3.0},{"damage":3.0,"enemies":"Gremlin Gang","floor":14.0,"turns":5.0},{"damage":16.0,"enemies":"Hexaghost","floor":16.0,"turns":10.0},{"damage":0.0,"enemies":"Spheric Guardian","floor":18.0,"turns":2.0},{"damage":0.0,"enemies":"2 Thieves","floor":19.0,"turns":2.0},{"damage":18.0,"enemies":"Shelled Parasite and Fungi","floor":21.0,"turns":3.0},{"damage":0.0,"enemies":"Chosen and Byrds","floor":23.0,"turns":4.0},{"damage":15.0,"enemies":"Gremlin Leader","floor":29.0,"turns":6.0},{"damage":0.0,"enemies":"Cultist and Chosen","floor":30.0,"turns":2.0},{"damage":15.0,"enemies":"Champ","floor":33.0,"turns":6.0},{"damage":2.0,"enemies":"3 Darklings","floor":35.0,"turns":3.0},{"damage":0.0,"enemies":"Orb Walker","floor":36.0,"turns":2.0},{"damage":0.0,"enemies":"2 Orb Walkers","floor":39.0,"turns":2.0},{"damage":0.0,"enemies":"Giant Head","floor":40.0,"turns":5.0},{"damage":0.0,"enemies":"Mind Bloom Boss Battle","floor":42.0,"turns":3.0},{"damage":0.0,"enemies":"Writhing Mass","floor":44.0,"turns":4.0},{"damage":0.0,"enemies":"Transient","floor":45.0,"turns":5.0},{"damage":0,"enemies":"Nemesis","floor":46,"turns":3},{"damage":0,"enemies":"Maw","floor":48,"turns":4},{"damage":59,"enemies":"Time Eater","floor":50,"turns":10}],"seed_played":"6019907230947868391","potions_obtained":[{"floor":2.0,"key":"Block Potion"},{"floor":3.0,"key":"ColorlessPotion"},{"floor":6.0,"key":"DistilledChaos"},{"floor":14.0,"key":"SteroidPotion"},{"floor":16.0,"key":"FearPotion"},{"floor":18.0,"key":"Poison Potion"},{"floor":21.0,"key":"Ancient Potion"},{"floor":29.0,"key":"BlessingOfTheForge"},{"floor":33.0,"key":"Swift Potion"},{"floor":39.0,"key":"AttackPotion"},{"floor":42.0,"key":"CunningPotion"},{"floor":45.0,"key":"BlessingOfTheForge"},{"floor":48,"key":"AttackPotion"}],"is_trial":false,"path_per_floor":["M","M","M","?","M","E","R","E","T","M","R","M","T","M","R","B",null,"M","M","?","M","$","M","R","?","T","T","R","E","M","?","R","B",null,"M","M","?","T","?","E","R","?","T","M","M","E","R","M","R","B",null],"character_chosen":"THE_SILENT","items_purchased":["Darkstone Periapt","Venomology"],"campfire_rested":3,"item_purchase_floors":[22,22],"current_hp_per_floor":[57,55,48,48,48,30,51,24,24,18,39,39,39,36,57,41,63,63,63,63,45,60,60,60,60,60,60,60,45,45,68,68,53,66,64,64,64,64,64,64,64,64,64,64,64,64,64,64,64,17],"gold":488,"neow_bonus":"RANDOM_COMMON_RELIC","is_daily":false,"chose_seed":false,"campfire_upgraded":6,"win_rate":0.0,"timestamp":1611248224,"path_taken":["M","M","?","?","?","E","R","E","T","M","R","M","?","?","R","BOSS","M","M","?","M","$","M","R","?","T","?","R","E","?","?","R","BOSS","M","M","?","?","?","E","R","?","T","M","?","E","R","M","R","BOSS"],"items_purchased_type":["Relic","Card"],"build_version":"2020-12-22","purchased_purges":0,"victory":true,"max_hp_per_floor":[70,70,70,70,70,70,70,70,70,70,70,70,70,70,70,70,70,70,70,70,70,70,70,70,70,70,70,70,70,70,70,70,70,70,70,70,70,70,70,70,70,70,70,70,70,70,70,70,70,70],"card_choices":[{"not_picked":["Dodge and Roll","Tactician"],"picked":"Quick Slash","floor":1.0},{"not_picked":["Quick Slash","Deflect"],"picked":"Blade Dance","floor":2.0},{"not_picked":["PiercingWail","Reflex"],"picked":"Accuracy","floor":3.0},{"not_picked":["Heel Hook","Poisoned Stab"],"picked":"Cloak And Dagger","floor":5.0},{"not_picked":["Riddle With Holes","Corpse Explosion"],"picked":"After Image","floor":6.0},{"not_picked":["Dodge and Roll","Outmaneuver"],"picked":"Leg Sweep","floor":8.0},{"not_picked":["Quick Slash","Flying Knee"],"picked":"Backstab","floor":10.0},{"not_picked":["Bouncing Flask","Phantasmal Killer"],"picked":"Accuracy","floor":12.0},{"not_picked":["Dodge and Roll","Endless Agony"],"picked":"Cloak And Dagger","floor":14.0},{"not_picked":["Doppelganger","Grand Finale"],"picked":"Glass Knife","floor":16.0},{"not_picked":["Outmaneuver","PiercingWail+1"],"picked":"Backstab","floor":18.0},{"not_picked":["All Out Attack+1","Skewer","Underhanded Strike"],"picked":"SKIP","floor":19.0},{"not_picked":["Underhanded Strike","Flechettes"],"picked":"Blade Dance+1","floor":21.0},{"not_picked":["Blur","Underhanded Strike"],"picked":"Flying Knee","floor":23.0},{"not_picked":["Bane","Noxious Fumes+1","Eviscerate"],"picked":"SKIP","floor":29.0},{"not_picked":["Dash+1","Caltrops+1"],"picked":"Terror","floor":30.0},{"not_picked":["Glass Knife","Phantasmal Killer"],"picked":"Adrenaline","floor":33.0},{"not_picked":["Bane"],"picked":"SKIP","floor":35.0},{"not_picked":[],"picked":"Infinite Blades","floor":36.0},{"not_picked":["Acrobatics+1"],"picked":"SKIP","floor":40.0},{"not_picked":["Dash"],"picked":"SKIP","floor":44.0},{"not_picked":["Expertise+1"],"picked":"SKIP","floor":45.0},{"not_picked":["Blur"],"picked":"SKIP","floor":46},{"not_picked":["Poisoned Stab+1"],"picked":"SKIP","floor":48}],"player_experience":553328,"relics_obtained":[{"floor":6.0,"key":"MealTicket"},{"floor":8.0,"key":"Smiling Mask"},{"floor":9.0,"key":"Vajra"},{"floor":13.0,"key":"Matryoshka"},{"floor":26.0,"key":"Snake Skull"},{"floor":26.0,"key":"Dream Catcher"},{"floor":27.0,"key":"Paper Crane"},{"floor":27.0,"key":"Omamori"},{"floor":29.0,"key":"InkBottle"},{"floor":38.0,"key":"Bronze Scales"},{"floor":39.0,"key":"FossilizedHelix"},{"floor":40.0,"key":"Orichalcum"},{"floor":42.0,"key":"Ginger"},{"floor":43.0,"key":"Art of War"},{"floor":46,"key":"Ornamental Fan"}],"event_choices":[{"damage_healed":0.0,"max_hp_gain":0.0,"max_hp_loss":0.0,"gold_gain":0.0,"cards_transformed":["Strike_G"],"event_name":"Transmorgrifier","player_choice":"Transformed","floor":4.0,"gold_loss":0.0,"damage_taken":0.0,"cards_obtained":["Tactician"]},{"damage_healed":0.0,"max_hp_gain":0.0,"max_hp_loss":0.0,"gold_gain":0.0,"event_name":"Back to Basics","player_choice":"Simplicity","floor":20.0,"gold_loss":0.0,"damage_taken":0.0,"cards_upgraded":["Strike_G","Strike_G","Strike_G","Strike_G","Defend_G","Defend_G","Defend_G","Defend_G","Defend_G"]},{"damage_healed":0.0,"max_hp_gain":0.0,"max_hp_loss":0.0,"gold_gain":0.0,"event_name":"WeMeetAgain","player_choice":"Paid Gold","floor":25.0,"gold_loss":51.0,"damage_taken":0.0,"relics_obtained":["Bag of Preparation"]},{"damage_healed":23.0,"max_hp_gain":0.0,"max_hp_loss":0.0,"gold_gain":0.0,"event_name":"The Library","player_choice":"Heal","floor":31.0,"gold_loss":0.0,"damage_taken":0.0},{"damage_healed":0.0,"max_hp_gain":0.0,"max_hp_loss":0.0,"gold_gain":0.0,"event_name":"Tomb of Lord Red Mask","player_choice":"Ignored","floor":37.0,"gold_loss":0.0,"damage_taken":0.0},{"damage_healed":0.0,"max_hp_gain":0.0,"max_hp_loss":0.0,"gold_gain":0.0,"event_name":"Mysterious Sphere","player_choice":"Fight","floor":39.0,"gold_loss":0.0,"damage_taken":0.0},{"damage_healed":0.0,"max_hp_gain":0.0,"max_hp_loss":0.0,"gold_gain":0.0,"event_name":"MindBloom","player_choice":"Fight","floor":42.0,"gold_loss":0.0,"damage_taken":0.0}],"is_beta":false,"boss_relics":[{"not_picked":["Runic Dome","Philosopher\u0027s Stone"],"picked":"WristBlade"},{"not_picked":["Black Star","Cursed Key"],"picked":"Busted Crown"}],"items_purged_floors":[],"is_endless":false,"potions_floor_spawned":[2,3,6,14,16,18,21,29,33,39,42,45,48],"ascension_level":10}}