{"host":"rz8ryyppw1rffr47","time":1611247191,"event":{"mods":["BaseMod","BetterRewards","Googly Eyes","Minty Spire (QoL Compilation)","Quick Restart","Replay The Spire","StSLib","everything is the same but u backflip on backflip","slay the spire mod where everything is the same but ironclad has a cowboy hat"],"gold_per_floor":[116,136,50,50,63,95,95,106,106,123,198,198,183,193,193,296,296,315,315,315,16,26,37,54,70,96,96,129,164,184,184,184,286,286,296,296,64,64,77,112,112,131,131,131,131,131,147,162,162,162,162],"floor_reached":50,"language":"ENG","playtime":2763,"items_purged":[],"score":673,"play_id":"de0a0048-1644-47a9-8909-4dc6c564a3ec","local_time":"20210121163951","is_ascension_mode":false,"campfire_choices":[{"floor":7.0,"key":"REST"},{"floor":15.0,"key":"REST"},{"floor":27.0,"key":"REST"},{"floor":32.0,"key":"REST"},{"data":"Noxious Fumes","floor":44.0,"key":"SMITH"},{"floor":46.0,"key":"REST"},{"floor":49.0,"key":"REST"}],"circlet_count":0,"master_deck":["Strike_G","Strike_G+1","Strike_G","Defend_G+1","Defend_G","Survivor","Neutralize","Poisoned Stab","Setup","Noxious Fumes+1","Draining Mist","Backflip","ReplayTheSpireMod:Speed Training","Venomology","Corpse Explosion","Catalyst","PiercingWail+1","Dodge and Roll+1","Backflip+1","Corpse Explosion","Prepared+1","Crippling Poison","Replay:Poison Smokescreen+1","Outmaneuver+1"],"relics":["Sizzling Blood","Lizard Tail","Tingsha","Ring of Chaos","Replay:Bottled Snecko","Gremlin Food","Oddly Smooth Stone","Anchor","Red Mask","Chameleon Ring","Black Star","Blood Vial","Ginger","Centennial Puzzle","Shuriken"],"acts_visited":["Exordium","TheCity","TheBeyond"],"potions_floor_usage":[50,50,50],"damage_taken":[{"damage":2.0,"enemies":"Jaw Worm","floor":1.0,"turns":4.0},{"damage":6.0,"enemies":"2 Louse","floor":2.0,"turns":3.0},{"damage":4.0,"enemies":"Cultist","floor":5.0,"turns":4.0},{"damage":28.0,"enemies":"3 Sentries","floor":6.0,"turns":9.0},{"damage":14.0,"enemies":"Looter","floor":8.0,"turns":4.0},{"damage":11.0,"enemies":"Exordium Wildlife","floor":10.0,"turns":6.0},{"damage":4.0,"enemies":"Exordium Thugs","floor":13.0,"turns":5.0},{"damage":0.0,"enemies":"2 Fungi Beasts","floor":14.0,"turns":4.0},{"damage":78.0,"enemies":"Fading Forest","floor":16.0,"turns":11.0},{"damage":11.0,"enemies":"3 Byrds","floor":18.0,"turns":4.0},{"damage":16.0,"enemies":"Spheric Guardian","floor":22.0,"turns":7.0},{"damage":6.0,"enemies":"3 Cultists","floor":23.0,"turns":4.0},{"damage":18.0,"enemies":"Chosen and Byrds","floor":24.0,"turns":6.0},{"damage":11.0,"enemies":"Cultist and Chosen","floor":25.0,"turns":5.0},{"damage":0.0,"enemies":"Masked Bandits","floor":28.0,"turns":3.0},{"damage":23.0,"enemies":"Slavers","floor":29.0,"turns":6.0},{"damage":3.0,"enemies":"Snake Plant","floor":30.0,"turns":6.0},{"damage":59.0,"enemies":"Collector","floor":33.0,"turns":11.0},{"damage":8.0,"enemies":"3 Shapes","floor":35.0,"turns":3.0},{"damage":0.0,"enemies":"Orb Walker","floor":38.0,"turns":4.0},{"damage":8.0,"enemies":"Sphere and 2 Shapes","floor":39.0,"turns":5.0},{"damage":17.0,"enemies":"R_Hoarder","floor":40.0,"turns":11.0},{"damage":6.0,"enemies":"4 Shapes","floor":42.0,"turns":5.0},{"damage":19.0,"enemies":"Transient","floor":47.0,"turns":5.0},{"damage":10.0,"enemies":"Jaw Worm Horde","floor":48.0,"turns":3.0},{"damage":82,"enemies":"Awakened One","floor":50,"turns":12}],"seed_played":"2668397331067088428","potions_obtained":[{"floor":1.0,"key":"Energy Potion"},{"floor":5.0,"key":"Weak Potion"},{"floor":8.0,"key":"Fruit Juice"},{"floor":13.0,"key":"Dexterity Potion"},{"floor":18.0,"key":"Block Potion"},{"floor":28.0,"key":"CunningPotion"},{"floor":30.0,"key":"Strength Potion"},{"floor":35.0,"key":"SneckoOil"},{"floor":40.0,"key":"Doom Potion"},{"floor":41.0,"key":"SkillPotion"},{"floor":41.0,"key":"LiquidMemories"},{"floor":45.0,"key":"SkillPotion"},{"floor":45.0,"key":"Doom Potion"}],"is_trial":false,"path_per_floor":["M","M","$","?","M","E","R","M","T","M","?","?","M","M","R","B",null,"M","?","T","$","M","M","M","M","T","R","?","E","M","?","R","B",null,"M","?","$","M","M","E","R","M","T","R","?","R","M","M","R","B"],"character_chosen":"THE_SILENT","items_purchased":["Noxious Fumes","PowerPotion","Gremlin Food","Oddly Smooth Stone","Blood Vial","Crippling Poison"],"campfire_rested":6,"item_purchase_floors":[3,3,21,21,37,37],"current_hp_per_floor":[43,37,37,41,41,17,37,27,27,20,9,9,14,18,40,25,74,67,67,67,67,55,53,39,32,32,54,58,39,40,40,62,7,74,70,70,70,74,70,59,59,59,59,59,59,74,59,55,74,0,0],"gold":162,"neow_bonus":"","is_daily":false,"chose_seed":false,"campfire_upgraded":1,"win_rate":0.0,"timestamp":1611247191,"path_taken":["M","M","$","?","M","E","R","M","T","M","?","?","M","?","R","BOSS","M","?","?","$","?","M","M","M","T","R","?","E","M","?","R","BOSS","M","?","$","M","M","E","R","M","T","R","?","R","M","?","R","BOSS"],"items_purchased_type":["Card","Potion","Relic","Relic","Relic","Card"],"build_version":"2020-12-22","purchased_purges":0,"victory":false,"max_hp_per_floor":[65,65,65,69,69,69,69,69,69,69,69,69,74,74,74,74,74,74,74,74,74,74,74,74,74,74,74,74,74,74,74,74,74,74,74,74,74,74,74,74,74,74,74,74,74,74,74,74,74,74,74],"card_choices":[{"not_picked":["Sucker Punch","Quick Slash","Dash"],"picked":"SKIP","floor":1.0},{"not_picked":["Dagger Throw","Escape Plan","Cloak And Dagger"],"picked":"SKIP","floor":2.0},{"not_picked":["Dagger Spray","Endless Agony"],"picked":"Draining Mist","floor":5.0},{"not_picked":["Flechettes","Backstab","Underhanded Strike"],"picked":"SKIP","floor":6.0},{"not_picked":["Sneak Up","ReplayTheSpireMod:The Works"],"picked":"Backflip","floor":8.0},{"not_picked":["Eviscerate","Sneak Up","Flying Knee"],"picked":"SKIP","floor":10.0},{"not_picked":["Poisoned Stab","Acrobatics"],"picked":"ReplayTheSpireMod:Speed Training","floor":13.0},{"not_picked":["Dagger Spray","Leg Sweep"],"picked":"Venomology","floor":14.0},{"not_picked":["Poison Darts","Replay:Bag of Tricks"],"picked":"Corpse Explosion","floor":16.0},{"not_picked":["Deadly Poison+1","Quick Slash","Prepared"],"picked":"SKIP","floor":18.0},{"not_picked":["Accuracy","Slice"],"picked":"PiercingWail+1","floor":22.0},{"not_picked":["Calculated Gamble","Blade Dance"],"picked":"Dodge and Roll","floor":23.0},{"not_picked":["Dagger Throw","Deflect"],"picked":"Backflip+1","floor":24.0},{"not_picked":["All Out Attack","Slice","Well Laid Plans"],"picked":"SKIP","floor":25.0},{"not_picked":["Dodge and Roll","Flying Knee+1","ReplayTheSpireMod:Speed Training"],"picked":"SKIP","floor":29.0},{"not_picked":["Escape Plan","Deadly Poison","Quick Slash"],"picked":"SKIP","floor":30.0},{"not_picked":["PiercingWail","ReplayTheSpireMod:Exploit Weakness","Slice"],"picked":"SKIP","floor":35.0},{"not_picked":["Underhanded Strike","Quick Slash+1"],"picked":"Replay:Poison Smokescreen+1","floor":39.0},{"not_picked":["Acrobatics","Underhanded Strike","Quick Slash+1"],"picked":"SKIP","floor":40.0},{"not_picked":["Hidden Blade+1","Infinite Blades+1","Heel Hook"],"picked":"SKIP","floor":42.0},{"not_picked":["All Out Attack+1","Skewer","Bouncing Flask+1"],"picked":"SKIP","floor":47.0},{"not_picked":["Heel Hook+1","Sucker Punch"],"picked":"Outmaneuver+1","floor":48.0}],"player_experience":348382,"relics_obtained":[{"floor":6.0,"key":"Lizard Tail"},{"floor":9.0,"key":"Tingsha"},{"floor":20.0,"key":"Replay:Bottled Snecko"},{"floor":26.0,"key":"Anchor"},{"floor":28.0,"key":"Red Mask"},{"floor":29.0,"key":"Chameleon Ring"},{"floor":40.0,"key":"Ginger"},{"floor":40.0,"key":"Centennial Puzzle"},{"floor":43.0,"key":"Shuriken"}],"event_choices":[{"damage_healed":0.0,"max_hp_gain":0.0,"max_hp_loss":0.0,"gold_gain":75.0,"event_name":"World of Goop","player_choice":"Gather Gold","floor":11.0,"gold_loss":0.0,"damage_taken":11.0},{"cards_removed":["Finisher"],"damage_healed":0.0,"max_hp_gain":0.0,"max_hp_loss":0.0,"gold_gain":0.0,"event_name":"Purifier","player_choice":"Purged","floor":12.0,"gold_loss":0.0,"damage_taken":0.0},{"damage_healed":0.0,"max_hp_gain":0.0,"max_hp_loss":0.0,"gold_gain":0.0,"event_name":"The Library","player_choice":"Read","floor":19.0,"gold_loss":0.0,"damage_taken":0.0,"cards_obtained":["Catalyst"]},{"damage_healed":0.0,"max_hp_gain":0.0,"max_hp_loss":0.0,"gold_gain":0.0,"event_name":"Masked Bandits","player_choice":"Fought Bandits","floor":28.0,"gold_loss":0.0,"damage_taken":0.0},{"damage_healed":0.0,"max_hp_gain":0.0,"max_hp_loss":0.0,"gold_gain":0.0,"cards_transformed":["Strike_G","Defend_G"],"event_name":"Drug Dealer","player_choice":"Became Test Subject","floor":31.0,"gold_loss":0.0,"damage_taken":0.0,"cards_obtained":["Corpse Explosion","Prepared"]},{"cards_removed":["Defend_G"],"damage_healed":0.0,"max_hp_gain":0.0,"max_hp_loss":0.0,"gold_gain":0.0,"event_name":"Falling","player_choice":"Removed Skill","floor":36.0,"gold_loss":0.0,"damage_taken":0.0},{"damage_healed":0.0,"max_hp_gain":0.0,"max_hp_loss":0.0,"gold_gain":0.0,"event_name":"Lab","player_choice":"Got Potions","floor":45.0,"gold_loss":0.0,"damage_taken":0.0}],"is_beta":false,"boss_relics":[{"not_picked":["Kintsugi","Painkiller Herb"],"picked":"Ring of Chaos"},{"not_picked":["Astrolabe","Snecko Eye"],"picked":"Black Star"}],"items_purged_floors":[],"is_endless":false,"potions_floor_spawned":[1,5,8,13,18,28,30,35,40],"killed_by":"Awakened One","ascension_level":0}}