{"host":"nii9k1idymerq4qj","time":1611193833,"event":{"mods":["Act Like it!","Arknights The Spire","BaseMod","Colored Powertips","Minty Spire (QoL Compilation)","Remilia£®¿Ÿ√◊¿Ú—«£©","Replay The Spire","StSLib","Waifu the Spire","Yuyuko"],"gold_per_floor":[110,35,35,47,47,82,82,112,136,156,156,156,181,181,181,286,286,302,302,4,4,24,24,357,357,408,10,40,40,70,86,86,191,291,309,309,323,373,373,373,417,417,417,450,473,573,573,617,617,617],"floor_reached":51,"language":"ZHS","playtime":3874,"items_purged":["Defend_RM","Strike_RM"],"score":1423,"play_id":"f3490660-4f34-4132-86d0-2a36030a40b8","local_time":"20210121095033","is_ascension_mode":true,"campfire_choices":[{"data":"Pot Of Greed","floor":11,"key":"SMITH"},{"data":"ScarletShoot","floor":15,"key":"SMITH"},{"data":"BloodyCatastrophe","floor":23,"key":"SMITH"},{"data":"UnstableMagic","floor":25,"key":"SMITH"},{"floor":32,"key":"REST"},{"floor":40,"key":"DIG"},{"data":"Voices","floor":42,"key":"PURGE"}],"circlet_count":0,"master_deck":["Strike_RM","Strike_RM","Strike_RM","Defend_RM","Defend_RM","RedMoon+1","ScarletShoot+1","EternalNight","LeisurelyOfLord+1","Stigmanizer+1","RedMagic+1","Pot Of Greed+1","Pot Of Greed+1","BloodyCatastrophe+1","Necronomicurse","UnderTheZenith+1","ChaoticDestiny","BloodyHallows","ScarletNetherworld+1","BloodRain+1","CharismaGuard+1","Looming Evil","Pot Of Greed","DiffusionOfMisfortune","BloodyCatastrophe+1"],"relics":["ScarletHat","Juzu Bracelet","Replay:Wax Seal","PreservedInsect","Grinning Jar","War Paint","Strawberry","SlaversCollar","FairyMaid","TheAbacus","Vajra","Necronomicon","Old Coin","Replay:Rubber Ducky","Replay:Multitool","Mummified Hand","Onion Ring","Replay:Wanted Poster","Ring of Greed","Golden Idol","Golden Egg","Ring of Misfortune","Replay:Mystery Machine","Oddly Smooth Stone","Replay:Bottled Steam","Torii","Regal Pillow"],"acts_visited":["Exordium","TheCity","TheBeyond"],"potions_floor_usage":[16,33,41,48],"damage_taken":[{"damage":0,"enemies":"Jaw Worm","floor":1,"turns":4},{"damage":0,"enemies":"2 Louse","floor":4,"turns":2},{"damage":20,"enemies":"3 Sentries","floor":6,"turns":5},{"damage":4,"enemies":"Lagavulin","floor":8,"turns":5},{"damage":0,"enemies":"Cultist","floor":10,"turns":2},{"damage":0,"enemies":"3 Sentries","floor":13,"turns":6},{"damage":8,"enemies":"Slime Boss","floor":16,"turns":13},{"damage":4,"enemies":"Chosen","floor":18,"turns":4},{"damage":22,"enemies":"Shell Parasite","floor":22,"turns":2},{"damage":4,"enemies":"Replay:Snechameleon","floor":24,"turns":3},{"damage":8,"enemies":"Gremlin Leader","floor":28,"turns":4},{"damage":18,"enemies":"Replay:Snechameleon","floor":30,"turns":1},{"damage":6,"enemies":"Centurion and Healer","floor":31,"turns":6},{"damage":17,"enemies":"Pondfish","floor":33,"turns":8},{"damage":8,"enemies":"3 Darklings","floor":35,"turns":5},{"damage":5,"enemies":"Orb Walker","floor":37,"turns":2},{"damage":14,"enemies":"Reptomancer","floor":41,"turns":3},{"damage":16,"enemies":"Giant Head","floor":44,"turns":5},{"damage":8,"enemies":"Jaw Worm Horde","floor":45,"turns":2},{"damage":8,"enemies":"Nemesis","floor":48,"turns":3},{"damage":57,"enemies":"Awakened One","floor":50,"turns":6}],"seed_played":"-4251161805456608025","potions_obtained":[{"floor":8,"key":"Regen Potion"},{"floor":10,"key":"Strength Potion"},{"floor":13,"key":"SkillPotion"},{"floor":16,"key":"FearPotion"},{"floor":22,"key":"Elixir"},{"floor":31,"key":"Death Potion"},{"floor":37,"key":"Strength Potion"},{"floor":45,"key":"SteroidPotion"},{"floor":48,"key":"SteroidPotion"}],"is_trial":false,"path_per_floor":["M","$","?","M","?","E","?","E","T","M","R","?","E","?","R","B",null,"M","?","$","?","M","R","E","R","T","$","E","?","E","M","R","B",null,"M","?","M","?","?","R","E","R","T","E","M","?","?","E","R","B",null],"character_chosen":"REMILIA","items_purchased":["TheAbacus","Vajra","Replay:Multitool"],"campfire_rested":1,"item_purchase_floors":[20,20,27],"current_hp_per_floor":[75,75,75,75,75,55,55,56,56,58,58,58,58,65,65,66,78,77,77,77,61,43,43,45,45,45,45,39,33,18,21,45,47,73,69,69,64,64,64,64,50,50,50,66,60,60,60,52,82,82],"gold":617,"neow_bonus":"RANDOM_COMMON_RELIC","is_daily":false,"chose_seed":false,"campfire_upgraded":4,"win_rate":0.0,"timestamp":1611193833,"path_taken":["M","$","?","M","?","E","?","E","T","M","R","?","E","?","R","BOSS","M","?","$","?","M","R","E","R","T","?","E","?","E","M","R","BOSS","M","?","M","?","?","R","E","R","T","E","M","?","?","E","R","BOSS"],"items_purchased_type":["Relic","Relic","Relic"],"build_version":"2020-12-22","purchased_purges":2,"victory":true,"max_hp_per_floor":[75,75,75,75,75,75,75,75,75,75,75,75,75,82,82,82,82,82,82,82,82,82,82,82,82,82,82,82,82,82,82,82,82,82,82,82,82,82,82,82,82,82,82,82,82,82,82,82,82,82],"card_choices":[{"not_picked":["EndlessAdversity","VampireKiss"],"picked":"EternalNight","floor":1},{"not_picked":["UnderTheZenith","VampireKiss"],"picked":"Stigmanizer","floor":4},{"not_picked":["MastersStateliness","TricksterDevil","NightDance"],"picked":"SKIP","floor":6},{"not_picked":["BloodHunter","Stigmanizer"],"picked":"RedMagic","floor":8},{"not_picked":["RedMagic","CharismaGuard"],"picked":"UnstableMagic","floor":10},{"not_picked":["VampirishNight","Maim","RedNightlessCastle"],"picked":"SKIP","floor":13},{"not_picked":["CeilingFear","BloodySeventeenLaser"],"picked":"BloodyCatastrophe","floor":16},{"not_picked":["AfternoonTea+1","VampireKiss","BombardNight"],"picked":"SKIP","floor":18},{"not_picked":["VampireKiss","AfternoonTea"],"picked":"UnderTheZenith+1","floor":22},{"not_picked":["ScarletImprint","RedNightlessCastle","Ultimatum"],"picked":"SKIP","floor":24},{"not_picked":["BloodAndWine","LeisurelyOfLord","BloodyTrap"],"picked":"SKIP","floor":28},{"not_picked":["BombardNight","BloodHunter"],"picked":"ChaoticDestiny","floor":30},{"not_picked":["AfternoonTea","BombardNight","StarOfDavid"],"picked":"SKIP","floor":31},{"not_picked":["ForecastOfChange","BloodRain"],"picked":"BloodyHallows","floor":33},{"not_picked":["EmergencyRegeneration+1","CharismaGuard+1"],"picked":"ScarletNetherworld+1","floor":35},{"not_picked":["VampireKiss","StarOfDavid+1","ChainGang+1"],"picked":"SKIP","floor":37},{"not_picked":["BloodHunter+1","EndlessAdversity+1"],"picked":"BloodRain","floor":41},{"not_picked":["EmergencyRegeneration","EternalNight+1"],"picked":"CharismaGuard+1","floor":44},{"not_picked":["CharismaGuard+1","NightDance"],"picked":"DiffusionOfMisfortune","floor":45},{"not_picked":["VampireKiss","RedRainbow"],"picked":"BloodyCatastrophe","floor":48}],"player_experience":140346,"relics_obtained":[{"floor":6,"key":"Replay:Wax Seal"},{"floor":8,"key":"PreservedInsect"},{"floor":9,"key":"Grinning Jar"},{"floor":13,"key":"War Paint"},{"floor":21,"key":"Necronomicon"},{"floor":24,"key":"Old Coin"},{"floor":26,"key":"Replay:Rubber Ducky"},{"floor":28,"key":"Mummified Hand"},{"floor":30,"key":"Onion Ring"},{"floor":38,"key":"Ring of Greed"},{"floor":38,"key":"Golden Idol"},{"floor":38,"key":"Golden Egg"},{"floor":38,"key":"Ring of Misfortune"},{"floor":40,"key":"Replay:Mystery Machine"},{"floor":41,"key":"Oddly Smooth Stone"},{"floor":43,"key":"Replay:Bottled Steam"},{"floor":44,"key":"Torii"},{"floor":48,"key":"Regal Pillow"}],"event_choices":[{"damage_healed":0,"gold_gain":0,"player_choice":"Cursed","damage_taken":0,"max_hp_gain":0,"max_hp_loss":0,"event_name":"Wheel of Change","floor":5,"gold_loss":0,"cards_obtained":["Decay"]},{"damage_healed":0,"gold_gain":0,"player_choice":"Ignored","damage_taken":0,"max_hp_gain":0,"max_hp_loss":0,"event_name":"Liars Game","floor":7,"gold_loss":0},{"cards_removed":["Decay"],"damage_healed":0,"gold_gain":0,"player_choice":"Forget","damage_taken":0,"max_hp_gain":0,"max_hp_loss":0,"event_name":"Living Wall","floor":12,"gold_loss":0},{"damage_healed":0,"gold_gain":0,"player_choice":"Gave Potion","damage_taken":0,"relics_obtained":["Strawberry"],"max_hp_gain":0,"max_hp_loss":0,"event_name":"WeMeetAgain","floor":14,"gold_loss":0},{"damage_healed":0,"gold_gain":0,"player_choice":"Obtained Book","damage_taken":16,"max_hp_gain":0,"max_hp_loss":0,"event_name":"Cursed Tome","floor":21,"gold_loss":0},{"damage_healed":0,"gold_gain":0,"player_choice":"","damage_taken":6,"max_hp_gain":0,"max_hp_loss":0,"event_name":"Knowing Skull","floor":29,"potions_obtained":[],"gold_loss":0,"cards_obtained":[]},{"cards_removed":["UnstableMagic"],"damage_healed":0,"gold_gain":0,"player_choice":"Removed Skill","damage_taken":0,"max_hp_gain":0,"max_hp_loss":0,"event_name":"Falling","floor":36,"gold_loss":0},{"damage_healed":0,"gold_gain":0,"player_choice":"Ignored","damage_taken":0,"max_hp_gain":0,"max_hp_loss":0,"event_name":"SecretPortal","floor":39,"gold_loss":0},{"damage_healed":0,"gold_gain":100,"player_choice":"Pray","damage_taken":0,"max_hp_gain":0,"max_hp_loss":0,"event_name":"Golden Shrine","floor":46,"gold_loss":0},{"damage_healed":0,"gold_gain":0,"player_choice":"Ignored","damage_taken":0,"max_hp_gain":0,"max_hp_loss":0,"event_name":"The Moai Head","floor":47,"gold_loss":0}],"is_beta":false,"boss_relics":[{"not_picked":["Calling Bell","Ring of Chaos"],"picked":"SlaversCollar"},{"not_picked":["Replay:Ancient Bell","Velvet Choker"],"picked":"Replay:Wanted Poster"}],"items_purged_floors":[2,27],"is_endless":false,"potions_floor_spawned":[8,10,13,22,28,31,37,45,48],"ascension_level":5}}