{"host":"yb2vosf5gpvgythe","time":1611205484,"event":{"mods":["BaseMod","Downfall","Minty Spire (QoL Compilation)","StSLib","egg"],"gold_per_floor":[99,110,124,185,185,197,197,223,223,236,271,271,271,41,59,59,59,59],"floor_reached":16,"language":"ENG","playtime":1009,"items_purged":["hexamod:Strike"],"score":110,"play_id":"cd3c25e7-a385-4618-bf03-91d13d86b881","local_time":"20210121000444","is_ascension_mode":false,"campfire_choices":[{"data":"hexamod:Sear","floor":1,"key":"SMITH"},{"data":"hexamod:SpectersWail","floor":9,"key":"SMITH"},{"data":"hexamod:SpectersWail","floor":13,"key":"SMITH"}],"circlet_count":0,"master_deck":["hexamod:Strike","hexamod:Strike","hexamod:Strike","hexamod:Defend","hexamod:Defend","hexamod:Defend","hexamod:Defend","hexamod:Sear+1","hexamod:Float","hexamod:SpectersWail+1","hexamod:Firestarter","hexamod:BurningTouch+1","hexamod:Hexaguard","hexamod:SoulSteal","hexamod:SwordOfDarkness","hexamod:SpectersWail+1","hexamod:RainOfEmbers","hexamod:ForkedFlame","hexamod:Hexaguard","hexamod:FlameSwitch"],"relics":["hexamod:SpiritBrand","Akabeko","Happy Flower","Prayer Wheel","Tiny Chest","downfall:BrokenWingStatue"],"acts_visited":["Exordium"],"potions_floor_usage":[8,8,8,16,16,16,16,16,16],"damage_taken":[{"damage":0,"enemies":"Small Slimes","floor":2,"turns":3},{"damage":1,"enemies":"Cultist","floor":3,"turns":3},{"damage":21,"enemies":"3 Sentries","floor":4,"turns":7},{"damage":1,"enemies":"Jaw Worm","floor":6,"turns":3},{"damage":12,"enemies":"3 Sentries","floor":8,"turns":4},{"damage":0,"enemies":"Gremlin Gang","floor":10,"turns":1},{"damage":3,"enemies":"Gremlin Nob","floor":11,"turns":3},{"damage":0,"enemies":"downfall:FleeingMerchant","floor":14,"turns":4},{"damage":0,"enemies":"3 Louse","floor":15,"turns":1},{"damage":52,"enemies":"DF_ARCHETYPE_STREAMLINE","floor":16,"turns":6}],"seed_played":"1721469942572453555","potions_obtained":[{"floor":3,"key":"EntropicBrew"},{"floor":6,"key":"PowerPotion"},{"floor":15,"key":"SteroidPotion"}],"is_trial":false,"path_per_floor":["R","M","M","?","?","M","T","E","R","M","E","?","R","$","M","B"],"character_chosen":"THE_SPIRIT","items_purchased":["hexamod:ForkedFlame"],"campfire_rested":0,"item_purchase_floors":[14],"current_hp_per_floor":[77,77,76,55,55,54,54,42,42,42,39,39,39,39,39,0,0,0],"gold":59,"neow_bonus":"TEN_PERCENT_HP_BONUS","is_daily":false,"chose_seed":false,"campfire_upgraded":3,"win_rate":0.0,"timestamp":1611205484,"path_taken":["R","M","M","?","?","?","T","E","R","?","E","?","R","$","M","BOSS"],"items_purchased_type":["Card"],"build_version":"2020-12-22","purchased_purges":1,"victory":false,"max_hp_per_floor":[77,77,77,77,77,77,77,77,77,77,77,77,77,77,77,77,77,77],"card_choices":[{"not_picked":["hexamod:FastForward","hexamod:SwordOfDarkness"],"picked":"hexamod:SpectersWail","floor":2},{"not_picked":["hexamod:FastForward","hexamod:SecondSeal"],"picked":"hexamod:Firestarter","floor":3},{"not_picked":["hexamod:AdvancingGuard","hexamod:ShieldOfDarkness"],"picked":"hexamod:BurningTouch","floor":4},{"not_picked":["hexamod:SkipABeat","hexamod:TurnItUp","hexamod:GhostShield"],"picked":"SKIP","floor":6},{"not_picked":["hexamod:Again","hexamod:ThirdSeal"],"picked":"hexamod:Hexaguard","floor":8},{"not_picked":["hexamod:Firestarter","hexamod:NightmareStrike"],"picked":"hexamod:SoulSteal","floor":10},{"not_picked":["hexamod:GhostOfSpirePast","hexamod:FastForward"],"picked":"hexamod:SwordOfDarkness","floor":10},{"not_picked":["hexamod:TurnItUp","hexamod:RetreatToShadows"],"picked":"hexamod:SpectersWail","floor":11},{"not_picked":["hexamod:ExtraCrispy","hexamod:Hexaguard"],"picked":"hexamod:RainOfEmbers","floor":14},{"not_picked":["hexamod:GhostOfSpirePast","hexamod:SwordOfDarkness"],"picked":"hexamod:Hexaguard","floor":15},{"not_picked":["hexamod:GhostOfSpireFuture","hexamod:SecondSeal"],"picked":"hexamod:FlameSwitch","floor":15}],"player_experience":432584,"relics_obtained":[{"floor":7,"key":"Happy Flower"},{"floor":8,"key":"Prayer Wheel"},{"floor":11,"key":"Tiny Chest"}],"event_choices":[],"is_beta":false,"boss_relics":[],"items_purged_floors":[14],"is_endless":false,"potions_floor_spawned":[3,6,15],"killed_by":"DF_ARCHETYPE_STREAMLINE","ascension_level":0}}