{"host":"l60rmjjsfi0fipmi","time":1611197145,"event":{"mods":["BaseMod","Colored Map","DeckTracker","Highlight Path","Minty Spire (QoL Compilation)","StSLib","The Cursed","The Servant 0.9.4"],"gold_per_floor":[115,115,134,353,23,57,57,85,85,85,95,122,132,150,150,247,247,263,277,290,305,150,150,166,166,166,166,181,181,195,222,222,324,324,336,352,352,100,115,115,128,128,128,140,140,140,156,174,174,174],"floor_reached":51,"language":"ENG","playtime":3518,"items_purged":["Defend_G","Strike_G"],"score":835,"play_id":"b09feac7-a81d-4011-a888-5beb431595b6","local_time":"20210120214545","is_ascension_mode":true,"campfire_choices":[{"data":"Dodge and Roll","floor":7,"key":"SMITH"},{"data":"Well Laid Plans","floor":10,"key":"SMITH"},{"floor":15,"key":"REST"},{"floor":23,"key":"REST"},{"floor":25,"key":"REST"},{"floor":32,"key":"REST"},{"data":"Noxious Fumes","floor":40,"key":"SMITH"},{"data":"Caltrops","floor":42,"key":"SMITH"},{"data":"Leg Sweep","floor":46,"key":"SMITH"},{"floor":49,"key":"REST"}],"circlet_count":0,"master_deck":["Strike_G","Defend_G","Defend_G","Survivor","Neutralize","Well Laid Plans+1","Dodge and Roll+1","Caltrops+1","Slice","Die Die Die","Quick Slash","Noxious Fumes+1","Dodge and Roll+1","PiercingWail","Phantasmal Killer","Blade Dance+1","Bane","Leg Sweep+1","Noxious Fumes","Noxious Fumes","Masterful Stab","Underhanded Strike","After Image","Bane+1","Bouncing Flask+1","PiercingWail+1"],"relics":["Ring of the Snake","NeowsBlessing","Old Coin","HornCleat","Omamori","Matryoshka","Toy Ornithopter","CaptainsWheel","Tiny Chest","Empty Cage","Happy Flower","Ancient Tea Set","Bag of Preparation","HoveringKite","Anchor","Kunai"],"acts_visited":["Exordium","TheCity","TheBeyond"],"potions_floor_usage":[8,12,16,21,21,33,39,44,50,50,50],"damage_taken":[{"damage":0,"enemies":"Jaw Worm","floor":1,"turns":1},{"damage":0,"enemies":"Cultist","floor":3,"turns":1},{"damage":0,"enemies":"3 Sentries","floor":6,"turns":1},{"damage":24,"enemies":"Gremlin Nob","floor":8,"turns":6},{"damage":2,"enemies":"Small Slimes","floor":11,"turns":3},{"damage":2,"enemies":"3 Sentries","floor":12,"turns":7},{"damage":4,"enemies":"Gremlin Gang","floor":13,"turns":4},{"damage":7,"enemies":"Large Slime","floor":14,"turns":7},{"damage":15,"enemies":"Hexaghost","floor":16,"turns":12},{"damage":0,"enemies":"3 Byrds","floor":18,"turns":4},{"damage":9,"enemies":"Shell Parasite","floor":19,"turns":8},{"damage":32,"enemies":"Snake Plant","floor":20,"turns":6},{"damage":25,"enemies":"Centurion and Healer","floor":21,"turns":6},{"damage":9,"enemies":"Sentry and Sphere","floor":24,"turns":7},{"damage":4,"enemies":"Shelled Parasite and Fungi","floor":28,"turns":7},{"damage":0,"enemies":"3 Cultists","floor":30,"turns":3},{"damage":39,"enemies":"Collector","floor":33,"turns":9},{"damage":0,"enemies":"Orb Walker","floor":35,"turns":3},{"damage":17,"enemies":"3 Darklings","floor":36,"turns":6},{"damage":7,"enemies":"Writhing Mass","floor":39,"turns":7},{"damage":0,"enemies":"4 Shapes","floor":41,"turns":3},{"damage":5,"enemies":"Jaw Worm Horde","floor":44,"turns":3},{"damage":0,"enemies":"3 Darklings","floor":47,"turns":5},{"damage":0,"enemies":"4 Shapes","floor":48,"turns":7},{"damage":12,"enemies":"Awakened One","floor":50,"turns":15}],"seed_played":"-3983575246184715124","potions_obtained":[{"floor":1,"key":"GhostInAJar"},{"floor":2,"key":"Regen Potion"},{"floor":2,"key":"SpeedPotion"},{"floor":11,"key":"Energy Potion"},{"floor":12,"key":"GamblersBrew"},{"floor":13,"key":"ColorlessPotion"},{"floor":20,"key":"CunningPotion"},{"floor":21,"key":"Swift Potion"},{"floor":28,"key":"Regen Potion"},{"floor":33,"key":"ColorlessPotion"},{"floor":39,"key":"Swift Potion"},{"floor":41,"key":"Energy Potion"},{"floor":47,"key":"SpeedPotion"}],"is_trial":false,"path_per_floor":["M","?","M","?","$","E","R","E","T","R","M","E","M","M","R","B",null,"M","M","M","M","$","R","M","R","T","?","M","?","M","T","R","B",null,"M","M","?","$","M","R","M","R","T","M","?","R","M","M","R","B",null],"character_chosen":"THE_SILENT","items_purchased":["HornCleat","Caltrops","Noxious Fumes","Anchor"],"campfire_rested":5,"item_purchase_floors":[5,5,22,38],"current_hp_per_floor":[70,70,70,70,70,70,70,46,46,46,44,47,43,36,57,47,64,64,55,23,17,17,38,29,50,50,50,46,46,46,46,67,31,60,60,43,43,43,50,50,50,50,50,50,50,50,50,50,70,58],"gold":174,"neow_bonus":"THREE_ENEMY_KILL","is_daily":false,"chose_seed":false,"campfire_upgraded":5,"win_rate":0.0,"timestamp":1611197145,"path_taken":["M","?","?","?","$","E","R","E","T","R","M","E","M","M","R","BOSS","M","?","M","M","$","R","M","R","T","?","M","?","M","?","R","BOSS","M","M","?","$","M","R","?","R","T","M","?","R","M","M","R","BOSS"],"items_purchased_type":["Relic","Card","Card","Relic"],"build_version":"2020-12-22","purchased_purges":2,"victory":true,"max_hp_per_floor":[70,70,70,70,70,70,70,70,70,70,70,70,70,70,70,70,70,70,70,70,70,70,70,70,70,70,70,70,70,70,70,70,70,70,70,70,70,70,70,70,70,70,70,70,70,70,70,70,70,70],"card_choices":[{"not_picked":["Flechettes","Sucker Punch"],"picked":"Well Laid Plans","floor":1},{"not_picked":["Acrobatics","PiercingWail"],"picked":"Dodge and Roll","floor":3},{"not_picked":["Terror","Dagger Throw"],"picked":"Slice","floor":6},{"not_picked":["Slice","Poisoned Stab"],"picked":"Die Die Die","floor":8},{"not_picked":["Deadly Poison","Prepared"],"picked":"Quick Slash","floor":11},{"not_picked":["Calculated Gamble","Bane"],"picked":"Noxious Fumes","floor":12},{"not_picked":["All Out Attack","Caltrops"],"picked":"Dodge and Roll","floor":13},{"not_picked":["Setup","Bane"],"picked":"PiercingWail","floor":14},{"not_picked":["Night Terror","Wraith Form v2"],"picked":"Phantasmal Killer","floor":16},{"not_picked":["Sucker Punch","Flying Knee","Prepared"],"picked":"SKIP","floor":18},{"not_picked":["Infinite Blades","Deadly Poison"],"picked":"Blade Dance+1","floor":19},{"not_picked":["Skewer","Deflect"],"picked":"Bane","floor":20},{"not_picked":["PiercingWail","Predator"],"picked":"Leg Sweep","floor":21},{"not_picked":["Flying Knee+1","Acrobatics","Underhanded Strike"],"picked":"SKIP","floor":24},{"not_picked":["Cloak And Dagger","Masterful Stab"],"picked":"Noxious Fumes","floor":28},{"not_picked":["Tactician","Bane","Underhanded Strike+1"],"picked":"SKIP","floor":30},{"not_picked":["A Thousand Cuts","Burst"],"picked":"After Image","floor":33},{"not_picked":["Riddle With Holes","Infinite Blades+1"],"picked":"Bane+1","floor":35},{"not_picked":["Concentrate","PiercingWail","All Out Attack+1"],"picked":"SKIP","floor":36},{"not_picked":["Dagger Throw","Caltrops"],"picked":"Bouncing Flask+1","floor":39},{"not_picked":["Acrobatics+1","Dagger Throw"],"picked":"PiercingWail+1","floor":41},{"not_picked":["Flying Knee","Expertise","Sucker Punch+1"],"picked":"SKIP","floor":44},{"not_picked":["Deflect+1","Sucker Punch+1","Dagger Spray+1"],"picked":"SKIP","floor":47},{"not_picked":["Cloak And Dagger","Dodge and Roll","Doppelganger"],"picked":"SKIP","floor":48}],"player_experience":530081,"relics_obtained":[{"floor":6,"key":"Omamori"},{"floor":8,"key":"Matryoshka"},{"floor":9,"key":"Toy Ornithopter"},{"floor":9,"key":"CaptainsWheel"},{"floor":12,"key":"Tiny Chest"},{"floor":26,"key":"Happy Flower"},{"floor":26,"key":"Ancient Tea Set"},{"floor":31,"key":"Bag of Preparation"},{"floor":43,"key":"Kunai"}],"event_choices":[{"damage_healed":0,"gold_gain":0,"player_choice":"Got Potions","damage_taken":0,"max_hp_gain":0,"max_hp_loss":0,"event_name":"Lab","floor":2,"gold_loss":0},{"damage_healed":0,"gold_gain":0,"player_choice":"Paid Gold","damage_taken":0,"relics_obtained":["Old Coin"],"max_hp_gain":0,"max_hp_loss":0,"event_name":"WeMeetAgain","floor":4,"gold_loss":81},{"damage_healed":0,"gold_gain":0,"player_choice":"Ignored","damage_taken":0,"max_hp_gain":0,"max_hp_loss":0,"event_name":"Ghosts","floor":27,"gold_loss":0},{"damage_healed":0,"gold_gain":0,"cards_transformed":["Strike_G","Strike_G"],"player_choice":"Became Test Subject","damage_taken":0,"max_hp_gain":0,"max_hp_loss":0,"event_name":"Drug Dealer","floor":29,"gold_loss":0,"cards_obtained":["Masterful Stab","Underhanded Strike"]},{"cards_removed":["Defend_G"],"damage_healed":0,"gold_gain":0,"player_choice":"Purged","damage_taken":0,"max_hp_gain":0,"max_hp_loss":0,"event_name":"Purifier","floor":37,"gold_loss":0},{"damage_healed":0,"gold_gain":0,"player_choice":"Upgraded","damage_taken":0,"max_hp_gain":0,"max_hp_loss":0,"event_name":"Upgrade Shrine","floor":45,"gold_loss":0,"cards_upgraded":["Dodge and Roll"]}],"is_beta":false,"boss_relics":[{"not_picked":["Snecko Eye","Black Star"],"picked":"Empty Cage"},{"not_picked":["Velvet Choker","Philosopher\u0027s Stone"],"picked":"HoveringKite"}],"items_purged_floors":[22,38],"is_endless":false,"potions_floor_spawned":[1,11,12,13,14,20,21,28,33,39,41,47],"ascension_level":5}}