{"host":"gqhy17d1xpb1p3ki","time":1611267029,"event":{"mods":["2.2 Compatiblity","AchievementEnabler","BaseMod","Bestiary","BetterRewards","Colored Map","Colored Powertips","Conspire","Curses Come First","Custom Start","Downfall","Duelist Mod","Hermit","Infinite Spire","Marisa????????","Minty Spire (QoL Compilation)","Quick Restart","Rare Cards Sparkle","Remilia??????","Shop Mod","StSLib","Td1madao Mod","The Animator","The Bug Knight","The Cursed","The Disciple","The Hierophant","The Jungle","The Mystic","The Necromancer","The Runesmith","The Senshi","The Servant 0.9.4","Yuri Mod"],"gold_per_floor":[99,115,130,130,43,62,134,134,150,150,160,160,188,19,33,128,128,128,145,55,13,28,13,39,39,71,71,71,82,82,82,101,206,206,206,219,233,249,266,266,290,290,290,317,217,233,233,161,172,271,271,271,281,281],"floor_reached":53,"language":"ENG","playtime":4612,"items_purged":["Doubt"],"score":784,"play_id":"d2e12a32-0ddb-4fde-b933-e84d7a52752a","local_time":"20210121171029","is_ascension_mode":false,"campfire_choices":[{"data":"Runesmith:CraftFirestone","floor":1,"key":"SMITH"},{"data":"Runesmith:Firestorm","floor":8,"key":"SMITH"},{"data":"Runesmith:Attraction","floor":12,"key":"SMITH"},{"data":"Runesmith:CreatorForm","floor":18,"key":"SMITH"},{"data":"Runesmith:HeatExchange","floor":25,"key":"SMITH"},{"data":"Runesmith:HammerThrow","floor":27,"key":"SMITH"},{"data":"Runesmith:EnergizedChisel","floor":30,"key":"SMITH"},{"data":"infinitespire:NeuralNetwork","floor":35,"key":"SMITH"},{"data":"infinitespire:Collect","floor":40,"key":"SMITH"},{"data":"Runesmith:HeatedChisel","floor":43,"key":"SMITH"},{"data":"Runesmith:CraftMagma","floor":45,"key":"SMITH"},{"data":"Runesmith:ChaoticBlast","floor":52,"key":"SMITH"}],"circlet_count":0,"master_deck":["Runesmith:Strike_RS","Runesmith:Strike_RS","Runesmith:Strike_RS","Runesmith:Strike_RS","Runesmith:Defend_RS","Runesmith:Defend_RS","Runesmith:Defend_RS","Runesmith:Defend_RS","Runesmith:CraftFirestone+1","Runesmith:Fortify","Runesmith:EarthShield","Runesmith:CraftMagma+1","Runesmith:Permafrost","Runesmith:Firestorm+1","Runesmith:Attraction+1","Runesmith:HeatedChisel","Runesmith:HammerThrow+1","Runesmith:EnergizedChisel","Runesmith:CraftProtectio","Runesmith:CreatorForm+1","Runesmith:ChiselStab","Runesmith:Supernova","Runesmith:OneForEveryone","Runesmith:HammerThrow+1","Runesmith:HeatExchange+1","Runesmith:ChiselStab","Runesmith:UnstableHammer+1","Runesmith:RuneHurl","Runesmith:BackupBattery+1","Runesmith:Attraction+1","Runesmith:Discharge+1","Runesmith:EnergizedChisel+1","infinitespire:Collect+1","infinitespire:NeuralNetwork+1","Runesmith:HeatedChisel+1","Runesmith:FissionHammer","Runesmith:EnergizedChisel+1","Runesmith:CraftMagma+1","Parasite","Runesmith:CraftIncendium","Runesmith:FieryHammer+1","infinitespire:Execution+1","Runesmith:HeatExchange","Runesmith:LithiumIon+1","Runesmith:ReplicatingBarrier","Runesmith:ChaoticBlast+1","Runesmith:Reinforce+1","Runesmith:LithiumIon","Runesmith:LightningRod+1","Runesmith:ChargedHammer"],"relics":["Runesmith:BrokenRuby","HornCleat","Lizard Tail","Runesmith:UraniumAnvil","Bag of Marbles","Vajra","conspire:Boomerang","SlaversCollar","War Paint","Pantograph","Toxic Egg 2","downfall:HeartBlessingGreen","conspire:TreasureMap","Runic Pyramid"],"acts_visited":["Exordium","TheCity","TheBeyond","Exordium"],"potions_floor_usage":[16,26,44,50,50],"damage_taken":[{"damage":0,"enemies":"Jaw Worm","floor":2,"turns":4},{"damage":1,"enemies":"Cultist","floor":3,"turns":4},{"damage":0,"enemies":"downfall:FleeingMerchant","floor":5,"turns":4},{"damage":6,"enemies":"2 Louse","floor":6,"turns":3},{"damage":0,"enemies":"Exordium Wildlife","floor":9,"turns":3},{"damage":13,"enemies":"Lots of Slimes","floor":11,"turns":4},{"damage":9,"enemies":"Lagavulin","floor":13,"turns":6},{"damage":0,"enemies":"downfall:FleeingMerchant","floor":14,"turns":4},{"damage":0,"enemies":"Exordium Thugs","floor":15,"turns":3},{"damage":29,"enemies":"SI_SHIV_ARCHETYPE","floor":16,"turns":10},{"damage":4,"enemies":"Chosen","floor":19,"turns":6},{"damage":0,"enemies":"downfall:FleeingMerchant","floor":20,"turns":4},{"damage":0,"enemies":"downfall:FleeingMerchant","floor":21,"turns":4},{"damage":1,"enemies":"Shell Parasite","floor":22,"turns":5},{"damage":0,"enemies":"downfall:FleeingMerchant","floor":23,"turns":4},{"damage":23,"enemies":"Book of Stabbing","floor":26,"turns":5},{"damage":0,"enemies":"Snecko","floor":29,"turns":4},{"damage":1,"enemies":"Centurion and Healer","floor":32,"turns":5},{"damage":0,"enemies":"WA_ARCHETYPE_CALM","floor":33,"turns":5},{"damage":12,"enemies":"3 Darklings","floor":36,"turns":4},{"damage":1,"enemies":"3 Shapes","floor":37,"turns":6},{"damage":18,"enemies":"Writhing Mass","floor":38,"turns":7},{"damage":3,"enemies":"Maw","floor":39,"turns":7},{"damage":22,"enemies":"Nightmare","floor":44,"turns":7},{"damage":6,"enemies":"Spire Growth","floor":46,"turns":3},{"damage":9,"enemies":"downfall:FleeingMerchant","floor":48,"turns":4},{"damage":2,"enemies":"3 Darklings","floor":49,"turns":3},{"damage":45,"enemies":"IC_BLOCK_ARCHETYPE","floor":50,"turns":8},{"damage":0,"enemies":"Small Slimes","floor":53,"turns":3}],"seed_played":"-594447185518935433","potions_obtained":[{"floor":3,"key":"LiquidMemories"},{"floor":4,"key":"Ancient Potion"},{"floor":4,"key":"EntropicBrew"},{"floor":19,"key":"ColorlessPotion"},{"floor":32,"key":"Slimebound:ThreeZeroPotion"},{"floor":44,"key":"Guardian:BlockOnCardUsePotion"},{"floor":53,"key":"infinitespire:BlackPotion"}],"is_trial":false,"path_per_floor":["R","M","M","?","$","M","T","R","M","?","M","R","E","$","M","B",null,"R","M","$","$","M","$","T","R","E","R","?","M","R","AVR","M","B",null,"R","M","M","M","M","R","T","AVR","R","NM","R","M","?","$","M","B",null,"R","M"],"character_chosen":"RUNESMITH_CLASS","items_purchased":["Runesmith:Firestorm","Runesmith:CreatorForm","Runesmith:HeatExchange","Runesmith:ChiselStab","Runesmith:RuneHurl","conspire:TreasureMap","Runesmith:ChaoticBlast","Runesmith:Reinforce+1","Runesmith:LithiumIon"],"campfire_rested":0,"item_purchase_floors":[5,14,20,20,21,48,48,48,48],"current_hp_per_floor":[77,77,76,76,76,70,70,70,70,70,57,57,48,48,48,19,77,77,73,73,73,72,72,72,72,49,49,49,49,49,49,48,48,77,77,65,64,46,43,43,43,43,43,21,21,15,77,68,66,32,77,77,77,77],"gold":281,"neow_bonus":"TEN_PERCENT_HP_BONUS","is_daily":false,"chose_seed":false,"campfire_upgraded":12,"win_rate":0.0,"timestamp":1611267029,"path_taken":["R","M","M","?","$","?","T","R","M","?","M","R","E","?","M","BOSS","R","M","?","$","M","$","T","R","E","R","?","?","R","AVR","M","BOSS","R","M","M","M","M","R","T","AVR","R","NM","R","M","?","$","M","BOSS","R","M"],"items_purchased_type":["Card","Card","Card","Card","Card","Relic","Card","Card","Card"],"build_version":"2020-12-22","purchased_purges":1,"victory":false,"max_hp_per_floor":[77,77,77,77,77,77,77,77,77,77,77,77,77,77,77,77,77,77,77,77,77,77,77,77,77,77,77,77,77,77,77,77,77,77,77,77,77,77,77,77,77,77,77,77,77,77,77,77,77,77,77,77,77,77],"card_choices":[{"not_picked":["Runesmith:ShiftingStrike","Runesmith:ChaoticBlast"],"picked":"Runesmith:EarthShield","floor":2},{"not_picked":["Runesmith:CraftMedicinae","Runesmith:CraftIncendium"],"picked":"Runesmith:CraftMagma","floor":3},{"not_picked":["Runesmith:ChiselStab","Runesmith:Prism"],"picked":"Runesmith:Permafrost","floor":5},{"not_picked":["Runesmith:ChiselStab","Runesmith:Refine"],"picked":"Runesmith:Attraction","floor":6},{"not_picked":["Runesmith:HammerAndChisel","Runesmith:StaticCage"],"picked":"Runesmith:HeatedChisel","floor":9},{"not_picked":["Runesmith:CraftSpiculum","Runesmith:CraftMagma"],"picked":"Runesmith:HammerThrow","floor":11},{"not_picked":["Runesmith:Electrocute","Runesmith:NanitesCloud"],"picked":"Runesmith:EnergizedChisel","floor":13},{"not_picked":["Runesmith:HeatExchange","Runesmith:Repurpose"],"picked":"Runesmith:CraftProtectio","floor":14},{"not_picked":["Runesmith:HeatedChisel","Runesmith:CraftReservo"],"picked":"Runesmith:ChiselStab","floor":15},{"not_picked":["Runesmith:LastStand","Runesmith:CreatorForm"],"picked":"Runesmith:Supernova","floor":16},{"not_picked":["Runesmith:Prism","Runesmith:EnergizedChisel+1"],"picked":"Runesmith:OneForEveryone","floor":19},{"not_picked":["Runesmith:Overpower","Runesmith:StaticCage"],"picked":"Runesmith:HammerThrow+1","floor":20},{"not_picked":["Runesmith:ShiftingStrike+1","Runesmith:EarthShield"],"picked":"Runesmith:UnstableHammer+1","floor":21},{"not_picked":["Runesmith:CraftMagma","Runesmith:ShiftingStrike"],"picked":"Runesmith:BackupBattery","floor":22},{"not_picked":["Runesmith:HeatedChisel","Runesmith:MakeshiftArmor"],"picked":"Runesmith:Attraction+1","floor":23},{"not_picked":["Runesmith:LastStand","Runesmith:GenerateForcefield"],"picked":"Runesmith:Discharge+1","floor":26},{"not_picked":["Runesmith:HeatedChisel","Runesmith:Overpower+1"],"picked":"Runesmith:EnergizedChisel","floor":29},{"not_picked":["Runesmith:Accelerate","Runesmith:MakeshiftArmor"],"picked":"Runesmith:HeatedChisel","floor":32},{"not_picked":["Runesmith:LastStand","Runesmith:CraftMedicinae"],"picked":"Runesmith:FissionHammer","floor":33},{"not_picked":["Runesmith:ChiselStab","Runesmith:UnstableHammer"],"picked":"Runesmith:EnergizedChisel+1","floor":36},{"not_picked":["Runesmith:Permafrost+1","Runesmith:Overpower"],"picked":"Runesmith:CraftMagma","floor":37},{"not_picked":["Runesmith:RuneHurl+1","Runesmith:Permafrost+1"],"picked":"Runesmith:CraftIncendium","floor":38},{"not_picked":["Runesmith:Overpower","Runesmith:ChiselStab"],"picked":"Runesmith:FieryHammer+1","floor":39},{"not_picked":["infinitespire:NeuralNetwork","infinitespire:DeathsTouch"],"picked":"infinitespire:Execution+1","floor":44},{"not_picked":["Runesmith:CraftIncendium+1","Runesmith:Attraction+1"],"picked":"Runesmith:HeatExchange","floor":44},{"not_picked":["Runesmith:UnstableHammer+1","Runesmith:Prism+1"],"picked":"Runesmith:LithiumIon+1","floor":46},{"not_picked":["Runesmith:CraftProtectio+1","Runesmith:MakeshiftArmor+1"],"picked":"Runesmith:ReplicatingBarrier","floor":48},{"not_picked":["Runesmith:MakeshiftArmor+1","Runesmith:CraftIncendium+1","Runesmith:ShiftingStrike"],"picked":"SKIP","floor":49},{"not_picked":["Runesmith:Duplicate+1","Runesmith:Supernova+1"],"picked":"Runesmith:LightningRod+1","floor":50},{"not_picked":["Runesmith:StaticCage+1","Runesmith:CraftReservo+1"],"picked":"Runesmith:ChargedHammer","floor":53}],"player_experience":435171,"relics_obtained":[{"floor":7,"key":"HornCleat"},{"floor":13,"key":"Lizard Tail"},{"floor":24,"key":"Bag of Marbles"},{"floor":26,"key":"Vajra"},{"floor":41,"key":"War Paint"},{"floor":44,"key":"Toxic Egg 2"}],"event_choices":[{"damage_healed":0,"gold_gain":0,"player_choice":"Got Potions","damage_taken":0,"max_hp_gain":0,"max_hp_loss":0,"event_name":"Lab","floor":4,"gold_loss":0},{"damage_healed":0,"gold_gain":0,"player_choice":"Leave","damage_taken":0,"max_hp_gain":0,"max_hp_loss":0,"event_name":"conspire:Investor","floor":10,"gold_loss":0},{"damage_healed":0,"gold_gain":0,"player_choice":"Ignored","damage_taken":0,"max_hp_gain":0,"max_hp_loss":0,"event_name":"Ghosts","floor":28,"gold_loss":0}],"is_beta":false,"boss_relics":[{"not_picked":["Pandora\u0027s Box","Runic Dome"],"picked":"Runesmith:UraniumAnvil"},{"not_picked":["Sozu","Cursed Key"],"picked":"SlaversCollar"},{"not_picked":["bronze:MakeshiftBattery","Velvet Choker"],"picked":"Runic Pyramid"}],"items_purged_floors":[48],"is_endless":true,"potions_floor_spawned":[3,6,11,19,22,32,33,36,44,46,49,53],"killed_by":"Small Slimes","ascension_level":0}}