{"host":"sav7uxregyirlf69","time":1611226022,"event":{"mods":["AchievementEnabler","BaseMod","Colored Map","DeckTracker","Keyboard Shortcuts","Minty Spire (QoL Compilation)","READ ME - Guardian Mod","StSLib","SuperFastMode"],"gold_per_floor":[12,25,45,61,73,101,101,134,134,134,134],"floor_reached":10,"language":"KOR","playtime":197,"items_purged":[],"score":160,"play_id":"a5f7936c-fb47-429e-a8c7-fc3bbfc2f459","local_time":"20210121194702","is_ascension_mode":true,"campfire_choices":[{"data":"Rampage","floor":7,"key":"SMITH"}],"circlet_count":0,"master_deck":["AscendersBane","Strike_R","Strike_R","Strike_R","Strike_R","Strike_R","Defend_R","Defend_R","Defend_R","Defend_R","Bash","Master of Strategy","Pommel Strike","Reckless Charge","Dark Embrace","Cleave","Battle Trance","Rampage+1","Fire Breathing"],"relics":["Burning Blood","Prayer Wheel","PreservedInsect","Girya"],"acts_visited":["Exordium"],"potions_floor_usage":[5,6,8],"damage_taken":[{"damage":1,"enemies":"Cultist","floor":1,"turns":3},{"damage":7,"enemies":"Small Slimes","floor":2,"turns":3},{"damage":1,"enemies":"2 Louse","floor":3,"turns":2},{"damage":11,"enemies":"Blue Slaver","floor":4,"turns":3},{"damage":0,"enemies":"Gremlin Gang","floor":5,"turns":2},{"damage":43,"enemies":"3 Sentries","floor":6,"turns":6},{"damage":34,"enemies":"Gremlin Nob","floor":8,"turns":4},{"damage":10,"enemies":"3 Sentries","floor":10,"turns":2}],"seed_played":"-1408777086168416066","potions_obtained":[{"floor":2,"key":"Explosive Potion"},{"floor":5,"key":"EssenceOfSteel"},{"floor":6,"key":"SkillPotion"}],"is_trial":false,"path_per_floor":["M","M","M","M","M","E","R","E","T","E"],"character_chosen":"IRONCLAD","items_purchased":[],"campfire_rested":0,"item_purchase_floors":[],"current_hp_per_floor":[73,72,75,70,75,38,38,10,10,0,0],"gold":134,"neow_bonus":"RANDOM_COLORLESS_2","is_daily":false,"chose_seed":false,"campfire_upgraded":1,"win_rate":0.0,"timestamp":1611226022,"path_taken":["M","M","M","?","M","E","R","E","T","E"],"items_purchased_type":[],"build_version":"2020-12-22","purchased_purges":0,"victory":false,"max_hp_per_floor":[75,75,75,75,75,75,75,75,75,75,75],"card_choices":[{"not_picked":["Transmutation","Sadistic Nature"],"picked":"Master of Strategy","floor":0},{"not_picked":["Iron Wave","Armaments"],"picked":"Pommel Strike","floor":1},{"not_picked":["Headbutt","Brutality"],"picked":"Reckless Charge","floor":2},{"not_picked":["Ghostly Armor","Infernal Blade"],"picked":"Dark Embrace","floor":3},{"not_picked":["Sword Boomerang","Shockwave"],"picked":"Cleave","floor":4},{"not_picked":["Twin Strike","Flex"],"picked":"Battle Trance","floor":5},{"not_picked":["Blood for Blood","Clash"],"picked":"Rampage","floor":6},{"not_picked":["Dual Wield","Feel No Pain"],"picked":"Fire Breathing","floor":8}],"player_experience":1345617,"relics_obtained":[{"floor":6,"key":"Prayer Wheel"},{"floor":8,"key":"PreservedInsect"},{"floor":9,"key":"Girya"}],"event_choices":[],"is_beta":false,"boss_relics":[],"items_purged_floors":[],"is_endless":false,"potions_floor_spawned":[2,5,6],"killed_by":"3 Sentries","ascension_level":20}}