{"host":"jqa9y4qkalbx8qgz","time":1611221217,"event":{"mods":["Act Like it!","BaseMod","BetterRewards","CCEM","Downfall","Gensokyo","Marisa????????","Minty Spire (QoL Compilation)","Permanent Neow","Relic Stats","StSLib","Wandering Minibosses"],"gold_per_floor":[146,146,146,146,74,135,185,242,318,318,376,440,440,489,489,654,654,721,803,803,843,843],"floor_reached":21,"language":"ENG","playtime":1557,"items_purged":["Strike_MRS"],"score":398,"play_id":"0bc64330-22ce-4596-a99f-4bc2cb5b9d3d","local_time":"20210121122657","is_ascension_mode":true,"campfire_choices":[{"data":"UltimateShortwave","floor":13.0,"key":"SMITH"},{"data":"PulseMagic","floor":15,"key":"SMITH"}],"circlet_count":0,"master_deck":["Strike_MRS","Strike_MRS","Strike_MRS","Defend_MRS","Defend_MRS","Defend_MRS","Defend_MRS","MasterSpark","UpSweep","WitchOfGreed","IllusionStar","GalacticHalo","WitchOfGreed","OpenUniverse","downfall:Icky","downfall:Icky","UltimateShortwave+1","FairyDestructionRay+1","PulseMagic+1","EnergyRecoil","Robbery+1","AsteroidBelt","IllusionStar","Singularity","TreasureHunter+1","SporeBomb","EarthLightRay","Gensokyo:TurboGranny"],"relics":["MiniHakkero","SimpleLauncher","Molten Egg 2","WingedGreaves","StoneCalendar","Darkstone Periapt","Oddly Smooth Stone","Nunchaku","CaptainsWheel","Peace Pipe","Philosopher\u0027s Stone"],"acts_visited":["Exordium","Exordium"],"potions_floor_usage":[18,21],"damage_taken":[{"damage":1.0,"enemies":"Jaw Worm","floor":1.0,"turns":5.0},{"damage":7.0,"enemies":"3 Sentries","floor":6.0,"turns":4.0},{"damage":3.0,"enemies":"Small Slimes","floor":7.0,"turns":4.0},{"damage":6.0,"enemies":"Lagavulin","floor":8.0,"turns":7.0},{"damage":9.0,"enemies":"3 Sentries","floor":11.0,"turns":6.0},{"damage":0.0,"enemies":"Lagavulin","floor":12.0,"turns":5.0},{"damage":0,"enemies":"Cultist","floor":14,"turns":3},{"damage":1,"enemies":"Hexaghost","floor":16,"turns":9},{"damage":38,"enemies":"Gensokyo:3_Dogs","floor":18,"turns":7},{"damage":13,"enemies":"Gensokyo:Chomper","floor":19,"turns":7},{"damage":65,"enemies":"Gensokyo:3_Gloops","floor":21,"turns":5}],"seed_played":"-2408489642316976605","potions_obtained":[{"floor":1.0,"key":"champ:CounterPotion"},{"floor":6.0,"key":"Guardian:BlockOnCardUsePotion"},{"floor":7.0,"key":"Dexterity Potion"},{"floor":8.0,"key":"Block Potion"},{"floor":10.0,"key":"LiquidMemories"},{"floor":11.0,"key":"Explosive Potion"},{"floor":11.0,"key":"StarNLove"},{"floor":12.0,"key":"Fruit Juice"},{"floor":18,"key":"Ancient Potion"}],"is_trial":false,"path_per_floor":["M","?","?","?","$","E","M","E","T","?","E","E","R","M","R","B",null,"M","M","?","M"],"character_chosen":"MARISA","items_purchased":["SimpleLauncher","WitchOfGreed","IllusionStar","Molten Egg 2","GalacticHalo","StoneCalendar","WitchOfGreed","FairyDestructionRay+1"],"campfire_rested":0,"item_purchase_floors":[0,0,0,0,0,0,0,5],"current_hp_per_floor":[27,51,51,44,44,37,34,28,28,28,19,19,19,19,19,18,99,66,53,53,0,0],"gold":843,"neow_bonus":"","is_daily":false,"chose_seed":false,"campfire_upgraded":2,"win_rate":0.0,"timestamp":1611221217,"path_taken":["M","?","?","?","$","E","M","E","T","?","E","E","R","M","R","BOSS","M","M","?","M"],"items_purchased_type":["Relic","Card","Card","Relic","Card","Relic","Card","Card"],"build_version":"2020-12-22","purchased_purges":1,"victory":false,"max_hp_per_floor":[75,99,99,99,99,99,99,99,99,99,99,99,99,99,99,99,99,104,104,94,94,94],"relic_stats":{"Darkstone Periapt":24,"Peace Pipe":0,"Nunchaku":[3],"counters":[99,565],"StoneCalendar":[87],"obtain_stats":[{"Ice Cream":42,"CCEMRelics:PorcelainBowl":9,"Gremlin Horn":28,"CeramicFish":48,"Gensokyo:UndefinedDarkness":30,"Vajra":52,"downfall:HeartBlessingGreen":18,"Ginger":44,"CCEMRelics:DerglesHeadphones":45,"Old Coin":48,"Sozu":17,"Blood Vial":42,"Lizard Tail":44,"Centennial Puzzle":46,"HornCleat":25,"Sundial":46,"Strawberry":21,"Philosopher\u0027s Stone":34,"Prayer Wheel":0,"Kunai":56,"RampagingMagicTools":17,"Happy Flower":21,"Oddly Smooth Stone":6,"Pen Nib":0,"Du-Vu Doll":0,"OrangePellets":44,"CCEMRelics:FestiveHat":13,"Shuriken":30,"Bird Faced Urn":29,"Gensokyo:YoukaiFlower":12,"Molten Egg 2":0,"Black Star":34,"MiniHakkero":0,"StrikeDummy":42,"CCEMRelics:WarHorn":42,"Gensokyo:MarisaImprobabilityPotion":23,"Unceasing Top":37,"Meat on the Bone":55,"Darkstone Periapt":7,"AmplifyWand":54,"Regal Pillow":9,"Lantern":45,"Torii":45,"CCEMRelics:WrappedPresent":44,"Gensokyo:MarisaIngredientList":10,"CCEMRelics:Pendulum":53,"Mango":24,"StoneCalendar":0,"Gensokyo:NagashiBinaDoll":5,"expansioncontent:StudyCardRelic":17,"SproutingBranch":38,"Ancient Tea Set":13,"Gensokyo:PortableGap":3,"Smiling Mask":7,"ClockworkSouvenir":21,"Frozen Eye":30,"Dream Catcher":8,"Nunchaku":8,"Mummified Hand":40,"CCEMRelics:OverlyComfyChair":26,"downfall:HeartBlessingBlue":44,"Gambling Chip":24,"Toolbox":44,"Tiny Chest":30,"Gensokyo:OccultBall":4,"WingedGreaves":0,"SimpleLauncher":20,"CCEMRelics:OrganicArmor":40,"CCEMRelics:Barrel":9,"Potion Belt":43,"downfall:HeartBlessingRed":44,"Gensokyo:ConquerorOfFear":31,"Gensokyo:CelestialsFlawlessClothing":14,"Orichalcum":54,"MawBank":27,"Medical Kit":44,"Mercury Hourglass":46,"Calling Bell":42,"Peace Pipe":12,"Strange Spoon":20,"ShroomBag":31,"Gensokyo:EmptyGrave":39,"Anchor":44,"CaptainsWheel":11,"Busted Crown":34,"wanderingMiniBosses:CarrionFlame":11,"Ornamental Fan":26,"Orrery":0,"CCEMRelics:GrindingGear":26,"CCEMRelics:TinyMinotavrHorn":47,"Bag of Marbles":53,"Art of War":6,"Membership Card":47,"Toy Ornithopter":28,"TungstenRod":23},{"Ice Cream":47,"CCEMRelics:PorcelainBowl":29,"Gremlin Horn":12,"CeramicFish":83,"Gensokyo:UndefinedDarkness":74,"Vajra":86,"downfall:HeartBlessingGreen":66,"Ginger":48,"CCEMRelics:DerglesHeadphones":49,"Old Coin":83,"Sozu":34,"Blood Vial":79,"Lizard Tail":20,"Centennial Puzzle":21,"HornCleat":38,"Sundial":21,"Strawberry":36,"Philosopher\u0027s Stone":14,"Prayer Wheel":24,"Kunai":88,"RampagingMagicTools":66,"Happy Flower":7,"Oddly Smooth Stone":90,"Pen Nib":24,"Du-Vu Doll":24,"OrangePellets":20,"CCEMRelics:FestiveHat":32,"Shuriken":13,"Bird Faced Urn":74,"Gensokyo:YoukaiFlower":4,"Molten Egg 2":88,"Black Star":77,"MiniHakkero":0,"StrikeDummy":79,"CCEMRelics:WarHorn":79,"Gensokyo:MarisaImprobabilityPotion":8,"Unceasing Top":43,"Meat on the Bone":24,"Darkstone Periapt":3,"AmplifyWand":23,"Regal Pillow":60,"Lantern":81,"Torii":81,"CCEMRelics:WrappedPresent":20,"Gensokyo:MarisaIngredientList":4,"CCEMRelics:Pendulum":22,"Mango":9,"StoneCalendar":88,"Gensokyo:NagashiBinaDoll":54,"expansioncontent:StudyCardRelic":6,"SproutingBranch":79,"Ancient Tea Set":5,"Gensokyo:PortableGap":26,"Smiling Mask":58,"ClockworkSouvenir":36,"Frozen Eye":12,"Dream Catcher":29,"Nunchaku":92,"Mummified Hand":19,"CCEMRelics:OverlyComfyChair":72,"downfall:HeartBlessingBlue":80,"Gambling Chip":9,"Toolbox":20,"Tiny Chest":40,"Gensokyo:OccultBall":54,"WingedGreaves":52,"SimpleLauncher":7,"CCEMRelics:OrganicArmor":19,"CCEMRelics:Barrel":4,"Potion Belt":47,"downfall:HeartBlessingRed":80,"Gensokyo:ConquerorOfFear":75,"Gensokyo:CelestialsFlawlessClothing":5,"Orichalcum":23,"MawBank":11,"Medical Kit":20,"Mercury Hourglass":21,"Calling Bell":79,"Peace Pipe":94,"Strange Spoon":7,"ShroomBag":75,"Gensokyo:EmptyGrave":79,"Anchor":20,"CaptainsWheel":93,"Busted Crown":42,"wanderingMiniBosses:CarrionFlame":30,"Ornamental Fan":38,"Orrery":24,"CCEMRelics:GrindingGear":10,"CCEMRelics:TinyMinotavrHorn":50,"Bag of Marbles":22,"Art of War":28,"Membership Card":21,"Toy Ornithopter":12,"TungstenRod":37},{"Ice Cream":234,"CCEMRelics:PorcelainBowl":119,"Gremlin Horn":43,"CeramicFish":455,"Gensokyo:UndefinedDarkness":393,"Vajra":490,"downfall:HeartBlessingGreen":334,"Ginger":239,"CCEMRelics:DerglesHeadphones":242,"Old Coin":455,"Sozu":149,"Blood Vial":419,"Lizard Tail":76,"Centennial Puzzle":83,"HornCleat":173,"Sundial":77,"Strawberry":161,"Philosopher\u0027s Stone":56,"Prayer Wheel":97,"Kunai":498,"RampagingMagicTools":334,"Happy Flower":27,"Oddly Smooth Stone":512,"Pen Nib":97,"Du-Vu Doll":97,"OrangePellets":76,"CCEMRelics:FestiveHat":137,"Shuriken":49,"Bird Faced Urn":393,"Gensokyo:YoukaiFlower":14,"Molten Egg 2":503,"Black Star":413,"MiniHakkero":0,"StrikeDummy":419,"CCEMRelics:WarHorn":419,"Gensokyo:MarisaImprobabilityPotion":30,"Unceasing Top":201,"Meat on the Bone":91,"Darkstone Periapt":11,"AmplifyWand":88,"Regal Pillow":298,"Lantern":439,"Torii":439,"CCEMRelics:WrappedPresent":76,"Gensokyo:MarisaIngredientList":14,"CCEMRelics:Pendulum":87,"Mango":35,"StoneCalendar":503,"Gensokyo:NagashiBinaDoll":272,"expansioncontent:StudyCardRelic":23,"SproutingBranch":419,"Ancient Tea Set":18,"Gensokyo:PortableGap":104,"Smiling Mask":291,"ClockworkSouvenir":161,"Frozen Eye":45,"Dream Catcher":119,"Nunchaku":523,"Mummified Hand":69,"CCEMRelics:OverlyComfyChair":380,"downfall:HeartBlessingBlue":428,"Gambling Chip":35,"Toolbox":76,"Tiny Chest":182,"Gensokyo:OccultBall":272,"WingedGreaves":267,"SimpleLauncher":27,"CCEMRelics:OrganicArmor":72,"CCEMRelics:Barrel":14,"Potion Belt":234,"downfall:HeartBlessingRed":428,"Gensokyo:ConquerorOfFear":398,"Gensokyo:CelestialsFlawlessClothing":18,"Orichalcum":90,"MawBank":41,"Medical Kit":76,"Mercury Hourglass":77,"Calling Bell":419,"Peace Pipe":534,"Strange Spoon":27,"ShroomBag":398,"Gensokyo:EmptyGrave":419,"Anchor":76,"CaptainsWheel":529,"Busted Crown":195,"wanderingMiniBosses:CarrionFlame":126,"Ornamental Fan":173,"Orrery":97,"CCEMRelics:GrindingGear":38,"CCEMRelics:TinyMinotavrHorn":247,"Bag of Marbles":87,"Art of War":113,"Membership Card":83,"Toy Ornithopter":42,"TungstenRod":165}]},"card_choices":[{"not_picked":["MysteriousBeam+1","SporeBomb"],"picked":"OpenUniverse","floor":1.0},{"not_picked":["ChargingUp","OrrerysSun"],"picked":"PulseMagic","floor":6.0},{"not_picked":["MysteriousBeam+1","MeteoricShower+1"],"picked":"EnergyRecoil","floor":7.0},{"not_picked":["StarBarrage+1","DarkMatter"],"picked":"Robbery+1","floor":8.0},{"not_picked":["LuminesStrike+1","NonDirectionalLaser+1"],"picked":"AsteroidBelt","floor":11.0},{"not_picked":["MysteriousBeam+1","DC+1"],"picked":"IllusionStar","floor":12.0},{"not_picked":["GalacticHalo","SuperPerseids"],"picked":"Singularity","floor":14},{"not_picked":["MaximisePower","FinalSpark+1"],"picked":"TreasureHunter+1","floor":16},{"not_picked":["StarBarrage+1","GrandCross+1"],"picked":"SporeBomb","floor":18},{"not_picked":["WitchOfGreed+1","DC+1"],"picked":"EarthLightRay","floor":19},{"not_picked":["Gensokyo:Doppelganger","Gensokyo:MenInBlack"],"picked":"Gensokyo:TurboGranny","floor":20}],"player_experience":296084,"relics_obtained":[{"floor":6.0,"key":"Oddly Smooth Stone"},{"floor":8.0,"key":"Nunchaku"},{"floor":11.0,"key":"CaptainsWheel"},{"floor":12.0,"key":"Peace Pipe"}],"event_choices":[{"cards_removed":["Normality"],"damage_healed":0.0,"max_hp_gain":0.0,"max_hp_loss":0.0,"gold_gain":0.0,"event_name":"Living Wall","player_choice":"Forget","floor":3.0,"gold_loss":0.0,"damage_taken":0.0},{"cards_removed":["downfall:Malfunctioning"],"damage_healed":0.0,"max_hp_gain":0.0,"max_hp_loss":0.0,"gold_gain":0.0,"event_name":"Golden Wing","player_choice":"Card Removal","floor":4.0,"gold_loss":0.0,"damage_taken":7.0},{"damage_healed":0.0,"max_hp_gain":0.0,"max_hp_loss":0.0,"gold_gain":0.0,"event_name":"Lab","player_choice":"Got Potions","floor":10.0,"gold_loss":0.0,"damage_taken":0.0}],"is_beta":false,"boss_relics":[{"not_picked":["Runic Dome","Velvet Choker"],"picked":"Philosopher\u0027s Stone"}],"items_purged_floors":[0],"is_endless":false,"potions_floor_spawned":[7,8,11],"killed_by":"Gensokyo:3_Gloops","ascension_level":1}}