{"host":"zbnzt2a7xtzvv3dm","time":1611268338,"event":{"mods":["2.2 Compatiblity","Aspiration","BaseMod","Beaked The Cultist","BetterRewards","Conspire","Downfall","GifTheSpireLib","Googly Eyes","Hermit","Highlight Path","Hubris","Infinite Spire","Marisa????????","Minty Spire (QoL Compilation)","Shop Mod","StSLib","Strawberry Spire","Stuff the Spire","The Administrix","The Animator","The Construct","The Cursed","The Disciple","The Jungle","The Runesmith","The Servant 0.9.4","TheFirefly","Unceasing Turn Reminder"],"gold_per_floor":[111,111,111,124,136,163,176,176,201,232,232,250,250,25,25,126,126,142,162,162,81,96,96,114,114,114],"floor_reached":25,"language":"ENG","playtime":2315,"items_purged":[],"score":213,"play_id":"3b76f52a-6acb-466b-b8d9-bec8eeb89ccd","local_time":"20210121143218","is_ascension_mode":false,"campfire_choices":[{"floor":13,"key":"REST"},{"floor":15,"key":"RECALL"},{"floor":23,"key":"REST"}],"circlet_count":0,"master_deck":["Runesmith:Strike_RS","Runesmith:Strike_RS","Runesmith:Strike_RS","Runesmith:Strike_RS","Runesmith:Defend_RS","Runesmith:Defend_RS","Runesmith:Defend_RS","Runesmith:Defend_RS","Runesmith:CraftFirestone","Runesmith:Fortify","Runesmith:HeatExchange","Runesmith:Firestorm","sneckomod:UnknownUncommonAttack","Runesmith:HammerThrow","Runesmith:HammerThrow","sneckomod:UnknownClassRUNESMITH_BEIGE","Runesmith:Fortify","Forethought","Runesmith:CraftMagma","Runesmith:CraftMedicinae","Runesmith:PoweredAnvil","Runesmith:BackupBattery","Runesmith:LithiumIon","Runesmith:CraftMagma","sneckomod:Unknown0Cost","Runesmith:Accelerate"],"relics":["Runesmith:BrokenRuby","hubris:MedicalManual","hubris:DisguiseKit","aspiration:HummingbirdHeart","Bag of Marbles","Membership Card","Tiny Chest","hubris:Backtick","strawberrySpire:InflatableHammer","MerchantsRug"],"acts_visited":["Exordium","TheCity"],"potions_floor_usage":[6,10,16,19,22,24,25],"damage_taken":[{"damage":0,"enemies":"Small Slimes","floor":1,"turns":4},{"damage":0,"enemies":"infinitespire:Voidling","floor":4,"turns":4},{"damage":0,"enemies":"conspire:RoseBush","floor":5,"turns":3},{"damage":4,"enemies":"Gremlin Nob","floor":6,"turns":3},{"damage":4,"enemies":"Red Slaver","floor":7,"turns":3},{"damage":21,"enemies":"3 Sentries","floor":10,"turns":6},{"damage":0,"enemies":"3 Louse","floor":12,"turns":3},{"damage":8,"enemies":"The Guardian","floor":16,"turns":12},{"damage":8,"enemies":"conspire:FuzzyDice","floor":18,"turns":5},{"damage":25,"enemies":"Chosen","floor":19,"turns":6},{"damage":0,"enemies":"3 Cultists","floor":22,"turns":4},{"damage":25,"enemies":"Snake Plant","floor":24,"turns":6},{"damage":50,"enemies":"Nightmare","floor":25,"turns":8}],"seed_played":"-7487877352034321292","potions_obtained":[{"floor":1,"key":"hexamod:SoulburnPotion"},{"floor":4,"key":"Ancient Potion"},{"floor":6,"key":"Dexterity Potion"},{"floor":7,"key":"Ancient Potion"},{"floor":19,"key":"Explosive Potion"},{"floor":22,"key":"Ancient Potion"},{"floor":24,"key":"Block Potion"}],"is_trial":false,"path_per_floor":["M","?","$","M","M","E","M","?","T","E","?","M","R","$","R","B",null,"M","M","?","$","M","R","M","NM"],"character_chosen":"RUNESMITH_CLASS","items_purchased":["Runesmith:HeatExchange","hubris:DisguiseKit","aspiration:HummingbirdHeart","Membership Card","Tiny Chest","Runesmith:LithiumIon","MerchantsRug","Runesmith:CraftMagma"],"campfire_rested":2,"item_purchase_floors":[0,0,0,14,14,21,21,21],"current_hp_per_floor":[38,45,45,45,45,41,37,40,40,19,19,19,40,40,40,32,73,65,40,45,45,45,66,43,0,0],"gold":114,"neow_bonus":"","is_daily":false,"chose_seed":false,"campfire_upgraded":0,"win_rate":0.0,"timestamp":1611268338,"path_taken":["M","?","$","?","M","E","M","?","T","E","?","?","R","$","R","BOSS","M","M","?","?","M","R","M","NM"],"items_purchased_type":["Card","Relic","Relic","Relic","Relic","Card","Relic","Card"],"build_version":"2020-12-22","purchased_purges":0,"victory":false,"max_hp_per_floor":[70,70,70,70,70,70,70,73,73,73,73,73,73,73,73,73,73,73,73,73,73,73,73,73,73,73],"card_choices":[{"not_picked":["Runesmith:ChiselStab","Runesmith:CraftMagma","sneckomod:UnknownClassTHE_UNNAMED"],"picked":"Runesmith:Firestorm","floor":1},{"not_picked":["Runesmith:Terraform","Runesmith:RuneHurl","Runesmith:ElementalConversion"],"picked":"sneckomod:UnknownUncommonAttack","floor":4},{"not_picked":["Runesmith:RuneHurl","Runesmith:MakeshiftArmor","sneckomod:DefensiveFlair"],"picked":"Runesmith:HammerThrow","floor":5},{"not_picked":["Runesmith:Discharge","Runesmith:GoWithTheFlow","Runesmith:MakeshiftArmor"],"picked":"sneckomod:UnknownClassINFINITE_BLACK","floor":6},{"not_picked":["Runesmith:UnstableHammer","Runesmith:MakeshiftArmor","sneckomod:UnknownClassCrowbot"],"picked":"Runesmith:HammerThrow","floor":7},{"not_picked":["Runesmith:PerfectChisel","Runesmith:HeatExchange","Runesmith:Malloc"],"picked":"sneckomod:UnknownClassRUNESMITH_BEIGE","floor":10},{"not_picked":["Runesmith:MakeshiftArmor","Runesmith:Terraform","sneckomod:UnknownClassINFINITE_BLACK"],"picked":"Runesmith:CraftMagma","floor":12},{"not_picked":["Runesmith:MetallurgicalResearch","Runesmith:DuctTape","sneckomod:UnlimitedRolls"],"picked":"Runesmith:CraftMedicinae","floor":16},{"not_picked":["Runesmith:HeatExchange+1","Runesmith:RuneHurl","sneckomod:UnknownClassLichGold"],"picked":"Runesmith:PoweredAnvil","floor":18},{"not_picked":["Runesmith:StaticCage","Runesmith:CraftSpiculum","sneckomod:MasterEye"],"picked":"Runesmith:BackupBattery","floor":19},{"not_picked":["Runesmith:HeatExchange+1","Runesmith:Reinforce","Runesmith:FrozenChisel"],"picked":"sneckomod:Unknown0Cost","floor":22},{"not_picked":["Runesmith:MakeshiftArmor","Runesmith:CraftIncendium","sneckomod:QuickMove"],"picked":"Runesmith:Accelerate","floor":24}],"player_experience":337440,"relics_obtained":[{"floor":6,"key":"aspiration:TomeofQuesting"},{"floor":10,"key":"Bag of Marbles"}],"event_choices":[{"damage_healed":0,"gold_gain":0,"player_choice":"2 cards matched","damage_taken":0,"max_hp_gain":0,"max_hp_loss":0,"event_name":"Match and Keep!","floor":11,"gold_loss":0,"cards_obtained":["Runesmith:Fortify","Forethought"]},{"cards_removed":["sneckomod:UnknownClassINFINITE_BLACK"],"damage_healed":5,"gold_gain":0,"player_choice":"Offered Common","damage_taken":0,"max_hp_gain":0,"max_hp_loss":0,"event_name":"Bonfire Elementals","floor":20,"gold_loss":0},{"cards_removed":["sneckomod:UnknownClassINFINITE_BLACK"],"damage_healed":5,"gold_gain":0,"player_choice":"Offered Special","damage_taken":0,"max_hp_gain":0,"max_hp_loss":0,"event_name":"Bonfire Elementals","floor":20,"gold_loss":0}],"is_beta":false,"boss_relics":[{"not_picked":["Busted Crown","aspiration:DefectSkillbook"],"picked":"hubris:Backtick"}],"items_purged_floors":[],"is_endless":false,"potions_floor_spawned":[1,4,6,7,19,22,24],"killed_by":"Nightmare","ascension_level":0}}