{"host":"nkolxg4se00n20yf","time":1611225336,"event":{"mods":["BaseMod","CatGirl Mod","Chen","Colored Map","Colored Powertips","Downfall","Friendly Minions","Infinite Spire","Kiyohime????","Marisa????????","Minty Spire (QoL Compilation)","StSLib","Td1madao Mod","The Administrix","The Cursed","The Exalted","The Hierophant","The Servant 0.9.4"],"gold_per_floor":[114,289,302,317,317,345,345,345,427,445,445,4,18,35,35,136,136,155,155,155,155,172,191,201,235,287,287,303,303,78,88,88,189,189,206,206,253,253,253],"floor_reached":38,"language":"ENG","playtime":1495,"items_purged":["Pain"],"score":714,"play_id":"67bfef11-00c6-4383-872a-24b59cb63fa8","local_time":"20210121113536","is_ascension_mode":true,"campfire_choices":[{"floor":7.0,"key":"REST"},{"floor":11.0,"key":"REST"},{"data":"Go for the Eyes","floor":15.0,"key":"SMITH"},{"floor":27.0,"key":"REST"},{"floor":32.0,"key":"REST"}],"circlet_count":0,"master_deck":["AscendersBane","Strike_B","Strike_B","Strike_B","Strike_B","Defend_B","Defend_B","Defend_B","Defend_B","Zap+1","Dualcast","Steam Power","Rebound","Ball Lightning","Go for the Eyes+1","Cold Snap","Doom and Gloom","Ball Lightning","Buffer","Conserve Battery","Tempest","Sweeping Beam+1","Creative AI","Conserve Battery+1","Glacier","Fission","Beam Cell+1","Sadistic Nature"],"relics":["Cracked Core","CaptainsWheel","infinitespire:Golems Mask","Darkstone Periapt","FossilizedHelix","Runic Capacitor","Nuclear Battery","WarpedTongs","WingedGreaves","PreservedInsect","infinitespire:Beetle Shell","Inserter","Unceasing Top"],"acts_visited":["Exordium","TheCity","TheBeyond"],"potions_floor_usage":[],"damage_taken":[{"damage":1.0,"enemies":"2 Louse","floor":1.0,"turns":2.0},{"damage":12.0,"enemies":"Jaw Worm","floor":3.0,"turns":4.0},{"damage":1.0,"enemies":"Cultist","floor":4.0,"turns":3.0},{"damage":29.0,"enemies":"Lagavulin","floor":6.0,"turns":5.0},{"damage":2.0,"enemies":"Looter","floor":10.0,"turns":3.0},{"damage":6.0,"enemies":"2 Fungi Beasts","floor":13.0,"turns":2.0},{"damage":0.0,"enemies":"Blue Slaver","floor":14.0,"turns":2.0},{"damage":0.0,"enemies":"Slime Boss","floor":16.0,"turns":6.0},{"damage":7.0,"enemies":"Shell Parasite","floor":18.0,"turns":4.0},{"damage":0.0,"enemies":"2 Thieves","floor":22.0,"turns":3.0},{"damage":7.0,"enemies":"Centurion and Healer","floor":23.0,"turns":6.0},{"damage":0.0,"enemies":"Shelled Parasite and Fungi","floor":24.0,"turns":4.0},{"damage":45.0,"enemies":"Slavers","floor":25.0,"turns":4.0},{"damage":25.0,"enemies":"3 Cultists","floor":28.0,"turns":5.0},{"damage":5.0,"enemies":"Centurion and Healer","floor":31.0,"turns":6.0},{"damage":18.0,"enemies":"Automaton","floor":33.0,"turns":11.0},{"damage":17.0,"enemies":"3 Shapes","floor":35.0,"turns":5.0},{"damage":20.0,"enemies":"2 Orb Walkers","floor":37.0,"turns":5.0},{"damage":38,"enemies":"3 Darklings","floor":38,"turns":2}],"seed_played":"180825711639476073","potions_obtained":[{"floor":1.0,"key":"Energy Potion"},{"floor":14.0,"key":"Fire Potion"},{"floor":16.0,"key":"GamblersBrew"},{"floor":22.0,"key":"Energy Potion"},{"floor":24.0,"key":"Swift Potion"},{"floor":31.0,"key":"LiquidBronze"},{"floor":33.0,"key":"EntropicBrew"}],"is_trial":false,"path_per_floor":["M","?","M","M","?","E","R","T","T","M","R","$","M","M","R","B",null,"M","?","?","?","M","M","M","E","T","R","M","?","$","M","R","B",null,"M","?","?","M"],"character_chosen":"DEFECT","items_purchased":["FossilizedHelix","Runic Capacitor","infinitespire:Beetle Shell"],"campfire_rested":4,"item_purchase_floors":[12,12,30],"current_hp_per_floor":[67,67,55,54,47,18,40,40,40,38,60,60,54,54,54,54,70,63,63,63,69,69,62,62,17,17,41,16,16,16,11,35,17,65,48,48,28,0,0],"gold":253,"neow_bonus":"UPGRADE_CARD","is_daily":false,"chose_seed":false,"campfire_upgraded":1,"win_rate":0.0,"timestamp":1611225336,"path_taken":["M","?","M","M","?","E","R","?","T","M","R","$","M","M","R","BOSS","M","?","?","?","M","M","M","E","T","R","?","?","$","M","R","BOSS","M","?","?","M"],"items_purchased_type":["Relic","Relic","Relic"],"build_version":"2020-12-22","purchased_purges":1,"victory":false,"max_hp_per_floor":[75,75,75,75,75,75,75,75,75,75,75,75,75,75,75,75,75,75,75,75,81,81,81,81,81,81,81,81,81,81,81,81,81,81,81,81,81,81,81],"card_choices":[{"not_picked":["Stack","Force Field"],"picked":"Steam Power","floor":1.0},{"not_picked":["Tempest","Redo"],"picked":"Rebound","floor":3.0},{"not_picked":["Static Discharge","Hologram"],"picked":"Ball Lightning","floor":4.0},{"not_picked":["Redo","Cold Snap"],"picked":"Go for the Eyes","floor":6.0},{"not_picked":["White Noise","Glacier"],"picked":"Cold Snap","floor":10.0},{"not_picked":["Heatsinks","Redo"],"picked":"Doom and Gloom","floor":13.0},{"not_picked":["Cold Snap","Stack"],"picked":"Ball Lightning","floor":14.0},{"not_picked":["Seek","Fission"],"picked":"Buffer","floor":16.0},{"not_picked":["Ball Lightning","Go for the Eyes","Darkness"],"picked":"SKIP","floor":18.0},{"not_picked":["Recycle","Turbo+1"],"picked":"Tempest","floor":22.0},{"not_picked":["Hologram","Blizzard","Barrage"],"picked":"SKIP","floor":23.0},{"not_picked":["Steam","Beam Cell"],"picked":"Sweeping Beam+1","floor":24.0},{"not_picked":["FTL","Reprogram"],"picked":"Creative AI","floor":25.0},{"not_picked":["Recycle","Beam Cell"],"picked":"Conserve Battery+1","floor":28.0},{"not_picked":["Rebound","Compile Driver"],"picked":"Glacier","floor":31.0},{"not_picked":["Rainbow","Meteor Strike"],"picked":"Fission","floor":33.0},{"not_picked":["Sweeping Beam","Redo"],"picked":"Beam Cell+1","floor":35.0},{"not_picked":["Impatience","Jack Of All Trades"],"picked":"Sadistic Nature","floor":36.0}],"player_experience":1118607,"relics_obtained":[{"floor":6.0,"key":"CaptainsWheel"},{"floor":8.0,"key":"infinitespire:Golems Mask"},{"floor":9.0,"key":"Darkstone Periapt"},{"floor":25.0,"key":"WingedGreaves"},{"floor":26.0,"key":"PreservedInsect"},{"floor":37.0,"key":"Unceasing Top"}],"event_choices":[{"damage_healed":0.0,"max_hp_gain":0.0,"max_hp_loss":0.0,"gold_gain":175.0,"event_name":"Liars Game","player_choice":"AGREE","floor":2.0,"gold_loss":0.0,"damage_taken":0.0,"cards_obtained":["Doubt"]},{"cards_removed":["Doubt"],"damage_healed":0.0,"max_hp_gain":0.0,"max_hp_loss":0.0,"gold_gain":0.0,"event_name":"Golden Wing","player_choice":"Card Removal","floor":5.0,"gold_loss":0.0,"damage_taken":7.0},{"damage_healed":0.0,"max_hp_gain":0.0,"max_hp_loss":0.0,"gold_gain":0.0,"event_name":"Beggar","player_choice":"Ignored","floor":19.0,"gold_loss":0.0,"damage_taken":0.0},{"damage_healed":0.0,"max_hp_gain":0.0,"max_hp_loss":0.0,"gold_gain":0.0,"event_name":"The Library","player_choice":"Read","floor":20.0,"gold_loss":0.0,"damage_taken":0.0,"cards_obtained":["Conserve Battery"]},{"damage_healed":0.0,"max_hp_gain":0.0,"max_hp_loss":0.0,"gold_gain":0.0,"event_name":"Accursed Blacksmith","player_choice":"Rummage","floor":21.0,"gold_loss":0.0,"damage_taken":0.0,"relics_obtained":["WarpedTongs"],"cards_obtained":["Pain"]},{"damage_healed":0.0,"max_hp_gain":0.0,"max_hp_loss":0.0,"gold_gain":0.0,"event_name":"SensoryStone","player_choice":"Memory 1","floor":36.0,"gold_loss":0.0,"damage_taken":0.0},{"damage_healed":0.0,"max_hp_gain":0.0,"max_hp_loss":0.0,"gold_gain":0.0,"event_name":"Mysterious Sphere","player_choice":"Fight","floor":37.0,"gold_loss":0.0,"damage_taken":0.0}],"is_beta":false,"boss_relics":[{"not_picked":["Astrolabe","Bromod:ArcaneBarrier"],"picked":"Nuclear Battery"},{"not_picked":["Black Star","Fusion Hammer"],"picked":"Inserter"}],"items_purged_floors":[30],"is_endless":false,"potions_floor_spawned":[1,14,16,22,24,31,33,35],"killed_by":"3 Darklings","ascension_level":12}}