{"host":"f7rb14kzcw8hx1r1","time":1611253262,"event":{"mods":["BaseMod","Better Note","Better Third Choice","Colored Map","Highlight Path","Hubris","Minty Spire (QoL Compilation)","Replay The Spire","StSLib","The Forsaken"],"gold_per_floor":[109,109,34,0,10,10,22,22,48,48,383,383,414,431,431,530,530,549,749,749,766,776,776,191,220,245,245,245,245,245,262,262,358,358,373,392,407,407,417,445,445,458,458,56,68,68,68],"floor_reached":46,"language":"ENG","playtime":2195,"items_purged":["theForsaken:TheForsaken_Strike","theForsaken:TheForsaken_Strike","theForsaken:TheForsaken_Defend"],"score":553,"play_id":"16487822-53f5-4939-956f-0aae82a89db1","local_time":"20210121192102","is_ascension_mode":false,"campfire_choices":[{"data":"theForsaken:Smite","floor":6,"key":"SMITH"},{"data":"Enlightenment","floor":8,"key":"SMITH"},{"data":"theForsaken:Penitence","floor":10,"key":"SMITH"},{"data":"theForsaken:ShieldBash","floor":12,"key":"SMITH"},{"data":"theForsaken:DesperatePlea","floor":15,"key":"SMITH"},{"data":"theForsaken:Bolster","floor":23,"key":"SMITH"},{"data":"theForsaken:DesperatePlea","floor":28,"key":"SMITH"},{"data":"theForsaken:CleansingLight","floor":30,"key":"SMITH"},{"data":"theForsaken:FuryStrikes","floor":32,"key":"SMITH"},{"data":"theForsaken:FuryStrikes","floor":41,"key":"SMITH"}],"circlet_count":0,"master_deck":["theForsaken:TheForsaken_Defend","theForsaken:TheForsaken_Defend","theForsaken:TheForsaken_Defend","theForsaken:Smite+1","theForsaken:Penitence+1","theForsaken:CleansingLight+1","theForsaken:ShieldBash+1","Enlightenment+1","theForsaken:DesperatePlea+1","theForsaken:PreciseStrike","theForsaken:FuryStrikes+1","theForsaken:DesperatePlea+1","theForsaken:FuryStrikes+1","theForsaken:Bolster+1","theForsaken:Smite+1","theForsaken:Purification","theForsaken:HymnOfPatience","theForsaken:ShieldBash+1","theForsaken:ShieldBash+1","theForsaken:ShieldBash+1","Sadistic Nature+1"],"relics":["theForsaken:JudgementScales","Gremlin Food","Old Coin","Replay:Accelerometer","Ring of Chaos","Shuriken","Iron Hammer","Gambling Chip","Blue Doll","theForsaken:PaleLantern","Replay:Bottled Eggs","Art of War","Bag of Marbles"],"acts_visited":["Exordium","TheCity","TheBeyond"],"potions_floor_usage":[22,25,37,45],"damage_taken":[{"damage":6,"enemies":"2 Louse","floor":1,"turns":6},{"damage":0,"enemies":"Small Slimes","floor":5,"turns":6},{"damage":0,"enemies":"Jaw Worm","floor":7,"turns":5},{"damage":0,"enemies":"Lagavulin","floor":11,"turns":9},{"damage":27,"enemies":"Gremlin Nob","floor":13,"turns":6},{"damage":0,"enemies":"2 Fungi Beasts","floor":14,"turns":4},{"damage":31,"enemies":"Hexaghost","floor":16,"turns":8},{"damage":15,"enemies":"2 Thieves","floor":18,"turns":4},{"damage":0,"enemies":"Chosen","floor":21,"turns":4},{"damage":0,"enemies":"Centurion and Healer","floor":22,"turns":5},{"damage":14,"enemies":"Book of Stabbing","floor":25,"turns":6},{"damage":5,"enemies":"Cultist and Chosen","floor":31,"turns":9},{"damage":46,"enemies":"Automaton","floor":33,"turns":10},{"damage":45,"enemies":"3 Darklings","floor":35,"turns":14},{"damage":17,"enemies":"Orb Walker","floor":36,"turns":5},{"damage":58,"enemies":"Jaw Worm Horde","floor":37,"turns":7},{"damage":23,"enemies":"Sphere and 2 Shapes","floor":39,"turns":8},{"damage":35,"enemies":"R_Hoarder","floor":40,"turns":12},{"damage":2,"enemies":"4 Shapes","floor":42,"turns":8},{"damage":33,"enemies":"3 Darklings","floor":45,"turns":11},{"damage":85,"enemies":"Reptomancer","floor":46,"turns":3}],"seed_played":"290345187340972256","potions_obtained":[{"floor":5,"key":"SteroidPotion"},{"floor":13,"key":"FairyPotion"},{"floor":16,"key":"Block Potion"},{"floor":21,"key":"Adrenaline Potion"},{"floor":22,"key":"SneckoOil"},{"floor":25,"key":"Dexterity Potion"},{"floor":39,"key":"Swift Potion"},{"floor":42,"key":"Strength Potion"}],"is_trial":false,"path_per_floor":["M","?","$","?","M","R","M","R","T","R","E","R","E","M","R","B",null,"M","?","?","M","M","R","$","E","T","?","R","?","R","M","R","B",null,"M","M","M","?","M","E","R","M","T","$","M","E"],"character_chosen":"THE_FORSAKEN","items_purchased":["Shuriken","Iron Hammer","Sadistic Nature+1","Bag of Marbles"],"campfire_rested":0,"item_purchase_floors":[24,24,44,44],"current_hp_per_floor":[63,63,63,69,71,71,71,71,71,71,71,71,53,59,59,39,71,61,61,61,61,66,66,66,57,57,57,57,57,57,71,71,59,71,71,55,18,62,45,38,38,56,56,56,62,0,0],"gold":68,"neow_bonus":"TRANSFORM_CARD","is_daily":false,"chose_seed":false,"campfire_upgraded":10,"win_rate":0.0,"timestamp":1611253262,"path_taken":["M","?","$","?","M","R","M","R","T","R","E","R","E","M","R","BOSS","M","?","?","M","M","R","$","E","T","?","R","?","R","M","R","BOSS","M","M","M","?","M","E","R","M","T","$","M","E"],"items_purchased_type":["Relic","Relic","Card","Relic"],"build_version":"2020-12-22","purchased_purges":3,"victory":false,"max_hp_per_floor":[65,65,65,71,71,71,71,71,71,71,71,71,71,71,71,71,71,71,71,71,71,71,71,71,71,71,71,71,71,71,71,71,71,71,71,71,71,62,62,62,62,62,62,62,62,62,62],"card_choices":[{"not_picked":["theForsaken:FuryStrikes","theForsaken:PreciseStrike"],"picked":"theForsaken:ShieldBash","floor":1},{"not_picked":["theForsaken:PowerUp","theForsaken:WordsOfMight","theForsaken:PanicDive"],"picked":"SKIP","floor":5},{"not_picked":["theForsaken:Parry","theForsaken:ScorchingSunlight","theForsaken:WordOfPower"],"picked":"SKIP","floor":7},{"not_picked":["theForsaken:SacrificeSoul","theForsaken:Backlash"],"picked":"theForsaken:DesperatePlea","floor":11},{"not_picked":["theForsaken:SpreadingPlague","theForsaken:StoreUp"],"picked":"theForsaken:PreciseStrike","floor":13},{"not_picked":["theForsaken:BattleHymn","theForsaken:Riposte"],"picked":"theForsaken:FuryStrikes","floor":14},{"not_picked":["theForsaken:Temperance","theForsaken:Purification"],"picked":"theForsaken:DesperatePlea","floor":16},{"not_picked":["theForsaken:StoreUp","theForsaken:Thunderbolt+1"],"picked":"theForsaken:FuryStrikes","floor":18},{"not_picked":["theForsaken:ChargeAttack","theForsaken:BattleHymn"],"picked":"theForsaken:Bolster","floor":21},{"not_picked":["theForsaken:DarkBarrier","theForsaken:RainingSunlight","theForsaken:Riposte"],"picked":"SKIP","floor":22},{"not_picked":["theForsaken:RainingSunlight","theForsaken:WardingHymn","theForsaken:WordOfPower+1"],"picked":"SKIP","floor":25},{"not_picked":["theForsaken:LightRoll+1","theForsaken:CleansingLight+1","theForsaken:HymnOfRest+1"],"picked":"SKIP","floor":31},{"not_picked":["theForsaken:TearsOfSunlight","theForsaken:Mantra"],"picked":"theForsaken:Purification","floor":33},{"not_picked":["theForsaken:DarkBarrier","theForsaken:ShieldCharge"],"picked":"theForsaken:HymnOfPatience","floor":35},{"not_picked":["theForsaken:Backlash","theForsaken:Devotion+1"],"picked":"theForsaken:ShieldBash","floor":36},{"not_picked":["theForsaken:WordsOfPestilence","theForsaken:StoreUp+1"],"picked":"theForsaken:ShieldBash+1","floor":37},{"not_picked":["theForsaken:WardingHymn+1","theForsaken:ScorchingSunlight+1","theForsaken:SolarFlare"],"picked":"SKIP","floor":39},{"not_picked":["theForsaken:DarkBargain","theForsaken:BattleHymn","theForsaken:ChargeAttack"],"picked":"SKIP","floor":40},{"not_picked":["theForsaken:DarkBargain","theForsaken:BattleHymn","theForsaken:ChargeAttack"],"picked":"SKIP","floor":40},{"not_picked":["theForsaken:RainingSunlight","theForsaken:HymnOfPatience+1"],"picked":"theForsaken:ShieldBash+1","floor":42},{"not_picked":["theForsaken:HealingLight+1","theForsaken:Preservation","theForsaken:BlindFaith+1"],"picked":"SKIP","floor":45}],"player_experience":925055,"relics_obtained":[{"floor":9,"key":"Gremlin Food"},{"floor":11,"key":"Old Coin"},{"floor":13,"key":"Replay:Accelerometer"},{"floor":25,"key":"Gambling Chip"},{"floor":26,"key":"Blue Doll"},{"floor":40,"key":"Replay:Bottled Eggs"},{"floor":43,"key":"Art of War"}],"event_choices":[{"damage_healed":0,"gold_gain":0,"player_choice":"RENOUNCE","damage_taken":34,"max_hp_gain":0,"max_hp_loss":0,"event_name":"betterThird:BetterSerpent","floor":4,"gold_loss":34,"cards_obtained":["Enlightenment"]},{"damage_healed":0,"gold_gain":200,"player_choice":"Gold","damage_taken":0,"max_hp_gain":0,"max_hp_loss":0,"event_name":"Wheel of Change","floor":19,"gold_loss":0},{"cards_removed":["theForsaken:TheForsaken_Strike"],"damage_healed":0,"gold_gain":0,"player_choice":"Offered Basic","damage_taken":0,"max_hp_gain":0,"max_hp_loss":0,"event_name":"Bonfire Elementals","floor":20,"gold_loss":0},{"damage_healed":0,"gold_gain":0,"player_choice":"Copied","damage_taken":0,"max_hp_gain":0,"max_hp_loss":0,"event_name":"Duplicator","floor":27,"gold_loss":0,"cards_obtained":["theForsaken:Smite"]},{"cards_removed":["theForsaken:Bolster"],"damage_healed":0,"gold_gain":0,"player_choice":"Give","damage_taken":0,"max_hp_gain":0,"max_hp_loss":0,"event_name":"betterNote:BetterNote","floor":29,"gold_loss":0,"cards_obtained":["Creative AI"]},{"damage_healed":62,"gold_gain":0,"player_choice":"Heal","damage_taken":0,"max_hp_gain":0,"max_hp_loss":9,"event_name":"The Moai Head","floor":38,"gold_loss":0}],"is_beta":false,"boss_relics":[{"not_picked":["hubris:CrackedHourglass","SacredBark"],"picked":"Ring of Chaos"},{"not_picked":["Replay:Drink Me","Abe\u0027s Treasure"],"picked":"theForsaken:PaleLantern"}],"items_purged_floors":[3,24,44],"is_endless":false,"potions_floor_spawned":[5,13,16,21,22,25,36,39,42],"killed_by":"Reptomancer","ascension_level":0}}