{"host":"zghbuvjjzzk6yre0","time":1611236614,"event":{"mods":["2.2 Compatiblity","AchievementEnabler","Act Like it!","Aspiration","BaseMod","Bestiary","Card Forge","ChefMod","Colored Powertips","Conspire","Curses Come First","Custom Start","Gensokyo","Halation","Hubris","Minty Spire (QoL Compilation)","Q\u0027s Relics","Quick Restart","Railgun Mod","Reorder Act Four","Replay The Spire","StSLib","Strawberry Spire","Synergy Search","The Cursed","vexMod"],"gold_per_floor":[118,118,130,130,16,50,70,103,103,116,143,143,170,183,183,285,285,285,285],"floor_reached":18,"language":"ENG","playtime":1247,"items_purged":[],"score":205,"play_id":"fd455981-5cd0-428b-aaef-0e1db4fc2d76","local_time":"20210121144334","is_ascension_mode":false,"campfire_choices":[{"floor":15,"key":"REST"}],"circlet_count":0,"master_deck":["Strike_R+1","Strike_R+1","Strike_R+1","Strike_R+1","Strike_R+1","Defend_R+1","Defend_R+1","Defend_R+1","Defend_R+1","Bash+1","strawberrySpire:Spite","Life Link","Perfected Strike+1","Reckless Charge","Rampage","strawberrySpire:GettingOverIt","Disarm","hubris:StunningStrike","Clothesline","strawberrySpire:FortFortyFour"],"relics":["Burning Blood","Hammer of Thor","Seething Fire","Anvil of the Gods","Gensokyo:Mercy","vexMod:FocusSash","Ornamental Fan","QRelics:BlessedBelt","hubris:Icosahedron","conspire:GlowingRock","QRelics:ShoppingBags","strawberrySpire:RottenAvocado","aspiration:RitualDagger"],"acts_visited":["Gensokyo:Gensokyo","TheCity"],"potions_floor_usage":[16],"damage_taken":[{"damage":0,"enemies":"Gensokyo:3_Fairies","floor":1,"turns":3},{"damage":6,"enemies":"Gensokyo:2_Kodama","floor":3,"turns":2},{"damage":21,"enemies":"Gensokyo:Aya","floor":6,"turns":4},{"damage":0,"enemies":"Gensokyo:Python","floor":7,"turns":2},{"damage":18,"enemies":"Gensokyo:Mamizou","floor":8,"turns":6},{"damage":12,"enemies":"Gensokyo:Kitsune","floor":10,"turns":2},{"damage":25,"enemies":"Gensokyo:Cirno","floor":13,"turns":6},{"damage":8,"enemies":"Gensokyo:VengefulSpirit","floor":14,"turns":3},{"damage":29,"enemies":"Gensokyo:Kokoro","floor":16,"turns":11},{"damage":3,"enemies":"Spheric Guardian","floor":18,"turns":1}],"seed_played":"5419510868122892521","potions_obtained":[{"floor":3,"key":"Weak Potion"},{"floor":10,"key":"FearPotion"},{"floor":14,"key":"Fire Potion"},{"floor":16,"key":"Dexterity Potion"}],"is_trial":false,"path_per_floor":["M","?","M","?","$","E","M","E","T","M","T","?","E","M","R","B",null,"M"],"character_chosen":"IRONCLAD","items_purchased":["Life Link","Perfected Strike+1"],"campfire_rested":1,"item_purchase_floors":[5,5],"current_hp_per_floor":[88,88,88,96,96,81,87,75,75,69,69,69,50,48,76,54,96,92,92],"gold":285,"neow_bonus":"TEN_PERCENT_HP_BONUS","is_daily":false,"chose_seed":false,"campfire_upgraded":0,"win_rate":0.0,"timestamp":1611236614,"path_taken":["M","?","?","?","?","E","?","E","T","M","?","?","E","M","R","BOSS","M"],"items_purchased_type":["Card","Card"],"build_version":"2020-12-22","purchased_purges":0,"victory":false,"max_hp_per_floor":[88,88,88,96,96,96,96,96,96,96,96,96,96,96,96,96,96,95,95],"card_choices":[{"not_picked":["Defy Death","strawberrySpire:Overwork"],"picked":"Headbutt","floor":1},{"not_picked":["Reckless Charge","ReplayTheSpireMod:Strike From Hell"],"picked":"strawberrySpire:Spite","floor":3},{"not_picked":["strawberrySpire:GettingOverIt","Sever Soul"],"picked":"Reckless Charge","floor":6},{"not_picked":["strawberrySpire:DraftPunk","Dual Wield"],"picked":"Rampage","floor":7},{"not_picked":["True Grit","strawberrySpire:Overwork"],"picked":"strawberrySpire:GettingOverIt","floor":8},{"not_picked":["strawberrySpire:DebrisPile","strawberrySpire:ZonePlayer"],"picked":"Disarm","floor":10},{"not_picked":["Pummel","strawberrySpire:Endurance"],"picked":"hubris:StunningStrike","floor":13},{"not_picked":["Heavy Blade","Replay:Undeath\u0027s Touch"],"picked":"Clothesline","floor":14},{"not_picked":["Replay:Many Hands","Corruption"],"picked":"strawberrySpire:FortFortyFour","floor":16}],"player_experience":218912,"relics_obtained":[{"floor":6,"key":"vexMod:FocusSash"},{"floor":8,"key":"Ornamental Fan"},{"floor":11,"key":"QRelics:BlessedBelt"},{"floor":13,"key":"conspire:GlowingRock"}],"event_choices":[],"is_beta":false,"boss_relics":[{"not_picked":["QRelics:DoomedDice","Runic Dome"],"picked":"QRelics:ShoppingBags"}],"items_purged_floors":[],"is_endless":false,"potions_floor_spawned":[3,10,14,16],"killed_by":"Spheric Guardian","ascension_level":0}}