{"host":"xp5rvh2jwe2ejyfm","time":1611192389,"event":{"mods":["BaseMod","Downfall","Hermit","Minty Spire (QoL Compilation)","Robot Space Explorer","StSLib","The Clintock","The Construct","The Cursed","The Disciple","The Forsaken","The Hierophant","The Runesmith"],"gold_per_floor":[99,110,127,138,138,153,153,171,185,197,97,109,121,136,147,249,249,249,266,278,70,84,98,125,142,142,162,176,176,176,209,229,327,327,327,352,378,406,433,492,501,501,543,543,67,95,114,30,50,50,50,50],"floor_reached":50,"language":"ENG","playtime":2986,"items_purged":["downfall:Malfunctioning"],"score":575,"play_id":"5373919c-fa2c-44b4-bb29-68edc2d75fea","local_time":"20210120202629","is_ascension_mode":false,"campfire_choices":[{"floor":1,"key":"RECALL"},{"data":"Slimebound:Split","floor":11,"key":"SMITH"},{"data":"Slimebound:SpikyOuterGoop","floor":18,"key":"SMITH"},{"data":"Slimebound:SelfFormingGoo","floor":30,"key":"SMITH"},{"data":"Slimebound:SpikyOuterGoop","floor":35,"key":"SMITH"},{"floor":44,"key":"REST"}],"circlet_count":0,"master_deck":["Slimebound:Strike_Slimebound","Slimebound:Strike_Slimebound","Slimebound:Strike_Slimebound","Slimebound:Tackle","Slimebound:Defend_Slimebound","Slimebound:Defend_Slimebound","Slimebound:Defend_Slimebound","Slimebound:Defend_Slimebound","Slimebound:Split+1","Slimebound:CorrosiveSpit","Slimebound:Schlurp","Slimebound:ServeAndProtect","Slimebound:SamplingLick","Pain","Slimebound:GoopSpray","Slimebound:SpikyOuterGoop+1","Slimebound:ItLooksTasty","Slimebound:SelfFormingGoo+1","Slimebound:TongueLash","Slimebound:Schlurp","Slimebound:SplitAcid","Slimebound:RainOfGoop","Slimebound:MassFeed","Slimebound:Recollect","Slimebound:MegaLick","Slimebound:LivingWall","Slimebound:SelfFormingGoo","Slimebound:GoopSpray","Slimebound:GoopSpray+1","Slimebound:GoopSpray","Slimebound:SlimeBarrage","Slimebound:SplitAcid","Slimebound:SpikyOuterGoop+1","Slimebound:LevelUp","Slimebound:SplitSpecialist+1","Slimebound:TagTeam","Parasite","Slimebound:Prepare+1","Slimebound:DivideAndConquer+1","Slimebound:Replication","Slimebound:SplitBruiser+1","Injury","Slimebound:LeechingTouch+1","Slimebound:LeechingTouch+1","Slimebound:LevelUp","Panache","Slimebound:LeechingTouch","Slimebound:Schlurp","Slimebound:SplitAcid","Slimebound:PressTheAttack+1","expansioncontent:AwakenDeath","Slimebound:LeadByExample"],"relics":["Slimebound:AbsorbEndCombat","Orichalcum","WarpedTongs","Thread and Needle","downfall:HeartBlessingRed","Cursed Key","DollysMirror","Slimebound:AggressiveSlimeRelic","Unceasing Top","construct:WeddingRing","CeramicFish","Incense Burner","Kunai","Runesmith:AutoHammer","theForsaken:Gavel"],"acts_visited":["Exordium","TheCity","TheBeyond"],"potions_floor_usage":[12,15,16,16,16,16,16,21,25,25,31,38,39,43,50],"damage_taken":[{"damage":8,"enemies":"2 Louse","floor":2,"turns":2},{"damage":0,"enemies":"Cultist","floor":3,"turns":3},{"damage":4,"enemies":"Jaw Worm","floor":4,"turns":4},{"damage":12,"enemies":"Blue Slaver","floor":6,"turns":3},{"damage":14,"enemies":"Exordium Wildlife","floor":8,"turns":4},{"damage":8,"enemies":"Large Slime","floor":9,"turns":6},{"damage":4,"enemies":"Blue Slaver","floor":10,"turns":3},{"damage":4,"enemies":"Gremlin Gang","floor":12,"turns":4},{"damage":3,"enemies":"3 Louse","floor":13,"turns":4},{"damage":17,"enemies":"Exordium Thugs","floor":14,"turns":4},{"damage":6,"enemies":"Large Slime","floor":15,"turns":3},{"damage":34,"enemies":"DF_ARCHETYPE_STREAMLINE","floor":16,"turns":11},{"damage":3,"enemies":"3 Byrds","floor":19,"turns":5},{"damage":4,"enemies":"Spheric Guardian","floor":20,"turns":4},{"damage":5,"enemies":"downfall:FleeingMerchant","floor":21,"turns":4},{"damage":8,"enemies":"Centurion and Healer","floor":22,"turns":6},{"damage":10,"enemies":"Sentry and Sphere","floor":23,"turns":6},{"damage":3,"enemies":"3 Cultists","floor":25,"turns":4},{"damage":7,"enemies":"Chosen and Byrds","floor":27,"turns":5},{"damage":17,"enemies":"Sentry and Sphere","floor":28,"turns":5},{"damage":8,"enemies":"Book of Stabbing","floor":31,"turns":6},{"damage":17,"enemies":"Centurion and Healer","floor":32,"turns":6},{"damage":38,"enemies":"SI_MIRROR_ARCHETYPE","floor":33,"turns":14},{"damage":0,"enemies":"Orb Walker","floor":37,"turns":5},{"damage":30,"enemies":"3 Darklings","floor":38,"turns":5},{"damage":7,"enemies":"Spire Growth","floor":39,"turns":6},{"damage":8,"enemies":"Spire Growth","floor":40,"turns":8},{"damage":38,"enemies":"Nemesis","floor":43,"turns":9},{"damage":7,"enemies":"downfall:FleeingMerchant","floor":45,"turns":4},{"damage":12,"enemies":"Jaw Worm Horde","floor":46,"turns":4},{"damage":0,"enemies":"Maw","floor":47,"turns":6},{"damage":5,"enemies":"downfall:FleeingMerchant","floor":48,"turns":4},{"damage":0,"enemies":"4 Shapes","floor":49,"turns":3},{"damage":80,"enemies":"IC_BLOCK_ARCHETYPE","floor":50,"turns":4}],"seed_played":"5517382959881105435","potions_obtained":[{"floor":2,"key":"BlessingOfTheForge"},{"floor":3,"key":"EntropicBrew"},{"floor":9,"key":"SpeedPotion"},{"floor":13,"key":"sneckomod:MuddlingPotion"},{"floor":16,"key":"ColorlessPotion"},{"floor":20,"key":"Weak Potion"},{"floor":22,"key":"AttackPotion"},{"floor":23,"key":"sneckomod:MuddlingPotion"},{"floor":28,"key":"BlessingOfTheForge"},{"floor":37,"key":"AttackPotion"},{"floor":40,"key":"GamblersBrew"},{"floor":47,"key":"Guardian:BlockOnCardUsePotion"},{"floor":49,"key":"hexamod:SoulburnPotion"}],"is_trial":false,"path_per_floor":["R","M","M","M","?","M","T","M","M","M","R","M","M","M","M","B",null,"R","M","M","$","M","M","T","M","?","M","M","?","R","E","M","B",null,"R","?","M","M","M","?","T","?","E","R","$","M","M","$","M","B"],"character_chosen":"SLIMEBOUND","items_purchased":["DollysMirror","Slimebound:GoopSpray","theForsaken:Gavel","Slimebound:LevelUp","Panache","Slimebound:LeechingTouch","expansioncontent:AwakenDeath"],"campfire_rested":1,"item_purchase_floors":[21,21,45,45,45,45,48],"current_hp_per_floor":[65,57,59,61,61,53,53,45,43,43,43,47,48,37,37,11,65,65,65,65,62,65,63,63,66,66,63,50,50,50,48,37,7,68,68,68,71,43,38,38,38,62,32,50,49,41,49,52,54,0,0,0],"gold":50,"neow_bonus":"RANDOM_COMMON_RELIC","is_daily":false,"chose_seed":false,"campfire_upgraded":4,"win_rate":0.0,"timestamp":1611192389,"path_taken":["R","M","M","M","?","?","T","M","?","M","R","M","M","M","M","BOSS","R","M","M","$","M","M","T","M","?","M","M","?","R","E","M","BOSS","R","?","M","M","M","?","T","?","E","R","$","M","M","?","M","BOSS"],"items_purchased_type":["Relic","Card","Relic","Card","Card","Card","Card"],"build_version":"2020-12-22","purchased_purges":1,"victory":false,"max_hp_per_floor":[65,65,65,65,65,65,65,65,65,65,65,65,65,65,65,65,65,65,65,65,65,68,68,68,68,68,68,68,68,68,68,68,68,68,68,68,71,71,71,71,71,62,62,62,62,62,62,62,62,62,62,62],"card_choices":[{"not_picked":["Slimebound:RainOfGoop","Slimebound:SplitMire"],"picked":"Slimebound:Schlurp","floor":2},{"not_picked":["Slimebound:RollThrough","Slimebound:GoopTackle"],"picked":"Slimebound:ServeAndProtect","floor":3},{"not_picked":["Slimebound:LeadByExample","Slimebound:ComboTackle"],"picked":"Slimebound:SamplingLick","floor":4},{"not_picked":["Slimebound:RollThrough","Slimebound:SplitAcid"],"picked":"Slimebound:GoopSpray","floor":6},{"not_picked":["Slimebound:SplitBruiser","Slimebound:LeechingTouch"],"picked":"Slimebound:SpikyOuterGoop","floor":8},{"not_picked":["Slimebound:Dissolve","Slimebound:Nibble"],"picked":"Slimebound:ItLooksTasty","floor":9},{"not_picked":["Slimebound:LivingWall","Slimebound:GoopTackle"],"picked":"Slimebound:SelfFormingGoo","floor":10},{"not_picked":["Slimebound:GrowthPunch","Slimebound:RainOfGoop"],"picked":"Slimebound:TongueLash","floor":12},{"not_picked":["Slimebound:FlameTackle","Slimebound:ComboTackle"],"picked":"Slimebound:Schlurp","floor":13},{"not_picked":["Slimebound:LeechingTouch","Slimebound:Prepare"],"picked":"Slimebound:SplitAcid","floor":14},{"not_picked":["Slimebound:SlimeBrawl","Slimebound:Repurpose"],"picked":"Slimebound:RainOfGoop","floor":15},{"not_picked":["Slimebound:CheckThePlaybook","Slimebound:DouseInSlime"],"picked":"Slimebound:MassFeed","floor":16},{"not_picked":["Slimebound:ServeAndProtect","Slimebound:LeechEnergy"],"picked":"Slimebound:Recollect","floor":19},{"not_picked":["Slimebound:LeechEnergy","Slimebound:GoopTackle"],"picked":"Slimebound:MegaLick","floor":20},{"not_picked":["Slimebound:Nibble","Slimebound:Chomp"],"picked":"Slimebound:LivingWall","floor":21},{"not_picked":["Slimebound:LivingWall","Slimebound:SplitAcid"],"picked":"Slimebound:GoopSpray+1","floor":22},{"not_picked":["Slimebound:FinishingTackle","Slimebound:SamplingLick+1"],"picked":"Slimebound:GoopSpray","floor":23},{"not_picked":["Slimebound:ServeAndProtect","Slimebound:SlimeTap"],"picked":"Slimebound:SlimeBarrage","floor":25},{"not_picked":["Slimebound:GrowthPunch","Slimebound:PressTheAttack"],"picked":"Slimebound:SplitAcid","floor":27},{"not_picked":["Slimebound:Nibble","Slimebound:SlimeSpikes"],"picked":"Slimebound:SpikyOuterGoop","floor":28},{"not_picked":["Slimebound:GoopTackle+1","Slimebound:DuplicatedForm"],"picked":"Slimebound:LevelUp","floor":31},{"not_picked":["Slimebound:SlimeTap+1","Slimebound:SlimeSpikes+1"],"picked":"Slimebound:SplitSpecialist+1","floor":32},{"not_picked":["Slimebound:MinionMaster","Slimebound:FirmFortitude"],"picked":"Slimebound:TagTeam","floor":33},{"not_picked":["Slimebound:ForwardTackle","Slimebound:GoopSpray+1"],"picked":"Slimebound:Prepare+1","floor":37},{"not_picked":["Slimebound:SpikyOuterGoop+1","Slimebound:DisruptingSlam+1"],"picked":"Slimebound:DivideAndConquer+1","floor":38},{"not_picked":["Slimebound:HungryTackle","Slimebound:FlameTackle"],"picked":"Slimebound:Replication","floor":39},{"not_picked":["Slimebound:RollThrough+1","Slimebound:Prepare+1"],"picked":"Slimebound:SplitBruiser+1","floor":40},{"not_picked":["Slimebound:SplitLeeching","Slimebound:HauntingLick+1"],"picked":"Slimebound:LeechingTouch+1","floor":43},{"not_picked":["Slimebound:MassFeed","Slimebound:Prepare+1"],"picked":"Slimebound:LeechingTouch+1","floor":45},{"not_picked":["Slimebound:Recollect+1","Slimebound:RollThrough+1"],"picked":"Slimebound:Schlurp","floor":46},{"not_picked":["Slimebound:SlimeBrawl","Slimebound:Repurpose"],"picked":"Slimebound:SplitAcid","floor":47},{"not_picked":["Slimebound:SamplingLick","Slimebound:SplitBruiser+1"],"picked":"Slimebound:PressTheAttack+1","floor":48},{"not_picked":["Slimebound:GoopTackle","Slimebound:LivingWall"],"picked":"Slimebound:LeadByExample","floor":49}],"player_experience":274420,"relics_obtained":[{"floor":7,"key":"Thread and Needle"},{"floor":24,"key":"Slimebound:AggressiveSlimeRelic"},{"floor":31,"key":"Unceasing Top"},{"floor":36,"key":"CeramicFish"},{"floor":40,"key":"Incense Burner"},{"floor":41,"key":"Kunai"},{"floor":43,"key":"Runesmith:AutoHammer"}],"event_choices":[{"damage_healed":0,"gold_gain":0,"player_choice":"Rummage","damage_taken":0,"relics_obtained":["WarpedTongs"],"max_hp_gain":0,"max_hp_loss":0,"event_name":"Accursed Blacksmith","floor":5,"gold_loss":0,"cards_obtained":["Pain"]},{"damage_healed":0,"gold_gain":0,"player_choice":"Ignored","damage_taken":0,"max_hp_gain":0,"max_hp_loss":0,"event_name":"Ghosts","floor":26,"gold_loss":0},{"damage_healed":0,"gold_gain":0,"player_choice":"Ignored","damage_taken":0,"max_hp_gain":0,"max_hp_loss":0,"event_name":"Vampires","floor":29,"gold_loss":0}],"is_beta":false,"boss_relics":[{"not_picked":["Snecko Eye","Runic Dome"],"picked":"Cursed Key"},{"not_picked":["Black Star","Sozu"],"picked":"construct:WeddingRing"}],"items_purged_floors":[45],"is_endless":false,"potions_floor_spawned":[2,3,9,13,16,20,22,23,28,37,40,47,49],"killed_by":"IC_BLOCK_ARCHETYPE","ascension_level":0}}