{"host":"vex7walpoxzv48nx","time":1611192954,"event":{"mods":["BaseMod","Bestiary","Minty Spire (QoL Compilation)","Permanent Neow","Quick Restart","Relic Stats"],"gold_per_floor":[110,110,128,128,128,128,128],"floor_reached":6,"language":"ENG","playtime":269,"items_purged":[],"score":39,"play_id":"7e4eb9be-c565-4f9b-8881-896c7a55a2e8","local_time":"20210121023554","is_ascension_mode":true,"campfire_choices":[],"circlet_count":0,"master_deck":["Strike_B+1","Strike_B","Strike_B","Strike_B","Defend_B","Defend_B","Defend_B","Defend_B","Zap+1","Dualcast","Go for the Eyes","Gash","FTL"],"relics":["Cracked Core","Golden Idol"],"acts_visited":["Exordium"],"potions_floor_usage":[],"damage_taken":[{"damage":8,"enemies":"2 Louse","floor":1,"turns":2},{"damage":4,"enemies":"Small Slimes","floor":3,"turns":3},{"damage":56,"enemies":"Gremlin Nob","floor":6,"turns":4}],"seed_played":"9157665761861116861","potions_obtained":[{"floor":1,"key":"SmokeBomb"}],"is_trial":false,"path_per_floor":["M","?","M","?","?","E"],"character_chosen":"DEFECT","items_purchased":[],"campfire_rested":0,"item_purchase_floors":[],"current_hp_per_floor":[67,72,68,68,53,0,0],"gold":128,"neow_bonus":"THREE_CARDS","is_daily":false,"chose_seed":false,"campfire_upgraded":0,"win_rate":0.0,"timestamp":1611192954,"path_taken":["M","?","M","?","?","E"],"items_purchased_type":[],"build_version":"2020-12-22","purchased_purges":0,"victory":false,"max_hp_per_floor":[75,80,80,74,74,74,74],"relic_stats":{"counters":[3,9],"Golden Idol":0,"obtain_stats":[{"Golden Idol":4,"Cracked Core":0},{"Golden Idol":2,"Cracked Core":0},{"Golden Idol":5,"Cracked Core":0}]},"card_choices":[{"not_picked":["Compile Driver","FTL"],"picked":"Go for the Eyes","floor":0},{"not_picked":["Auto Shields","Rebound"],"picked":"Gash","floor":1},{"not_picked":["BootSequence","Barrage"],"picked":"FTL","floor":3}],"player_experience":191349,"relics_obtained":[],"event_choices":[{"damage_healed":0,"gold_gain":0,"player_choice":"Donut","damage_taken":0,"max_hp_gain":5,"max_hp_loss":0,"event_name":"Big Fish","floor":2,"gold_loss":0},{"damage_healed":0,"gold_gain":0,"player_choice":"Lose Max HP","damage_taken":0,"relics_obtained":["Golden Idol"],"max_hp_gain":0,"max_hp_loss":6,"event_name":"Golden Idol","floor":4,"gold_loss":0},{"damage_healed":0,"gold_gain":0,"player_choice":"Entered Light","damage_taken":15,"max_hp_gain":0,"max_hp_loss":0,"event_name":"Shining Light","floor":5,"gold_loss":0,"cards_upgraded":["Zap","Strike_B"]}],"is_beta":false,"boss_relics":[],"items_purged_floors":[],"is_endless":false,"potions_floor_spawned":[1],"killed_by":"Gremlin Nob","ascension_level":3}}