{"host":"ga4s3hj9m6nkn6gp","time":1611258310,"event":{"mods":["AchievementEnabler","BaseMod","Bestiary","Colored Powertips","Highlight Path","Minty Spire (QoL Compilation)","Relic Stats","everything is the same but u backflip on backflip"],"gold_per_floor":[116,116,136,151,24,24,59,59,59,59,73,73,92,117,117,117,117],"floor_reached":16,"language":"ENG","playtime":1093,"items_purged":[],"score":184,"play_id":"3ca31bd7-f50a-4cc8-a51f-5f23dde73eb5","local_time":"20210121204510","is_ascension_mode":true,"campfire_choices":[{"data":"True Grit","floor":6,"key":"SMITH"},{"data":"Uppercut","floor":8,"key":"SMITH"},{"data":"Feel No Pain","floor":12,"key":"SMITH"},{"data":"Entrench","floor":15,"key":"SMITH"}],"circlet_count":0,"master_deck":["AscendersBane","Strike_R","Strike_R","Strike_R","Strike_R","Strike_R","Defend_R","Defend_R","Defend_R","Defend_R","Bash","Twin Strike","Anger","Uppercut+1","Feel No Pain+1","True Grit+1","Cleave","Offering","Entrench+1"],"relics":["Burning Blood","MealTicket","InkBottle","FossilizedHelix","Dead Branch","Golden Idol"],"acts_visited":["Exordium"],"potions_floor_usage":[16,16],"damage_taken":[{"damage":8,"enemies":"2 Louse","floor":1,"turns":3},{"damage":7,"enemies":"Jaw Worm","floor":3,"turns":3},{"damage":1,"enemies":"Cultist","floor":4,"turns":3},{"damage":17,"enemies":"3 Sentries","floor":7,"turns":9},{"damage":12,"enemies":"Large Slime","floor":11,"turns":5},{"damage":0,"enemies":"Looter","floor":13,"turns":3},{"damage":2,"enemies":"2 Fungi Beasts","floor":14,"turns":3},{"damage":54,"enemies":"The Guardian","floor":16,"turns":14}],"seed_played":"1994565233220848523","potions_obtained":[{"floor":13,"key":"SkillPotion"},{"floor":14,"key":"Dexterity Potion"}],"is_trial":false,"path_per_floor":["M","?","M","M","$","R","E","R","T","?","M","R","M","M","R","B"],"character_chosen":"IRONCLAD","items_purchased":["Feel No Pain","True Grit"],"campfire_rested":0,"item_purchase_floors":[5,5],"current_hp_per_floor":[66,40,39,44,59,59,48,48,48,48,42,42,48,52,52,0,0],"gold":117,"neow_bonus":"RANDOM_COMMON_RELIC","is_daily":false,"chose_seed":false,"campfire_upgraded":4,"win_rate":0.0,"timestamp":1611258310,"path_taken":["M","?","M","M","$","R","E","R","T","?","M","R","M","M","R","BOSS"],"items_purchased_type":["Card","Card"],"build_version":"2020-12-22","purchased_purges":0,"victory":false,"max_hp_per_floor":[75,75,75,75,75,75,75,75,75,68,68,68,68,68,68,68,68],"relic_stats":{"counters":[8,43],"Golden Idol":12,"Dead Branch":[13],"MealTicket":15,"obtain_stats":[{"Golden Idol":10,"Dead Branch":9,"MealTicket":0,"Burning Blood":0,"InkBottle":2,"FossilizedHelix":7},{"Golden Idol":4,"Dead Branch":4,"MealTicket":0,"Burning Blood":0,"InkBottle":1,"FossilizedHelix":4},{"Golden Idol":18,"Dead Branch":18,"MealTicket":0,"Burning Blood":0,"InkBottle":3,"FossilizedHelix":18}],"Burning Blood":42,"InkBottle":[11]},"card_choices":[{"not_picked":["Armaments","Sword Boomerang"],"picked":"Twin Strike","floor":1},{"not_picked":["Sword Boomerang","Thunderclap"],"picked":"Anger","floor":3},{"not_picked":["Havoc","Clothesline"],"picked":"Uppercut","floor":4},{"not_picked":["Anger","Reckless Charge"],"picked":"Cleave","floor":7},{"not_picked":["Clash","Twin Strike"],"picked":"Offering","floor":11},{"not_picked":["Perfected Strike","Twin Strike","Cleave"],"picked":"SKIP","floor":13},{"not_picked":["Disarm","Iron Wave"],"picked":"Entrench","floor":14}],"player_experience":654792,"relics_obtained":[{"floor":7,"key":"FossilizedHelix"},{"floor":9,"key":"Dead Branch"}],"event_choices":[{"damage_healed":0,"gold_gain":0,"player_choice":"Success","damage_taken":26,"relics_obtained":["InkBottle"],"max_hp_gain":0,"max_hp_loss":0,"event_name":"Scrap Ooze","floor":2,"gold_loss":0},{"damage_healed":0,"gold_gain":0,"player_choice":"Lose Max HP","damage_taken":0,"relics_obtained":["Golden Idol"],"max_hp_gain":0,"max_hp_loss":7,"event_name":"Golden Idol","floor":10,"gold_loss":0}],"is_beta":false,"boss_relics":[],"items_purged_floors":[],"is_endless":false,"potions_floor_spawned":[13,14],"killed_by":"The Guardian","ascension_level":16}}