{"host":"l2dnabsh5e0fsksb","time":1611211508,"event":{"mods":["2.2 Compatiblity","BaseMod","Downfall","Minty Spire (QoL Compilation)","Quick Restart","StSLib"],"gold_per_floor":[99,99,99,99,99,132,200,215,246,246,146,146,166,266,282,379,379,379,395,395,406,406,431,431,431,443,454,50,64,64,97,113,215,215,215,225,239,254,119,169,169,69,82,107,107,118,134,150,160,160,160,160],"floor_reached":50,"language":"ENG","playtime":2334,"items_purged":["bronze:Strike"],"score":814,"play_id":"7ebfc371-48a2-4489-956a-5f212d0fe53d","local_time":"20210121171508","is_ascension_mode":true,"campfire_choices":[{"floor":1.0,"key":"RECALL"},{"data":"downfall:Malfunctioning","floor":11.0,"key":"PURGE"},{"data":"bronze:Library","floor":18.0,"key":"SMITH"},{"floor":25.0,"key":"REST"},{"floor":30,"key":"REST"},{"floor":35,"key":"REST"},{"data":"bronze:Iterate","floor":42,"key":"SMITH"},{"data":"bronze:Constructor","floor":45,"key":"SMITH"}],"circlet_count":0,"master_deck":["bronze:Strike+1","bronze:Strike","bronze:Strike+1","bronze:Defend","bronze:Defend","bronze:Defend+1","bronze:Defend+1","bronze:Replicate","bronze:Goto+1","bronze:Deprecate","bronze:OilSpill","bronze:WhirlingStrike","bronze:Terminator","bronze:FineTuning+1","bronze:ChosenStrike+1","bronze:Deprecate","bronze:Constructor+1","bronze:Library+1","bronze:Deprecate","bronze:Iterate+1","bronze:Repulsor+1","bronze:Invalidate","bronze:ChildClass","bronze:BronzeOrb","bronze:Deprecate+1","bronze:FindAndReplace","CurseOfTheBell","bronze:Shield+1","bronze:DelayedSlice+1","bronze:Iterate+1","bronze:DelayedSlice+1","bronze:Branch+1","bronze:Separator+1","bronze:OilSpill+1"],"relics":["bronze:PlatinumCore","downfall:HeartsMalice","Peace Pipe","Ginger","White Beast Statue","bronze:DecasWashers","downfall:HeartBlessingRed","Enchiridion","champ:DuelingGlove","hexamod:CandleOfCauterizing","Bronze Scales","Matryoshka","Smiling Mask","Calling Bell","Blue Candle","War Paint","StoneCalendar","champ:Barbells","Pantograph","TungstenRod","Dream Catcher","downfall:HeartBlessingBlue","Bag of Marbles"],"acts_visited":["Exordium","TheCity","TheBeyond"],"potions_floor_usage":[27,28,29,31,32,32,33,44,44,50,50,50],"damage_taken":[{"damage":0.0,"enemies":"2 Louse","floor":2.0,"turns":1.0},{"damage":0.0,"enemies":"Jaw Worm","floor":5.0,"turns":1.0},{"damage":0.0,"enemies":"Lagavulin","floor":6.0,"turns":1.0},{"damage":0.0,"enemies":"Cultist","floor":8.0,"turns":3.0},{"damage":21.0,"enemies":"Gremlin Nob","floor":9.0,"turns":4.0},{"damage":10.0,"enemies":"Large Slime","floor":13.0,"turns":4.0},{"damage":0.0,"enemies":"3 Louse","floor":15.0,"turns":2.0},{"damage":23.0,"enemies":"IC_STATUS_ARCHETYPE","floor":16.0,"turns":6.0},{"damage":0.0,"enemies":"Chosen","floor":19.0,"turns":4.0},{"damage":0.0,"enemies":"Snecko","floor":21.0,"turns":4.0},{"damage":6.0,"enemies":"Book of Stabbing","floor":23.0,"turns":6.0},{"damage":10.0,"enemies":"Chosen and Byrds","floor":26.0,"turns":5.0},{"damage":0,"enemies":"Shelled Parasite and Fungi","floor":27,"turns":1},{"damage":5,"enemies":"downfall:FleeingMerchant","floor":28,"turns":4},{"damage":0,"enemies":"Cultist and Chosen","floor":29,"turns":4},{"damage":33,"enemies":"Gremlin Leader","floor":31,"turns":4},{"damage":8,"enemies":"Snecko","floor":32,"turns":3},{"damage":15,"enemies":"WA_ARCHETYPE_CALM","floor":33,"turns":5},{"damage":0,"enemies":"Orb Walker","floor":36,"turns":1},{"damage":4,"enemies":"3 Shapes","floor":37,"turns":3},{"damage":3,"enemies":"3 Darklings","floor":38,"turns":4},{"damage":2,"enemies":"downfall:FleeingMerchant","floor":39,"turns":4},{"damage":28,"enemies":"downfall:FleeingMerchant","floor":40,"turns":3},{"damage":0,"enemies":"Jaw Worm Horde","floor":43,"turns":2},{"damage":12,"enemies":"Nemesis","floor":44,"turns":2},{"damage":5,"enemies":"Transient","floor":46,"turns":5},{"damage":0,"enemies":"Spire Growth","floor":47,"turns":2},{"damage":0,"enemies":"4 Shapes","floor":48,"turns":5},{"damage":0,"enemies":"Writhing Mass","floor":49,"turns":2},{"damage":72,"enemies":"SI_POISON_ARCHETYPE","floor":50,"turns":4}],"seed_played":"-3587850872328406699","potions_obtained":[{"floor":6.0,"key":"sneckomod:MuddlingPotion"},{"floor":8.0,"key":"GamblersBrew"},{"floor":9.0,"key":"SpeedPotion"},{"floor":13.0,"key":"EssenceOfSteel"},{"floor":15.0,"key":"LiquidMemories"},{"floor":16.0,"key":"bronze:BuildAFunctionPotion"},{"floor":23.0,"key":"SteroidPotion"},{"floor":26.0,"key":"LiquidBronze"},{"floor":27,"key":"SkillPotion"},{"floor":28,"key":"EssenceOfSteel"},{"floor":29,"key":"Regen Potion"},{"floor":31,"key":"CultistPotion"},{"floor":32,"key":"sneckomod:MuddlingPotion"},{"floor":33,"key":"GamblersBrew"},{"floor":36,"key":"AttackPotion"},{"floor":37,"key":"AttackPotion"},{"floor":38,"key":"BlessingOfTheForge"},{"floor":39,"key":"Regen Potion"},{"floor":44,"key":"bronze:BuildAFunctionPotion"},{"floor":46,"key":"BlessingOfTheForge"},{"floor":47,"key":"LiquidMemories"}],"is_trial":false,"path_per_floor":["R","M","?","?","M","E","T","M","E","?","R","?","M","?","M","B",null,"R","M","?","M","?","E","T","R","M","M","$","M","R","E","M","B",null,"R","M","M","M","?","?","T","R","M","E","R","M","M","M","M","B"],"character_chosen":"THE_AUTOMATON","items_purchased":["Bronze Scales","Matryoshka","champ:Barbells","Pantograph"],"campfire_rested":3,"item_purchase_floors":[28,28,39,39],"current_hp_per_floor":[63,63,63,63,63,63,63,63,42,42,42,42,32,32,32,9,55,55,55,39,39,26,20,20,42,32,32,27,27,49,25,17,2,57,75,75,71,68,66,47,47,57,57,50,50,45,45,45,45,0,0,0],"gold":160,"neow_bonus":"THREE_ENEMY_KILL","is_daily":false,"chose_seed":false,"campfire_upgraded":3,"win_rate":0.0,"timestamp":1611211508,"path_taken":["R","M","?","?","?","E","T","?","E","?","R","?","M","?","M","BOSS","R","M","?","M","?","E","T","R","?","M","?","M","R","E","M","BOSS","R","M","M","M","?","?","T","R","?","E","R","M","M","?","M","BOSS"],"items_purchased_type":["Relic","Relic","Relic","Relic"],"build_version":"2020-12-22","purchased_purges":1,"victory":false,"max_hp_per_floor":[70,70,70,70,70,70,70,70,70,70,70,70,70,70,70,70,70,70,70,70,70,75,75,75,75,75,75,75,75,75,75,75,75,75,75,75,75,75,75,75,75,85,85,85,85,85,85,85,85,85,85,85],"card_choices":[{"not_picked":["bronze:BitShift","bronze:Overheat"],"picked":"bronze:Deprecate","floor":2.0},{"not_picked":["bronze:Refactor","bronze:Safeguard"],"picked":"bronze:OilSpill","floor":5.0},{"not_picked":["bronze:Backtrace","bronze:Overheat"],"picked":"bronze:WhirlingStrike","floor":6.0},{"not_picked":["bronze:Turbo","bronze:Repulsor"],"picked":"bronze:Terminator","floor":8.0},{"not_picked":["bronze:ItsAFeature","bronze:Allocate"],"picked":"bronze:FineTuning","floor":9.0},{"not_picked":["bronze:Break","bronze:WildBeam"],"picked":"bronze:Deprecate","floor":13.0},{"not_picked":["bronze:Shield","bronze:OilSpill"],"picked":"bronze:Constructor","floor":15.0},{"not_picked":["bronze:Assembly","bronze:BurnOut"],"picked":"bronze:Library","floor":16.0},{"not_picked":["bronze:WildBeam","bronze:CutThrough","bronze:DigitalCarnage+1"],"picked":"SKIP","floor":19.0},{"not_picked":["bronze:Shield","bronze:Invalidate"],"picked":"bronze:Deprecate","floor":21.0},{"not_picked":["bronze:WhirlingStrike+1","bronze:InfiniteBeams+1"],"picked":"bronze:Iterate","floor":23.0},{"not_picked":["bronze:Constructor","bronze:Return"],"picked":"bronze:Repulsor+1","floor":26.0},{"not_picked":["bronze:AlphaBuild","bronze:OilSpill"],"picked":"bronze:Invalidate","floor":27},{"not_picked":["bronze:Branch","bronze:Backtrace"],"picked":"bronze:ChildClass","floor":28},{"not_picked":["bronze:BitShift","bronze:WhirlingStrike"],"picked":"bronze:BronzeOrb","floor":29},{"not_picked":["bronze:Safeguard","bronze:Deprecate+1","bronze:Overheat"],"picked":"SKIP","floor":31},{"not_picked":["bronze:Shield","bronze:BuggyMess"],"picked":"bronze:Deprecate+1","floor":32},{"not_picked":["bronze:AlphaBuild","bronze:Hardcode"],"picked":"bronze:FindAndReplace","floor":33},{"not_picked":["bronze:DelayedSlice","bronze:FineTuning+1"],"picked":"bronze:Shield+1","floor":36},{"not_picked":["bronze:Overheat+1","bronze:Invalidate+1","bronze:Allocate+1"],"picked":"SKIP","floor":37},{"not_picked":["bronze:BurnOut","bronze:NullPointer"],"picked":"bronze:DelayedSlice+1","floor":38},{"not_picked":["bronze:Backtrace+1","bronze:BugBarrage"],"picked":"bronze:Iterate","floor":39},{"not_picked":["bronze:Verify","bronze:Overload"],"picked":"bronze:DelayedSlice+1","floor":43},{"not_picked":["bronze:Invalidate","bronze:BitShift+1"],"picked":"bronze:Branch+1","floor":44},{"not_picked":["bronze:Overheat+1","bronze:DelayedSlice+1"],"picked":"bronze:Separator+1","floor":46},{"not_picked":["bronze:WildBeam","bronze:WhirlingStrike","bronze:BugBarrage+1"],"picked":"SKIP","floor":47},{"not_picked":["bronze:DelayedGuard","bronze:DelayedSlice+1"],"picked":"bronze:OilSpill+1","floor":48},{"not_picked":["bronze:DigitalCarnage","bronze:Philosophize","bronze:Overheat+1"],"picked":"SKIP","floor":49}],"player_experience":1822631,"relics_obtained":[{"floor":6.0,"key":"Ginger"},{"floor":7.0,"key":"White Beast Statue"},{"floor":9.0,"key":"bronze:DecasWashers"},{"floor":20.0,"key":"Enchiridion"},{"floor":23.0,"key":"champ:DuelingGlove"},{"floor":24.0,"key":"hexamod:CandleOfCauterizing"},{"floor":31,"key":"Smiling Mask"},{"floor":34,"key":"Blue Candle"},{"floor":34,"key":"War Paint"},{"floor":34,"key":"StoneCalendar"},{"floor":40,"key":"TungstenRod"},{"floor":41,"key":"Dream Catcher"},{"floor":44,"key":"Bag of Marbles"}],"event_choices":[{"damage_healed":0.0,"max_hp_gain":0.0,"max_hp_loss":0.0,"gold_gain":0.0,"event_name":"Big Fish","player_choice":"Box","floor":3.0,"gold_loss":0.0,"damage_taken":0.0,"relics_obtained":["Peace Pipe"],"cards_obtained":["Regret"]},{"damage_healed":0.0,"max_hp_gain":0.0,"max_hp_loss":0.0,"gold_gain":0.0,"event_name":"Living Wall","player_choice":"Grow","floor":12.0,"gold_loss":0.0,"damage_taken":0.0,"cards_upgraded":["bronze:ChosenStrike"]}],"is_beta":false,"boss_relics":[{"not_picked":["Pandora\u0027s Box","Snecko Eye"],"picked":"bronze:PlatinumCore"},{"not_picked":["Black Star","Tiny House"],"picked":"Calling Bell"}],"items_purged_floors":[39],"is_endless":false,"potions_floor_spawned":[6,8,9,13,15,16,19,21,23,26,27,28,29,31,32,33,36,37,38,39,40,43,44,46,47,48,49],"killed_by":"SI_POISON_ARCHETYPE","ascension_level":6}}