{"host":"foq4mrde4mssg7vt","time":1611195916,"event":{"mods":["AchievementEnabler","BaseMod","Colored Map","Colored Powertips","Highlight Path","Minty Spire (QoL Compilation)","Relic Stats","everything is the same but u backflip on backflip"],"gold_per_floor":[111,111,121,131,149,149,163,163,186,221,90,24,44,57,57,133,133,147,197,207,218,234,234,253,253,253,253,267,267,96,131,131,208,208,221,91,110,1109,568,593,593,619,619,650,660,272,283,302,302,302,302,302,124,153,153],"floor_reached":56,"language":"ENG","playtime":4480,"items_purged":["Reprogram","Normality","Normality","Scrape"],"score":2198,"play_id":"ff1be758-cd4e-4b74-89c8-9663b8629421","local_time":"20210121102516","is_ascension_mode":true,"campfire_choices":[{"data":"Doom and Gloom","floor":6.0,"key":"SMITH"},{"data":"Cold Snap","floor":8.0,"key":"SMITH"},{"floor":15.0,"key":"REST"},{"data":"Defragment","floor":23.0,"key":"SMITH"},{"data":"Loop","floor":25.0,"key":"SMITH"},{"data":"Fission","floor":27.0,"key":"SMITH"},{"data":"Coolheaded","floor":32.0,"key":"SMITH"},{"floor":49.0,"key":"RECALL"},{"data":"Consume","floor":52.0,"key":"SMITH"}],"circlet_count":0,"master_deck":["AscendersBane","Zap","Dualcast","Cold Snap+1","Genetic Algorithm","Doom and Gloom+1","Coolheaded+1","Gash","Fission+1","Gash","Echo Form","Loop+1","Defragment+1","Conserve Battery+1","Sweeping Beam","Buffer","Compile Driver","Chill","Seek","Go for the Eyes","Compile Driver","Heatsinks","Fusion","Capacitor","Dark Shackles","Seek","Consume+1","Recycle","Conserve Battery","Stack"],"relics":["Cracked Core","Orichalcum","Cables","Bag of Preparation","Bird Faced Urn","Nunchaku","Coffee Dripper","Bag of Marbles","Strawberry","Pandora\u0027s Box","OrangePellets","PreservedInsect","MealTicket","Meat on the Bone","Pantograph","Vajra"],"acts_visited":["Exordium","TheCity","TheBeyond","TheEnding"],"potions_floor_usage":[55,55],"damage_taken":[{"damage":0.0,"enemies":"Cultist","floor":1.0,"turns":3.0},{"damage":0.0,"enemies":"2 Louse","floor":3.0,"turns":2.0},{"damage":2.0,"enemies":"Small Slimes","floor":4.0,"turns":3.0},{"damage":14.0,"enemies":"Exordium Thugs","floor":5.0,"turns":3.0},{"damage":4.0,"enemies":"Looter","floor":7.0,"turns":3.0},{"damage":23.0,"enemies":"Lagavulin","floor":10.0,"turns":7.0},{"damage":5.0,"enemies":"Red Slaver","floor":13.0,"turns":4.0},{"damage":0.0,"enemies":"3 Louse","floor":14.0,"turns":2.0},{"damage":9.0,"enemies":"The Guardian","floor":16.0,"turns":15.0},{"damage":12.0,"enemies":"3 Byrds","floor":18.0,"turns":5.0},{"damage":9.0,"enemies":"Spheric Guardian","floor":20.0,"turns":6.0},{"damage":14.0,"enemies":"Centurion and Healer","floor":21.0,"turns":6.0},{"damage":16.0,"enemies":"Shelled Parasite and Fungi","floor":22.0,"turns":11.0},{"damage":21.0,"enemies":"Cultist and Chosen","floor":24.0,"turns":12.0},{"damage":0.0,"enemies":"Snake Plant","floor":28.0,"turns":3.0},{"damage":19.0,"enemies":"Book of Stabbing","floor":31.0,"turns":8.0},{"damage":25.0,"enemies":"Champ","floor":33.0,"turns":17.0},{"damage":9.0,"enemies":"3 Shapes","floor":35.0,"turns":12.0},{"damage":0.0,"enemies":"3 Darklings","floor":37.0,"turns":5.0},{"damage":23.0,"enemies":"Nemesis","floor":40.0,"turns":15.0},{"damage":47.0,"enemies":"Giant Head","floor":42.0,"turns":12.0},{"damage":0.0,"enemies":"Reptomancer","floor":44.0,"turns":8.0},{"damage":4.0,"enemies":"4 Shapes","floor":45.0,"turns":8.0},{"damage":8.0,"enemies":"Maw","floor":47.0,"turns":11.0},{"damage":10.0,"enemies":"Writhing Mass","floor":48.0,"turns":18.0},{"damage":57.0,"enemies":"Awakened One","floor":50.0,"turns":21.0},{"damage":51.0,"enemies":"Shield and Spear","floor":54.0,"turns":11.0},{"damage":79,"enemies":"The Heart","floor":55,"turns":14}],"seed_played":"-4595110535050885676","potions_obtained":[{"floor":3.0,"key":"GamblersBrew"},{"floor":7.0,"key":"Weak Potion"},{"floor":22.0,"key":"GamblersBrew"},{"floor":31.0,"key":"LiquidMemories"},{"floor":33.0,"key":"Dexterity Potion"},{"floor":44.0,"key":"PotionOfCapacity"}],"is_trial":false,"path_per_floor":["M","T","M","M","M","R","M","R","T","E","$","?","M","M","R","B",null,"M","?","M","M","M","R","M","R","T","R","M","?","$","E","R","B",null,"M","$","M","?","$","E","?","E","T","E","M","$","M","M","R","B",null,"R","$","E","B",null],"character_chosen":"DEFECT","items_purchased":["Fission","FocusPotion","PotionOfCapacity","Buffer","FocusPotion","Dark Shackles","OrangePellets","Seek","Pantograph","Conserve Battery"],"campfire_rested":1,"item_purchase_floors":[11,11,30,30,36,39,39,39,46,53],"current_hp_per_floor":[64,64,64,62,48,48,44,44,44,21,21,21,16,16,37,28,60,50,50,47,39,33,33,20,20,20,20,28,28,28,24,24,13,62,67,67,78,78,78,75,74,31,31,47,63,74,66,74,74,49,68,68,74,49,23],"gold":153,"neow_bonus":"RANDOM_COMMON_RELIC","is_daily":false,"chose_seed":false,"campfire_upgraded":7,"win_rate":0.0,"timestamp":1611195916,"path_taken":["M","?","M","M","M","R","M","R","T","E","$","?","M","M","R","BOSS","M","?","?","M","M","R","M","R","T","R","M","?","?","E","R","BOSS","M","$","M","?","$","E","?","E","T","E","M","$","M","M","R","BOSS","R","$","E","BOSS"],"items_purchased_type":["Card","Potion","Potion","Card","Potion","Card","Relic","Card","Relic","Card"],"build_version":"2020-12-22","purchased_purges":4,"victory":true,"max_hp_per_floor":[71,71,71,71,71,71,71,71,71,71,71,71,71,71,71,71,71,71,71,71,71,71,71,71,71,71,71,71,71,71,78,78,78,78,78,78,78,78,78,78,74,74,74,74,74,74,74,74,74,74,74,74,74,74,74],"relic_stats":{"counters":[28,245],"PreservedInsect":268,"Bag of Preparation":[46],"Orichalcum":[402],"Cables":[216,43,162,10,1],"OrangePellets":[9],"Nunchaku":[42],"Bird Faced Urn":[215],"Pantograph":25,"Pandora\u0027s Box":["Chill","Reprogram","Seek","Go for the Eyes","Compile Driver","Heatsinks","Scrape","Fusion"],"MealTicket":17,"obtain_stats":[{"Vajra":54,"PreservedInsect":40,"Bag of Preparation":9,"Orichalcum":0,"Cables":2,"OrangePellets":39,"Nunchaku":12,"Bird Faced Urn":10,"Strawberry":31,"Pantograph":46,"Pandora\u0027s Box":34,"MealTicket":42,"Coffee Dripper":17,"Bag of Marbles":26,"Cracked Core":0,"Meat on the Bone":44},{"Vajra":27,"PreservedInsect":20,"Bag of Preparation":5,"Orichalcum":0,"Cables":1,"OrangePellets":19,"Nunchaku":6,"Bird Faced Urn":6,"Strawberry":16,"Pantograph":23,"Pandora\u0027s Box":17,"MealTicket":21,"Coffee Dripper":9,"Bag of Marbles":14,"Cracked Core":0,"Meat on the Bone":22},{"Vajra":231,"PreservedInsect":142,"Bag of Preparation":14,"Orichalcum":0,"Cables":3,"OrangePellets":127,"Nunchaku":21,"Bird Faced Urn":21,"Strawberry":93,"Pantograph":170,"Pandora\u0027s Box":110,"MealTicket":154,"Coffee Dripper":42,"Bag of Marbles":82,"Cracked Core":0,"Meat on the Bone":162}],"Meat on the Bone":36},"card_choices":[{"not_picked":["Sweeping Beam","Go for the Eyes"],"picked":"Cold Snap","floor":1.0},{"not_picked":["White Noise","Auto Shields"],"picked":"Genetic Algorithm","floor":3.0},{"not_picked":["Capacitor","Steam"],"picked":"Doom and Gloom","floor":4.0},{"not_picked":["Hologram","Steam"],"picked":"Coolheaded","floor":5.0},{"not_picked":["Chaos","Cold Snap","Coolheaded"],"picked":"SKIP","floor":7.0},{"not_picked":["Cold Snap","Conserve Battery"],"picked":"Gash","floor":10.0},{"not_picked":["Leap","Beam Cell","Turbo"],"picked":"SKIP","floor":13.0},{"not_picked":["Scrape","Coolheaded"],"picked":"Gash","floor":14.0},{"not_picked":["Hyperbeam","All For One"],"picked":"Echo Form","floor":16.0},{"not_picked":["Compile Driver","Chill"],"picked":"Loop","floor":18.0},{"not_picked":["Storm","White Noise"],"picked":"Defragment","floor":20.0},{"not_picked":["Reprogram","Leap"],"picked":"Conserve Battery+1","floor":21.0},{"not_picked":["Rebound","Rip and Tear+1","Gash"],"picked":"SKIP","floor":22.0},{"not_picked":["Cold Snap","Ball Lightning"],"picked":"Sweeping Beam","floor":24.0},{"not_picked":["Conserve Battery","Rebound","Scrape"],"picked":"SKIP","floor":28.0},{"not_picked":["Fusion","Sweeping Beam"],"picked":"Compile Driver","floor":31.0},{"not_picked":["Stack","Redo"],"picked":"Capacitor","floor":35.0},{"not_picked":["Cold Snap","Gash","Melter"],"picked":"SKIP","floor":37.0},{"not_picked":["Redo+1","Reprogram","Melter"],"picked":"SKIP","floor":40.0},{"not_picked":["Doom and Gloom","Sweeping Beam","Leap"],"picked":"SKIP","floor":42.0},{"not_picked":["Steam","Doom and Gloom+1"],"picked":"Consume","floor":44.0},{"not_picked":["Gash","Capacitor","Conserve Battery+1"],"picked":"SKIP","floor":45.0},{"not_picked":["Storm","Sweeping Beam+1","Ball Lightning"],"picked":"SKIP","floor":47.0},{"not_picked":["Steam","Self Repair+1"],"picked":"Recycle","floor":48.0},{"not_picked":["Gash","Leap"],"picked":"Stack","floor":54.0}],"player_experience":520144,"relics_obtained":[{"floor":2.0,"key":"Cables"},{"floor":9.0,"key":"Bag of Preparation"},{"floor":10.0,"key":"Bird Faced Urn"},{"floor":26.0,"key":"Bag of Marbles"},{"floor":31.0,"key":"Strawberry"},{"floor":40.0,"key":"PreservedInsect"},{"floor":42.0,"key":"MealTicket"},{"floor":44.0,"key":"Meat on the Bone"},{"floor":54.0,"key":"Vajra"}],"event_choices":[{"damage_healed":0.0,"max_hp_gain":0.0,"max_hp_loss":0.0,"gold_gain":0.0,"event_name":"WeMeetAgain","player_choice":"Paid Gold","floor":12.0,"gold_loss":66.0,"damage_taken":0.0,"relics_obtained":["Nunchaku"]},{"damage_healed":0.0,"max_hp_gain":0.0,"max_hp_loss":0.0,"gold_gain":100.0,"event_name":"The Joust","player_choice":"Bet on Murderer","floor":19.0,"gold_loss":50.0,"damage_taken":0.0},{"damage_healed":0.0,"max_hp_gain":0.0,"max_hp_loss":0.0,"gold_gain":0.0,"event_name":"Match and Keep!","player_choice":"0 cards matched","floor":29.0,"gold_loss":0.0,"damage_taken":0.0,"cards_obtained":[]},{"damage_healed":0.0,"max_hp_gain":0.0,"max_hp_loss":0.0,"gold_gain":999.0,"event_name":"MindBloom","player_choice":"Gold","floor":38.0,"gold_loss":0.0,"damage_taken":0.0,"cards_obtained":["Normality","Normality"]},{"damage_healed":0.0,"max_hp_gain":0.0,"max_hp_loss":4.0,"gold_gain":0.0,"event_name":"Winding Halls","player_choice":"Max HP","floor":41.0,"gold_loss":0.0,"damage_taken":0.0}],"is_beta":false,"boss_relics":[{"not_picked":["Inserter","Tiny House"],"picked":"Coffee Dripper"},{"not_picked":["Astrolabe","Fusion Hammer"],"picked":"Pandora\u0027s Box"}],"items_purged_floors":[36,39,46,53],"is_endless":false,"potions_floor_spawned":[3,7,10,16,20,21,22,31,33,40,44,48],"ascension_level":19}}