{"host":"13o02hya6v6rzuva","time":1611232715,"event":{"mods":["BaseMod","Minty Spire (QoL Compilation)","Relic Stats"],"gold_per_floor":[112,187,42,7,7,42,42,107,157,157,64,97,97,111,111,210,210,229,229,0,16,16,16,16],"floor_reached":23,"language":"ENG","playtime":685,"items_purged":["Writhe"],"score":290,"play_id":"644a784b-b963-4f9e-890e-6a02d4dd058f","local_time":"20210121133835","is_ascension_mode":true,"campfire_choices":[{"data":"Defragment","floor":7.0,"key":"SMITH"},{"data":"Defragment","floor":10.0,"key":"SMITH"},{"floor":13.0,"key":"REST"},{"data":"Sunder","floor":15.0,"key":"SMITH"}],"circlet_count":0,"master_deck":["AscendersBane","Strike_B","Strike_B","Strike_B","Strike_B","Defend_B","Defend_B","Defend_B","Defend_B","Zap","Dualcast","Sweeping Beam","Tempest","Defragment+1","BootSequence","Coolheaded","Reinforced Body","Sunder+1","Defragment+1","Dramatic Entrance","Ball Lightning","Force Field","Electrodynamics","Barrage","Static Discharge","Melter","Stack","Defragment+1"],"relics":["Cursed Key","Orrery","Juzu Bracelet","Bottled Flame","Dead Branch","Inserter"],"acts_visited":["Exordium","TheCity"],"potions_floor_usage":[23],"damage_taken":[{"damage":7.0,"enemies":"Small Slimes","floor":1.0,"turns":3.0},{"damage":17.0,"enemies":"3 Sentries","floor":6.0,"turns":7.0},{"damage":20.0,"enemies":"Lagavulin Event","floor":8.0,"turns":6.0},{"damage":18.0,"enemies":"Gremlin Nob","floor":12.0,"turns":6.0},{"damage":0.0,"enemies":"2 Louse","floor":14.0,"turns":1.0},{"damage":17,"enemies":"The Guardian","floor":16,"turns":9},{"damage":0,"enemies":"3 Byrds","floor":18,"turns":3},{"damage":10,"enemies":"Chosen","floor":21,"turns":4},{"damage":65,"enemies":"Slavers","floor":23,"turns":3}],"seed_played":"3238689892464699627","potions_obtained":[{"floor":8.0,"key":"SpeedPotion"},{"floor":12.0,"key":"FocusPotion"},{"floor":14.0,"key":"PowerPotion"}],"is_trial":false,"path_per_floor":["M","?","$","?","?","E","R","?","T","R","$","E","R","M","R","B",null,"M","?","$","M","?","E"],"character_chosen":"DEFECT","items_purchased":["Orrery","Dramatic Entrance","Static Discharge","Melter","Stack"],"campfire_rested":1,"item_purchase_floors":[3,11,20,20,20],"current_hp_per_floor":[61,50,50,68,73,56,56,36,36,36,36,18,42,42,42,25,66,66,66,66,56,56,0,0],"gold":16,"neow_bonus":"BOSS_RELIC","is_daily":false,"chose_seed":false,"campfire_upgraded":3,"win_rate":0.0,"timestamp":1611232715,"path_taken":["M","?","$","?","?","E","R","?","T","R","?","E","R","M","R","BOSS","M","?","$","M","?","E"],"items_purchased_type":["Relic","Card","Card","Card","Card"],"build_version":"2020-12-22","purchased_purges":1,"victory":false,"max_hp_per_floor":[75,75,75,75,80,80,80,80,80,80,80,80,80,80,80,80,80,80,80,80,80,80,80,80],"relic_stats":{"Inserter":[5],"counters":[9,42],"Dead Branch":[12],"Juzu Bracelet":0,"Cursed Key":1,"obtain_stats":[{"Bottled Flame":8,"Inserter":17,"Dead Branch":12,"Orrery":3,"Juzu Bracelet":6,"Cracked Core":0,"Cursed Key":0},{"Bottled Flame":3,"Inserter":6,"Dead Branch":4,"Orrery":1,"Juzu Bracelet":2,"Cracked Core":0,"Cursed Key":0},{"Bottled Flame":16,"Inserter":32,"Dead Branch":22,"Orrery":3,"Juzu Bracelet":10,"Cracked Core":0,"Cursed Key":0}]},"card_choices":[{"not_picked":["Coolheaded","Skim"],"picked":"Sweeping Beam","floor":1.0},{"not_picked":["Thunder Strike","Cold Snap"],"picked":"Tempest","floor":3.0},{"not_picked":["Double Energy","Compile Driver"],"picked":"Defragment","floor":3.0},{"not_picked":["Steam","Beam Cell"],"picked":"BootSequence","floor":3.0},{"not_picked":["Recycle","Compile Driver"],"picked":"Coolheaded","floor":3.0},{"not_picked":["Beam Cell","Conserve Battery"],"picked":"Reinforced Body","floor":3.0},{"not_picked":["Echo Form","Compile Driver"],"picked":"Sunder","floor":6.0},{"not_picked":["Go for the Eyes","Compile Driver"],"picked":"Defragment","floor":8.0},{"not_picked":["Chaos","Stack"],"picked":"Ball Lightning","floor":12.0},{"not_picked":["White Noise","Chaos"],"picked":"Force Field","floor":14.0},{"not_picked":["Hyperbeam","Seek"],"picked":"Electrodynamics","floor":16},{"not_picked":["Sweeping Beam","Steam"],"picked":"Barrage","floor":18},{"not_picked":["Ball Lightning","Cold Snap","Steam+1"],"picked":"SKIP","floor":21}],"player_experience":1142433,"relics_obtained":[{"floor":6.0,"key":"Juzu Bracelet"},{"floor":8.0,"key":"Bottled Flame"},{"floor":12.0,"key":"Dead Branch"}],"event_choices":[{"damage_healed":0.0,"max_hp_gain":0.0,"max_hp_loss":0.0,"gold_gain":75.0,"event_name":"World of Goop","player_choice":"Gather Gold","floor":2.0,"gold_loss":0.0,"damage_taken":11.0},{"damage_healed":18.0,"max_hp_gain":0.0,"max_hp_loss":0.0,"gold_gain":0.0,"event_name":"The Cleric","player_choice":"Healed","floor":4.0,"gold_loss":35.0,"damage_taken":0.0},{"damage_healed":0.0,"max_hp_gain":5.0,"max_hp_loss":0.0,"gold_gain":0.0,"event_name":"Big Fish","player_choice":"Donut","floor":5.0,"gold_loss":0.0,"damage_taken":0.0},{"damage_healed":0.0,"max_hp_gain":0.0,"max_hp_loss":0.0,"gold_gain":0.0,"event_name":"Dead Adventurer","player_choice":"Searched \u00271\u0027 times","floor":8.0,"gold_loss":0.0,"damage_taken":0.0},{"damage_healed":0,"gold_gain":0,"player_choice":"Ignored","damage_taken":0,"max_hp_gain":0,"max_hp_loss":0,"event_name":"Ghosts","floor":19,"gold_loss":0},{"damage_healed":0,"gold_gain":0,"player_choice":"Copied","damage_taken":0,"max_hp_gain":0,"max_hp_loss":0,"event_name":"Duplicator","floor":22,"gold_loss":0,"cards_obtained":["Defragment"]}],"is_beta":false,"boss_relics":[{"not_picked":["Calling Bell","Runic Pyramid"],"picked":"Inserter"}],"items_purged_floors":[20],"is_endless":false,"potions_floor_spawned":[8,12,14,16,18],"killed_by":"Slavers","ascension_level":10}}