{"host":"vyjryxuuuxkt43k4","time":1611211827,"event":{"mods":["AchievementEnabler","BaseMod","Colored Map","DeckTracker","Keyboard Shortcuts","Minty Spire (QoL Compilation)","Permanent Neow","Quick Restart","StSLib","SuperFastMode","everything is the same but u backflip on backflip"],"gold_per_floor":[113,127,144,144,162,190,190,223,223,51,51,51,68,14,14,91,91,104,84,104,19,30,30,61,79,79,99,115,115,130,130,130,203,203,215,140,152,163,163,180,180,197,222,253,253,284,34,46,46,46,46,46,2,37,37,37],"floor_reached":55,"language":"KOR","playtime":3645,"items_purged":["Writhe","Doubt"],"score":1387,"play_id":"06a36e0d-2ee8-4cef-a2a4-d2f77c8be984","local_time":"20210121155027","is_ascension_mode":true,"campfire_choices":[{"data":"Carnage","floor":7.0,"key":"SMITH"},{"floor":11.0,"key":"REST"},{"data":"Fire Breathing","floor":15.0,"key":"SMITH"},{"data":"Offering","floor":23.0,"key":"SMITH"},{"data":"Feel No Pain","floor":29.0,"key":"SMITH"},{"data":"Evolve","floor":32.0,"key":"SMITH"},{"data":"Demon Form","floor":41.0,"key":"SMITH"},{"data":"Heavy Blade","floor":45.0,"key":"SMITH"},{"floor":49.0,"key":"RECALL"},{"data":"Limit Break","floor":52.0,"key":"SMITH"}],"circlet_count":0,"master_deck":["AscendersBane","Strike_R","Strike_R","Strike_R","Strike_R","Defend_R","Defend_R","Defend_R","Defend_R","Bash+1","Shrug It Off","Body Slam+1","Headbutt","Carnage+1","Fire Breathing+1","Thunderclap","Offering+1","Feel No Pain+1","Second Wind","Flame Barrier","Flame Barrier+1","Demon Form+1","Heavy Blade+1","Writhe","Heavy Blade+1","Evolve+1","Havoc+1","Reaper","Second Wind+1","Wild Strike+1","Pommel Strike+1","Flex+1","Limit Break+1","Seeing Red","Feel No Pain"],"relics":["Burning Blood","Letter Opener","Bottled Flame","Meat on the Bone","Anchor","Cursed Key","Mummified Hand","Bottled Lightning","InkBottle","Runic Pyramid","Unceasing Top","MawBank","Medical Kit","Centennial Puzzle"],"acts_visited":["Exordium","TheCity","TheBeyond","TheEnding"],"potions_floor_usage":[55],"damage_taken":[{"damage":9.0,"enemies":"Jaw Worm","floor":1.0,"turns":4.0},{"damage":3.0,"enemies":"Cultist","floor":2.0,"turns":4.0},{"damage":7.0,"enemies":"Small Slimes","floor":3.0,"turns":4.0},{"damage":13.0,"enemies":"3 Louse","floor":5.0,"turns":4.0},{"damage":22.0,"enemies":"Gremlin Nob","floor":6.0,"turns":3.0},{"damage":29.0,"enemies":"3 Sentries","floor":8.0,"turns":7.0},{"damage":2.0,"enemies":"Gremlin Gang","floor":13.0,"turns":4.0},{"damage":8.0,"enemies":"Slime Boss","floor":16.0,"turns":6.0},{"damage":0.0,"enemies":"Chosen","floor":18.0,"turns":3.0},{"damage":26.0,"enemies":"2 Thieves","floor":20.0,"turns":4.0},{"damage":36.0,"enemies":"Shelled Parasite and Fungi","floor":22.0,"turns":3.0},{"damage":22.0,"enemies":"Slavers","floor":24.0,"turns":4.0},{"damage":19.0,"enemies":"Snecko","floor":25.0,"turns":5.0},{"damage":14.0,"enemies":"Centurion and Healer","floor":27.0,"turns":7.0},{"damage":6.0,"enemies":"Shelled Parasite and Fungi","floor":28.0,"turns":3.0},{"damage":11.0,"enemies":"Cultist and Chosen","floor":30.0,"turns":5.0},{"damage":63.0,"enemies":"Automaton","floor":33.0,"turns":8.0},{"damage":42.0,"enemies":"3 Darklings","floor":35.0,"turns":5.0},{"damage":14.0,"enemies":"3 Shapes","floor":37.0,"turns":4.0},{"damage":28.0,"enemies":"Spire Growth","floor":38.0,"turns":5.0},{"damage":13.0,"enemies":"4 Shapes","floor":40.0,"turns":4.0},{"damage":6.0,"enemies":"Sphere and 2 Shapes","floor":42.0,"turns":4.0},{"damage":52.0,"enemies":"Reptomancer","floor":44.0,"turns":4.0},{"damage":48.0,"enemies":"Giant Head","floor":46.0,"turns":7.0},{"damage":6.0,"enemies":"Writhing Mass","floor":48.0,"turns":2.0},{"damage":68.0,"enemies":"Donu and Deca","floor":50.0,"turns":7.0},{"damage":39.0,"enemies":"Shield and Spear","floor":54.0,"turns":6.0},{"damage":87,"enemies":"The Heart","floor":55,"turns":3}],"seed_played":"6920625502255159287","potions_obtained":[{"floor":3.0,"key":"PowerPotion"},{"floor":8.0,"key":"DistilledChaos"},{"floor":16.0,"key":"Fire Potion"},{"floor":19.0,"key":"AttackPotion"},{"floor":22.0,"key":"Regen Potion"},{"floor":24.0,"key":"Dexterity Potion"},{"floor":27.0,"key":"Regen Potion"},{"floor":30.0,"key":"DuplicationPotion"},{"floor":35.0,"key":"Energy Potion"},{"floor":37.0,"key":"ColorlessPotion"},{"floor":39.0,"key":"Fruit Juice"},{"floor":40.0,"key":"BloodPotion"},{"floor":48.0,"key":"FearPotion"},{"floor":54.0,"key":"ColorlessPotion"}],"is_trial":false,"path_per_floor":["M","M","M","?","M","E","R","E","T","$","R","?","M","$","R","B",null,"M","?","M","$","M","R","E","M","T","M","M","R","M","?","R","B",null,"M","$","M","M","?","M","R","M","T","E","R","E","$","M","R","B",null,"R","$","E","B"],"character_chosen":"IRONCLAD","items_purchased":["Anchor","Fire Potion","Flame Barrier","Medical Kit","Seeing Red"],"campfire_rested":1,"item_purchase_floors":[10,14,21,47,53],"current_hp_per_floor":[65,68,67,67,60,44,44,21,21,21,43,43,47,47,47,45,68,74,74,54,54,36,36,44,43,43,47,47,47,54,54,54,24,62,50,50,47,41,46,67,67,67,67,52,52,46,46,58,58,53,73,73,73,60,0,0],"gold":37,"neow_bonus":"UPGRADE_CARD","is_daily":false,"chose_seed":false,"campfire_upgraded":8,"win_rate":0.0,"timestamp":1611211827,"path_taken":["M","M","M","?","M","E","R","E","T","$","R","?","?","?","R","BOSS","M","?","M","$","M","R","E","M","T","?","M","R","M","?","R","BOSS","M","$","M","M","?","M","R","?","T","E","R","E","?","M","R","BOSS","R","$","E","BOSS"],"items_purchased_type":["Relic","Potion","Card","Relic","Card"],"build_version":"2020-12-22","purchased_purges":2,"victory":false,"max_hp_per_floor":[75,75,75,75,75,75,75,75,75,75,75,75,75,75,75,75,75,75,75,75,75,75,75,75,75,75,75,75,75,75,75,75,75,75,75,75,75,75,80,80,80,80,80,80,80,80,80,80,80,80,80,80,80,80,80,80],"card_choices":[{"not_picked":["Flex","Cleave"],"picked":"Shrug It Off","floor":1.0},{"not_picked":["Armaments","Infernal Blade"],"picked":"Body Slam","floor":2.0},{"not_picked":["Warcry","Clothesline"],"picked":"Headbutt","floor":3.0},{"not_picked":["Sentinel","Inflame"],"picked":"Carnage","floor":5.0},{"not_picked":["Perfected Strike","Clash","Clothesline"],"picked":"SKIP","floor":6.0},{"not_picked":["Flex","Cleave"],"picked":"Fire Breathing","floor":8.0},{"not_picked":["Iron Wave","Searing Blow"],"picked":"Thunderclap","floor":13.0},{"not_picked":["Berserk","Juggernaut"],"picked":"Offering","floor":16.0},{"not_picked":["Hemokinesis","Thunderclap"],"picked":"Feel No Pain","floor":18.0},{"not_picked":["Intimidate","Feel No Pain"],"picked":"Second Wind","floor":20.0},{"not_picked":["Heavy Blade","Warcry"],"picked":"Flame Barrier+1","floor":22.0},{"not_picked":["Heavy Blade","Headbutt"],"picked":"Demon Form","floor":24.0},{"not_picked":["Clash","Iron Wave+1"],"picked":"Heavy Blade","floor":25.0},{"not_picked":["Shrug It Off","Battle Trance"],"picked":"Heavy Blade+1","floor":27.0},{"not_picked":["True Grit","Anger"],"picked":"Evolve","floor":28.0},{"not_picked":["Flex","Headbutt"],"picked":"Havoc+1","floor":30.0},{"not_picked":["Impervious","Bludgeon"],"picked":"Reaper","floor":33.0},{"not_picked":["Cleave","Infernal Blade"],"picked":"Second Wind+1","floor":35.0},{"not_picked":["Body Slam","Sentinel","Pommel Strike"],"picked":"SKIP","floor":37.0},{"not_picked":["Seeing Red","Rage","Blood for Blood"],"picked":"SKIP","floor":38.0},{"not_picked":["Carnage+1","Fire Breathing"],"picked":"Wild Strike+1","floor":40.0},{"not_picked":["Perfected Strike+1","Flex"],"picked":"Pommel Strike+1","floor":42.0},{"not_picked":["Shrug It Off","Evolve"],"picked":"Flex+1","floor":44.0},{"not_picked":["Clothesline+1","Wild Strike"],"picked":"Limit Break","floor":46.0},{"not_picked":["Sever Soul","Clothesline+1","Pommel Strike+1"],"picked":"SKIP","floor":48.0},{"not_picked":["Warcry","Armaments"],"picked":"Feel No Pain","floor":54.0}],"player_experience":193043,"relics_obtained":[{"floor":6.0,"key":"Letter Opener"},{"floor":8.0,"key":"Bottled Flame"},{"floor":9.0,"key":"Meat on the Bone"},{"floor":24.0,"key":"Mummified Hand"},{"floor":26.0,"key":"Bottled Lightning"},{"floor":44.0,"key":"Unceasing Top"},{"floor":46.0,"key":"MawBank"},{"floor":54.0,"key":"Centennial Puzzle"}],"event_choices":[{"damage_healed":0.0,"max_hp_gain":0.0,"max_hp_loss":0.0,"gold_gain":0.0,"event_name":"Living Wall","player_choice":"Grow","floor":4.0,"gold_loss":0.0,"damage_taken":0.0,"cards_upgraded":["Body Slam"]},{"cards_removed":["Strike_R"],"damage_healed":0.0,"max_hp_gain":0.0,"max_hp_loss":0.0,"gold_gain":0.0,"event_name":"Purifier","player_choice":"Purged","floor":12.0,"gold_loss":0.0,"damage_taken":0.0},{"damage_healed":0.0,"max_hp_gain":0.0,"max_hp_loss":0.0,"gold_gain":0.0,"event_name":"The Woman in Blue","player_choice":"Bought 1 Potion","floor":19.0,"gold_loss":0.0,"damage_taken":0.0},{"damage_healed":0.0,"max_hp_gain":0.0,"max_hp_loss":0.0,"gold_gain":0.0,"event_name":"The Mausoleum","player_choice":"Opened","floor":31.0,"gold_loss":0.0,"damage_taken":0.0,"relics_obtained":["InkBottle"],"cards_obtained":["Writhe"]},{"damage_healed":0.0,"max_hp_gain":0.0,"max_hp_loss":0.0,"gold_gain":0.0,"event_name":"Lab","player_choice":"Got Potions","floor":39.0,"gold_loss":0.0,"damage_taken":0.0}],"is_beta":false,"boss_relics":[{"not_picked":["Busted Crown","SlaversCollar"],"picked":"Cursed Key"},{"not_picked":["Velvet Choker","Coffee Dripper"],"picked":"Runic Pyramid"}],"items_purged_floors":[36,47],"is_endless":false,"potions_floor_spawned":[3,8,16,22,24,27,30,35,37,40,48,54],"killed_by":"The Heart","ascension_level":17}}