{"host":"vyjryxuuuxkt43k4","time":1611239491,"event":{"mods":["AchievementEnabler","BaseMod","Colored Map","DeckTracker","Keyboard Shortcuts","Minty Spire (QoL Compilation)","Permanent Neow","Quick Restart","StSLib","SuperFastMode","everything is the same but u backflip on backflip"],"gold_per_floor":[410,429,39,39,39,39,39,39,39,39,39,64,64,108,108,204,204,219,295,318,23,23,66,89,105,131,149,149,42,42,56,56,147,147,147,147],"floor_reached":35,"language":"KOR","playtime":897,"items_purged":[],"score":709,"play_id":"c842b4fa-affc-479d-858b-becf7d93ee51","local_time":"20210121233131","is_ascension_mode":true,"campfire_choices":[{"floor":6.0,"key":"REST"},{"floor":8.0,"key":"REST"},{"data":"Pummel","floor":10.0,"key":"SMITH"},{"data":"Bash","floor":13.0,"key":"SMITH"},{"data":"Dark Embrace","floor":15.0,"key":"SMITH"},{"floor":28.0,"key":"REST"},{"data":"Fire Breathing","floor":30.0,"key":"SMITH"},{"data":"Disarm","floor":32.0,"key":"SMITH"}],"circlet_count":0,"master_deck":["AscendersBane","Strike_R+1","Strike_R","Strike_R","Strike_R","Strike_R","Defend_R","Defend_R","Defend_R","Defend_R","Bash+1","Pummel+1","Blood for Blood+1","Dark Embrace+1","Immolate+1","Feel No Pain","Fire Breathing+1","Thunderclap","Power Through","Disarm+1","Shrug It Off","Offering"],"relics":["Burning Blood","Old Coin","Tiny Chest","Potion Belt","Golden Idol","StrikeDummy","Red Skull","SacredBark","Mummified Hand","Lee\u0027s Waffle","Torii","Snecko Eye"],"acts_visited":["Exordium","TheCity","TheBeyond"],"potions_floor_usage":[],"damage_taken":[{"damage":19.0,"enemies":"Jaw Worm","floor":1.0,"turns":5.0},{"damage":10.0,"enemies":"Small Slimes","floor":2.0,"turns":4.0},{"damage":1.0,"enemies":"Cultist","floor":12.0,"turns":3.0},{"damage":30.0,"enemies":"3 Sentries","floor":14.0,"turns":5.0},{"damage":16.0,"enemies":"Hexaghost","floor":16.0,"turns":8.0},{"damage":30.0,"enemies":"Shell Parasite","floor":18.0,"turns":3.0},{"damage":23.0,"enemies":"Spheric Guardian","floor":20.0,"turns":4.0},{"damage":35.0,"enemies":"Gremlin Leader","floor":23.0,"turns":4.0},{"damage":15.0,"enemies":"Snecko","floor":24.0,"turns":3.0},{"damage":16.0,"enemies":"Cultist and Chosen","floor":25.0,"turns":4.0},{"damage":14.0,"enemies":"Snake Plant","floor":27.0,"turns":2.0},{"damage":15.0,"enemies":"Centurion and Healer","floor":31.0,"turns":5.0},{"damage":48.0,"enemies":"Collector","floor":33.0,"turns":9.0},{"damage":62,"enemies":"3 Darklings","floor":35,"turns":2}],"seed_played":"-7442082549444844165","potions_obtained":[{"floor":2.0,"key":"Weak Potion"},{"floor":12.0,"key":"EntropicBrew"},{"floor":20.0,"key":"ColorlessPotion"},{"floor":27.0,"key":"ColorlessPotion"},{"floor":31.0,"key":"BlessingOfTheForge"},{"floor":33.0,"key":"AttackPotion"}],"is_trial":false,"path_per_floor":["M","M","$","?","?","R","$","R","T","R","?","M","R","E","R","B",null,"M","T","M","$","?","E","M","M","T","M","R","$","R","M","R","B",null,"M"],"character_chosen":"IRONCLAD","items_purchased":["PowerPotion","Tiny Chest","Potion Belt","Strength Potion","EssenceOfSteel","Lee\u0027s Waffle","BloodPotion","Block Potion"],"campfire_rested":3,"item_purchase_floors":[3,3,3,21,21,21,29,29],"current_hp_per_floor":[37,33,33,10,10,30,30,50,50,50,50,55,55,31,31,21,56,32,32,15,75,75,46,37,27,27,19,41,41,41,32,32,20,61,0,0],"gold":147,"neow_bonus":"ONE_RARE_RELIC","is_daily":false,"chose_seed":false,"campfire_upgraded":5,"win_rate":0.0,"timestamp":1611239491,"path_taken":["M","M","$","?","?","R","$","R","T","R","?","M","R","E","R","BOSS","M","?","M","$","?","E","?","M","T","M","R","?","R","M","R","BOSS","M"],"items_purchased_type":["Potion","Relic","Relic","Potion","Potion","Relic","Potion","Potion"],"build_version":"2020-12-22","purchased_purges":0,"victory":false,"max_hp_per_floor":[75,75,75,75,68,68,68,68,68,68,68,68,68,68,68,68,68,68,68,68,75,75,75,75,75,75,75,75,75,75,75,75,75,75,75,75],"card_choices":[{"not_picked":["Cleave","Thunderclap"],"picked":"Pummel","floor":1.0},{"not_picked":["Whirlwind","Flex"],"picked":"Blood for Blood","floor":2.0},{"not_picked":["Warcry","Rage","Pummel"],"picked":"SKIP","floor":12.0},{"not_picked":["Blood for Blood","True Grit"],"picked":"Dark Embrace","floor":14.0},{"not_picked":["Bludgeon","Feed"],"picked":"Immolate","floor":16.0},{"not_picked":["Heavy Blade","Burning Pact"],"picked":"Feel No Pain","floor":18.0},{"not_picked":["Perfected Strike","Havoc"],"picked":"Fire Breathing","floor":20.0},{"not_picked":["Wild Strike","Havoc"],"picked":"Thunderclap","floor":23.0},{"not_picked":["Metallicize","Inflame"],"picked":"Power Through","floor":24.0},{"not_picked":["Rupture","Armaments"],"picked":"Disarm","floor":25.0},{"not_picked":["Reckless Charge","Warcry","Wild Strike"],"picked":"SKIP","floor":27.0},{"not_picked":["Heavy Blade","Rupture"],"picked":"Shrug It Off","floor":31.0},{"not_picked":["Impervious","Bludgeon"],"picked":"Offering","floor":33.0}],"player_experience":212258,"relics_obtained":[{"floor":9.0,"key":"StrikeDummy"},{"floor":14.0,"key":"Red Skull"},{"floor":19.0,"key":"Mummified Hand"},{"floor":23.0,"key":"Torii"}],"event_choices":[{"damage_healed":0.0,"max_hp_gain":0.0,"max_hp_loss":0.0,"gold_gain":0.0,"event_name":"Shining Light","player_choice":"Entered Light","floor":4.0,"gold_loss":0.0,"damage_taken":23.0,"cards_upgraded":["Blood for Blood","Strike_R"]},{"damage_healed":0.0,"max_hp_gain":0.0,"max_hp_loss":7.0,"gold_gain":0.0,"event_name":"Golden Idol","player_choice":"Lose Max HP","floor":5.0,"gold_loss":0.0,"damage_taken":0.0,"relics_obtained":["Golden Idol"]},{"damage_healed":0.0,"max_hp_gain":0.0,"max_hp_loss":0.0,"gold_gain":0.0,"event_name":"Liars Game","player_choice":"Ignored","floor":11.0,"gold_loss":0.0,"damage_taken":0.0},{"damage_healed":0.0,"max_hp_gain":0.0,"max_hp_loss":0.0,"gold_gain":0.0,"event_name":"Upgrade Shrine","player_choice":"Upgraded","floor":22.0,"gold_loss":0.0,"damage_taken":0.0,"cards_upgraded":["Immolate"]}],"is_beta":false,"boss_relics":[{"not_picked":["Runic Pyramid","Coffee Dripper"],"picked":"SacredBark"},{"not_picked":["Astrolabe","Tiny House"],"picked":"Snecko Eye"}],"items_purged_floors":[],"is_endless":false,"potions_floor_spawned":[2,12,20,27,31,33],"killed_by":"3 Darklings","ascension_level":18}}