{"host":"l84l8xigz5v5foa2","time":1611230401,"event":{"mods":["2.2 Compatiblity","AchievementEnabler","BaseMod","Better Note","Better Vampires","Card Filter","Colored Map","DeckTracker","Gremlin Skip","Hermit","Highlight Path","Keyboard Shortcuts","Minty Spire (QoL Compilation)","Permanent Neow","Quick Restart","Relic Filter","Relic Stats","Shop Mod","StSLib","SuperFastMode","Transform Curses","Unknown Chances"],"gold_per_floor":[111,61,61,61,73,73,73,73,73,107,122,135,135,146,146,146,146],"floor_reached":16,"language":"KOR","playtime":604,"items_purged":[],"score":110,"play_id":"7e03f82e-6bc7-4a68-bf71-6c713ceb8b7c","local_time":"20210121210001","is_ascension_mode":true,"campfire_choices":[{"data":"hermit:CursedWeapon","floor":6.0,"key":"SMITH"},{"data":"hermit:Covet","floor":8.0,"key":"SMITH"},{"data":"hermit:Dive","floor":13.0,"key":"SMITH"},{"data":"hermit:DeadOrAlive","floor":15.0,"key":"SMITH"}],"circlet_count":0,"master_deck":["hermit:Strike_Hermit","hermit:Strike_Hermit","hermit:Strike_Hermit","hermit:Strike_Hermit","hermit:Defend_Hermit","hermit:Defend_Hermit+1","hermit:Defend_Hermit","hermit:Defend_Hermit","hermit:Snapshot","hermit:Covet+1","hermit:HeroicBravado","hermit:Manifest+1","hermit:CursedWeapon+1","hermit:Spite","hermit:Dive+1","hermit:DeadOrAlive+1"],"relics":["hermit:Momento","Art of War","Du-Vu Doll"],"acts_visited":["Exordium"],"potions_floor_usage":[16,16],"damage_taken":[{"damage":1.0,"enemies":"Small Slimes","floor":1.0,"turns":4.0},{"damage":0.0,"enemies":"Jaw Worm","floor":5.0,"turns":4.0},{"damage":17.0,"enemies":"Lagavulin","floor":10.0,"turns":12.0},{"damage":3.0,"enemies":"Cultist","floor":11.0,"turns":4.0},{"damage":8.0,"enemies":"Exordium Wildlife","floor":12.0,"turns":4.0},{"damage":2.0,"enemies":"Blue Slaver","floor":14.0,"turns":3.0},{"damage":36,"enemies":"Hexaghost","floor":16,"turns":14}],"seed_played":"-3332452317888228214","potions_obtained":[{"floor":1.0,"key":"DistilledChaos"},{"floor":14.0,"key":"DistilledChaos"}],"is_trial":false,"path_per_floor":["M","?","?","?","M","R","?","R","T","E","M","M","R","M","R","B"],"character_chosen":"HERMIT","items_purchased":[],"campfire_rested":0,"item_purchase_floors":[],"current_hp_per_floor":[74,74,79,63,63,63,63,63,63,46,43,35,35,33,33,0,0],"gold":146,"neow_bonus":"THREE_RARE_CARDS","is_daily":false,"chose_seed":false,"campfire_upgraded":4,"win_rate":0.0,"timestamp":1611230401,"path_taken":["M","?","?","?","?","R","?","R","T","E","M","M","R","M","R","BOSS"],"items_purchased_type":[],"build_version":"2020-12-22","purchased_purges":0,"victory":false,"max_hp_per_floor":[75,75,80,80,80,80,80,80,80,80,80,80,80,80,80,80,80],"relic_stats":{"counters":[7,45],"Art of War":[3],"obtain_stats":[{"Du-Vu Doll":10,"Art of War":9,"hermit:Momento":0},{"Du-Vu Doll":3,"Art of War":2,"hermit:Momento":0},{"Du-Vu Doll":20,"Art of War":8,"hermit:Momento":0}]},"card_choices":[{"not_picked":["hermit:Gambit","hermit:EternalForm"],"picked":"hermit:HeroicBravado","floor":0.0},{"not_picked":["hermit:Snipe","hermit:Headshot"],"picked":"hermit:Manifest","floor":1.0},{"not_picked":["hermit:Ricochet","hermit:Cheat"],"picked":"hermit:CursedWeapon","floor":5.0},{"not_picked":["hermit:SprayPray","hermit:Roulette"],"picked":"hermit:Spite","floor":10.0},{"not_picked":["hermit:BodyArmor","hermit:Feint","hermit:Desperado"],"picked":"SKIP","floor":11.0},{"not_picked":["hermit:WideOpen","hermit:Shortfuse"],"picked":"hermit:Dive","floor":12.0},{"not_picked":["hermit:Headshot","hermit:Malice"],"picked":"hermit:DeadOrAlive","floor":14.0}],"player_experience":1431764,"relics_obtained":[{"floor":9.0,"key":"Art of War"},{"floor":10.0,"key":"Du-Vu Doll"}],"event_choices":[{"cards_removed":["Doubt"],"damage_healed":0.0,"max_hp_gain":0.0,"max_hp_loss":0.0,"gold_gain":0.0,"event_name":"The Cleric","player_choice":"Card Removal","floor":2.0,"gold_loss":50.0,"damage_taken":0.0},{"damage_healed":0.0,"max_hp_gain":5.0,"max_hp_loss":0.0,"gold_gain":0.0,"event_name":"Big Fish","player_choice":"Donut","floor":3.0,"gold_loss":0.0,"damage_taken":0.0},{"damage_healed":0.0,"max_hp_gain":0.0,"max_hp_loss":0.0,"gold_gain":0.0,"event_name":"Shining Light","player_choice":"Entered Light","floor":4.0,"gold_loss":0.0,"damage_taken":16.0,"cards_upgraded":["hermit:Manifest","hermit:Defend_Hermit"]},{"damage_healed":0.0,"max_hp_gain":0.0,"max_hp_loss":0.0,"gold_gain":0.0,"event_name":"Liars Game","player_choice":"Ignored","floor":7.0,"gold_loss":0.0,"damage_taken":0.0}],"is_beta":false,"boss_relics":[],"items_purged_floors":[],"is_endless":false,"potions_floor_spawned":[1,14],"killed_by":"Hexaghost","ascension_level":2}}