{"host":"ml80p9p157c7xd90","time":1611201532,"event":{"mods":["Ascension Unlocker","Aspiration","BaseMod","Bestiary","Better Altar","Better Match","Better Note","Better Sensory Stone","Better Skull","Better Third Choice","Colored Map","Conspire","Dark Map","Downfall","Friendly Minions","Halation","Hubris","Minty Spire (QoL Compilation)","Relic Stats","StSLib","Wandering Minibosses"],"gold_per_floor":[99,99,99,99,99,20,20,30,62,62,54,83,83,99,107,107,107,107],"floor_reached":16,"language":"ENG","playtime":581,"items_purged":[],"score":216,"play_id":"28bbc2e8-6420-4f31-886b-0bb5f55cd3ab","local_time":"20210120205852","is_ascension_mode":true,"campfire_choices":[{"data":"champ:Taunt","floor":1,"key":"SMITH"},{"data":"champ:BerserkerStyle","floor":10,"key":"SMITH"},{"floor":13,"key":"REST"}],"circlet_count":0,"master_deck":["AscendersBane","champ:Strike","champ:Strike","champ:Strike","champ:Defend","champ:Defend","champ:Defend","champ:Defend","champ:Execute","champ:Taunt+1","champ:BerserkerStyle+1","Blind","champ:AdrenalArmor","champ:GutPunch","champ:Shatter","champ:BerserkersShout","champ:HeartStrike","champ:SwordThrow","champ:SwordSigil","champ:Endure"],"relics":["champ:ChampionCrown","downfall:HeartsMalice","aspiration:FrozenJewel","Anchor","aspiration:Lifesprig"],"acts_visited":["Exordium"],"potions_floor_usage":[12],"damage_taken":[{"damage":0,"enemies":"Jaw Worm","floor":3,"turns":1},{"damage":0,"enemies":"Small Slimes","floor":4,"turns":1},{"damage":0,"enemies":"downfall:FleeingMerchant","floor":6,"turns":1},{"damage":24,"enemies":"2 Louse","floor":8,"turns":2},{"damage":136,"enemies":"Lagavulin","floor":9,"turns":10},{"damage":51,"enemies":"Exordium Wildlife","floor":11,"turns":5},{"damage":68,"enemies":"Gremlin Nob","floor":12,"turns":5},{"damage":36,"enemies":"2 Fungi Beasts","floor":14,"turns":3},{"damage":28,"enemies":"Blue Slaver","floor":15,"turns":4},{"damage":21,"enemies":"IC_STATUS_ARCHETYPE","floor":16,"turns":2}],"seed_played":"8515044214379128313","potions_obtained":[{"floor":8,"key":"Ancient Potion"},{"floor":9,"key":"hexamod:SoulburnPotion"},{"floor":12,"key":"Energy Potion"}],"is_trial":false,"path_per_floor":["R","?","M","M","?","$","T","M","E","R","M","E","R","M","M","B"],"character_chosen":"THE_CHAMP","items_purchased":["champ:GutPunch","champ:Shatter"],"campfire_rested":1,"item_purchase_floors":[6,6],"current_hp_per_floor":[73,73,73,73,73,73,73,73,43,43,43,4,28,28,28,7,7,7],"gold":107,"neow_bonus":"THREE_ENEMY_KILL","is_daily":false,"chose_seed":false,"campfire_upgraded":2,"win_rate":0.0,"timestamp":1611201532,"path_taken":["R","?","M","M","?","?","T","M","E","R","M","E","R","?","M","BOSS"],"items_purchased_type":["Card","Card"],"build_version":"2020-12-22","purchased_purges":0,"victory":false,"max_hp_per_floor":[81,81,81,81,81,81,81,81,81,81,81,81,81,81,81,81,81,81],"relic_stats":{"counters":[10,31],"obtain_stats":[{"Anchor":9,"aspiration:Lifesprig":12,"champ:ChampionCrown":0,"downfall:HeartsMalice":0,"aspiration:FrozenJewel":7},{"Anchor":5,"aspiration:Lifesprig":7,"champ:ChampionCrown":0,"downfall:HeartsMalice":0,"aspiration:FrozenJewel":3},{"Anchor":12,"aspiration:Lifesprig":22,"champ:ChampionCrown":0,"downfall:HeartsMalice":0,"aspiration:FrozenJewel":0}]},"card_choices":[{"not_picked":["champ:BerserkersShout","champ:ShieldSigil"],"picked":"champ:BerserkerStyle","floor":3},{"not_picked":["champ:IronFortress","champ:FocusedDefense","champ:SetATrap"],"picked":"SKIP","floor":4},{"not_picked":["Enlightenment","Sadistic Nature"],"picked":"Blind","floor":5},{"not_picked":["champ:EnGarde","champ:EnchantCrown"],"picked":"champ:AdrenalArmor","floor":6},{"not_picked":["champ:GutPunch","champ:DefensiveShout"],"picked":"champ:BerserkersShout","floor":8},{"not_picked":["champ:TornadoPunch","champ:EnGarde"],"picked":"champ:HeartStrike","floor":9},{"not_picked":["champ:PreemptiveStrike","champ:CrownThrow"],"picked":"champ:SwordThrow","floor":11},{"not_picked":["champ:PerfectedStrike","champ:HeartStrike"],"picked":"champ:SwordSigil","floor":12},{"not_picked":["champ:FlashCut","champ:StanceDance","champ:SkillfulDodge"],"picked":"SKIP","floor":14},{"not_picked":["champ:FalseCounter","champ:IronFortress"],"picked":"champ:Endure","floor":15}],"player_experience":450634,"relics_obtained":[{"floor":7,"key":"aspiration:FrozenJewel"},{"floor":9,"key":"Anchor"},{"floor":12,"key":"aspiration:Lifesprig"}],"event_choices":[{"cards_removed":["champ:Strike"],"damage_healed":0,"gold_gain":0,"player_choice":"Card Removal","damage_taken":0,"max_hp_gain":0,"max_hp_loss":0,"event_name":"The Cleric","floor":2,"gold_loss":0},{"damage_healed":0,"gold_gain":1,"player_choice":"1","damage_taken":0,"max_hp_gain":0,"max_hp_loss":0,"event_name":"betterStone:BetterStone","floor":5,"gold_loss":0}],"is_beta":false,"boss_relics":[],"items_purged_floors":[],"is_endless":false,"potions_floor_spawned":[8,9,12],"killed_by":"IC_STATUS_ARCHETYPE","ascension_level":20}}