{"host":"6he3f0ic6yesrium","time":1611240414,"event":{"mods":["BaseMod","Better Altar","Better Match","Better Note","Better Sensory Stone","Better Skull","Better Third Choice","Colored Map","Conspire","Duelist Mod","Hermit","Hubris","Marisa????????","Mimic Mod","Minty Spire (QoL Compilation)","Replay The Spire","Shade Mod","Somnambulant","Spire Birthday Party","StSLib","The Alterego","The Disciple","The Forsaken","The Hierophant","The Mystic","The Necromancer","The Runesmith","The Servant 0.9.4","The Valiant","TheVacant"],"gold_per_floor":[137,137,151,151,168,168,185,196,265,6,18,18,18,36,36,36,36],"floor_reached":16,"language":"ENG","playtime":879,"items_purged":["theDuelist:Sparks"],"score":103,"play_id":"b3f554d4-b234-4d4a-8c81-2dec8494eaeb","local_time":"20210121094654","is_ascension_mode":true,"campfire_choices":[{"data":"theDuelist:DeltaMagnet","floor":6,"key":"SMITH"},{"data":"theDuelist:GrandSpellbookTower","floor":12,"key":"SMITH"},{"floor":15,"key":"REST"}],"circlet_count":0,"master_deck":["theDuelist:BeaverWarrior","theDuelist:BeaverWarrior","theDuelist:CastleWalls","theDuelist:CastleWalls","theDuelist:FinalFlame","theDuelist:GiantSoldier","theDuelist:GiantSoldier+1","theDuelist:ScrapFactory","theDuelist:Sparks","theDuelist:VoidVanishment+1","theDuelist:Mudballman","theDuelist:RainbowMagician","theDuelist:DeltaMagnet+1","theDuelist:ApprenticeIllusionMagician","theDuelist:DarkHorizon","theDuelist:RainbowMagician","theDuelist:DarkMagician","theDuelist:GrandSpellbookTower+1","theDuelist:MythicalBeast"],"relics":["theDuelist:MillenniumPuzzle","theDuelist:CardPoolRelic","theDuelist:CardPoolBasicRelic","theDuelist:BoosterPackPoolRelic","theDuelist:CardPoolAddRelic","theDuelist:CardPoolMinusRelic","theDuelist:CardPoolSaveRelic","theDuelist:CardPoolOptionsRelic","theDuelist:YugiMirror"],"acts_visited":["Exordium"],"potions_floor_usage":[7,11,11,11,14],"damage_taken":[{"damage":0,"enemies":"conspire:RoseBush","floor":1,"turns":3},{"damage":0,"enemies":"Small Slimes","floor":3,"turns":4},{"damage":0,"enemies":"Jaw Worm","floor":5,"turns":3},{"damage":3,"enemies":"Looter","floor":7,"turns":3},{"damage":20,"enemies":"Exordium Wildlife","floor":8,"turns":4},{"damage":1,"enemies":"conspire:2 RoseBushes","floor":11,"turns":3},{"damage":33,"enemies":"Lots of Slimes","floor":14,"turns":4},{"damage":34,"enemies":"Slime Boss","floor":16,"turns":6}],"seed_played":"-831700975358579386","potions_obtained":[{"floor":5,"key":"SpeedPotion"},{"floor":7,"key":"theDuelist:BigTributeBottle"},{"floor":11,"key":"theDuelist:BurningPotion"}],"is_trial":false,"path_per_floor":["M","?","M","?","M","R","M","M","T","$","M","R","?","M","R","B"],"character_chosen":"THE_DUELIST","items_purchased":["theDuelist:DarkMagician","Strength Potion","theDuelist:SummonFuryPotion"],"campfire_rested":1,"item_purchase_floors":[10,10,10],"current_hp_per_floor":[80,64,64,64,64,64,61,41,41,41,40,40,40,7,31,0,0],"gold":36,"neow_bonus":"ONE_RANDOM_RARE_CARD","is_daily":false,"chose_seed":false,"campfire_upgraded":2,"win_rate":0.0,"timestamp":1611240414,"path_taken":["M","?","M","?","M","R","M","M","T","$","M","R","?","?","R","BOSS"],"items_purchased_type":["Card","Potion","Potion"],"build_version":"2020-12-22","purchased_purges":1,"victory":false,"max_hp_per_floor":[80,80,80,80,80,80,80,80,80,80,80,80,80,80,80,80,80],"card_choices":[{"not_picked":["theDuelist:SpellShatteringArrow","theDuelist:AltarTribute","theDuelist:FlyingSaucer","theDuelist:CallAtlanteans"],"picked":"theDuelist:Mudballman","floor":1},{"not_picked":["theDuelist:SwordsBurning","theDuelist:DarkPaladin","theDuelist:IrisEarthMother","theDuelist:Wildfire"],"picked":"theDuelist:RainbowMagician","floor":3},{"not_picked":["theDuelist:SkilledDarkMagician","theDuelist:DarkMagicianGirl","theDuelist:GeminiElf","theDuelist:CosmicHorrorGangiel"],"picked":"theDuelist:ApprenticeIllusionMagician","floor":5},{"not_picked":["theDuelist:BadReaction","theDuelist:IcyCrevasse","theDuelist:FairyBox","theDuelist:StatueAnguishPattern"],"picked":"theDuelist:DarkHorizon","floor":7},{"not_picked":["theDuelist:InvitationDarkSleep","theDuelist:NeoMagic","theDuelist:SpiritHarp","theDuelist:LegendaryFlameLord","theDuelist:DoomShaman"],"picked":"SKIP","floor":8},{"not_picked":["theDuelist:DarkPaladin","theDuelist:FrontierWiseman","theDuelist:Graverobber","theDuelist:QueenDragunDjinn"],"picked":"theDuelist:GrandSpellbookTower","floor":11},{"not_picked":["theDuelist:DarkMagician","theDuelist:NeoMagic","theDuelist:BlizzardWarrior","theDuelist:SpellShatteringArrow"],"picked":"theDuelist:MythicalBeast","floor":14}],"player_experience":361020,"relics_obtained":[{"floor":9,"key":"theDuelist:YugiMirror"}],"event_choices":[{"damage_healed":80,"gold_gain":0,"player_choice":"Upgrade","damage_taken":16,"max_hp_gain":0,"max_hp_loss":80,"event_name":"betterThird:BetterShining","floor":2,"gold_loss":0,"cards_upgraded":["theDuelist:GiantSoldier","theDuelist:VoidVanishment"]},{"damage_healed":0,"gold_gain":0,"player_choice":"Delta Electro","duelist":true,"damage_taken":0,"max_hp_gain":0,"max_hp_loss":0,"event_name":"Egyptian Village","floor":4,"gold_loss":0,"cards_obtained":["Delta Electromagnet Warrior"]},{"damage_healed":0,"gold_gain":0,"player_choice":"Leave","duelist":true,"damage_taken":0,"max_hp_gain":0,"max_hp_loss":0,"event_name":"Card Trader","floor":13,"gold_loss":0}],"is_beta":false,"boss_relics":[],"items_purged_floors":[10],"is_endless":false,"potions_floor_spawned":[5,7,11],"killed_by":"Slime Boss","ascension_level":2}}