{"host":"rolltorest","time":1611187673,"event":{"mods":["BaseMod","Minty Spire (QoL Compilation)","Relic Stats","Slay the Relics Exporter","StSLib"],"gold_per_floor":[110,35,52,52,66,99,99,132,181,181,201,214,234,248,248,319,319,332,344,31,31,51,51,80,98,98,127,142,153,183,183,183,257,257,276,276,276,299,44,73,83,83,383,408,437,456,470,481,481,481,481,481,481,155,184,184,184],"floor_reached":56,"language":"ENG","playtime":2944,"items_purged":[],"score":2187,"play_id":"e8499b6c-dfa0-4b49-95eb-df41ea8ea2fe","local_time":"20210120160753","is_ascension_mode":true,"campfire_choices":[{"data":"Scrawl","floor":7,"key":"SMITH"},{"data":"Adaptation","floor":15,"key":"SMITH"},{"floor":23,"key":"REST"},{"floor":32,"key":"REST"},{"data":"MentalFortress","floor":42,"key":"SMITH"},{"floor":49,"key":"RECALL"},{"data":"MentalFortress","floor":53,"key":"SMITH"}],"circlet_count":0,"master_deck":["AscendersBane","Vigilance+1","DevaForm+1","Tantrum+1","FollowUp+1","Scrawl+1","Perseverance+1","FollowUp+1","Tantrum+1","FlurryOfBlows+1","SashWhip+1","FollowUp+1","EmptyFist+1","ClearTheMind+1","LessonLearned+1","Adaptation+1","FearNoEvil+1","ForeignInfluence+1","SpiritShield+1","MentalFortress+1","ThirdEye+1","WaveOfTheHand+1","Scrawl+1","SpiritShield+1","Collect+1","LikeWater+1","Meditate+1","MentalFortress+1","Meditate+1"],"relics":["Pandora\u0027s Box","Letter Opener","Whetstone","Centennial Puzzle","Orichalcum","Snecko Eye","PreservedInsect","Dead Branch","Thread and Needle","Toy Ornithopter","TeardropLocket","MutagenicStrength","Philosopher\u0027s Stone","Bronze Scales","Bag of Marbles","Old Coin","Du-Vu Doll","Incense Burner","HornCleat","Pantograph"],"acts_visited":["Exordium","TheCity","TheBeyond","TheEnding"],"potions_floor_usage":[22,24,27,28,33,51,56,56],"damage_taken":[{"damage":4,"enemies":"Jaw Worm","floor":1,"turns":2},{"damage":0,"enemies":"Cultist","floor":3,"turns":2},{"damage":0,"enemies":"Small Slimes","floor":5,"turns":2},{"damage":0,"enemies":"3 Sentries","floor":6,"turns":3},{"damage":0,"enemies":"Lagavulin","floor":8,"turns":4},{"damage":8,"enemies":"Red Slaver","floor":11,"turns":4},{"damage":0,"enemies":"2 Fungi Beasts","floor":12,"turns":2},{"damage":6,"enemies":"Exordium Wildlife","floor":13,"turns":2},{"damage":0,"enemies":"3 Louse","floor":14,"turns":3},{"damage":12,"enemies":"Slime Boss","floor":16,"turns":4},{"damage":12,"enemies":"Chosen","floor":18,"turns":4},{"damage":9,"enemies":"Shell Parasite","floor":19,"turns":2},{"damage":9,"enemies":"Sentry and Sphere","floor":22,"turns":4},{"damage":4,"enemies":"Gremlin Leader","floor":24,"turns":4},{"damage":7,"enemies":"3 Cultists","floor":25,"turns":4},{"damage":5,"enemies":"Book of Stabbing","floor":27,"turns":3},{"damage":0,"enemies":"Centurion and Healer","floor":28,"turns":3},{"damage":0,"enemies":"Sentry and Sphere","floor":29,"turns":3},{"damage":5,"enemies":"Gremlin Leader","floor":30,"turns":5},{"damage":12,"enemies":"Collector","floor":33,"turns":9},{"damage":0,"enemies":"3 Shapes","floor":35,"turns":4},{"damage":0,"enemies":"Nemesis","floor":40,"turns":7},{"damage":0,"enemies":"3 Darklings","floor":41,"turns":1},{"damage":0,"enemies":"Mind Bloom Boss Battle","floor":44,"turns":3},{"damage":0,"enemies":"Reptomancer","floor":45,"turns":3},{"damage":0,"enemies":"Spire Growth","floor":46,"turns":6},{"damage":0,"enemies":"Writhing Mass","floor":47,"turns":8},{"damage":0,"enemies":"4 Shapes","floor":48,"turns":8},{"damage":8,"enemies":"Time Eater","floor":50,"turns":10},{"damage":16,"enemies":"Donu and Deca","floor":51,"turns":7},{"damage":0,"enemies":"Shield and Spear","floor":55,"turns":13},{"damage":79,"enemies":"The Heart","floor":56,"turns":3}],"seed_played":"5418207522980273571","potions_obtained":[{"floor":1,"key":"Dexterity Potion"},{"floor":8,"key":"LiquidBronze"},{"floor":19,"key":"Energy Potion"},{"floor":21,"key":"StancePotion"},{"floor":24,"key":"EssenceOfSteel"},{"floor":25,"key":"Weak Potion"},{"floor":27,"key":"DistilledChaos"},{"floor":28,"key":"SpeedPotion"},{"floor":33,"key":"PowerPotion"},{"floor":47,"key":"StancePotion"}],"is_trial":false,"path_per_floor":["M","?","M","?","M","E","R","E","T","T","M","M","M","M","R","B",null,"M","M","$","?","M","R","E","M","T","E","M","M","E","?","R","B",null,"M","?","?","T","$","E","M","R","T","?","E","M","M","M","R","B","B",null,"R","$","E","B"],"character_chosen":"WATCHER","items_purchased":["SpiritShield","PreservedInsect","Collect","Bronze Scales","HornCleat","BottledMiracle"],"campfire_rested":2,"item_purchase_floors":[20,20,39,39,54,54],"current_hp_per_floor":[57,57,57,57,57,57,57,57,57,57,49,49,43,43,43,31,59,47,38,38,38,29,49,45,38,38,33,38,38,33,33,53,46,63,63,63,63,63,63,63,63,63,63,63,63,63,63,63,63,55,44,62,62,62,62,0,0],"gold":184,"neow_bonus":"BOSS_RELIC","is_daily":false,"chose_seed":false,"campfire_upgraded":4,"win_rate":0.0,"timestamp":1611187673,"path_taken":["M","?","M","?","M","E","R","E","T","?","M","M","?","M","R","BOSS","M","M","$","?","M","R","E","M","T","E","M","?","E","?","R","BOSS","M","?","?","?","$","E","?","R","T","?","E","M","M","M","R","BOSS","BOSS","R","$","E","BOSS"],"items_purchased_type":["Card","Relic","Card","Relic","Relic","Potion"],"build_version":"2020-12-18","purchased_purges":0,"victory":false,"max_hp_per_floor":[68,68,68,68,68,68,68,68,68,68,68,68,68,68,68,68,68,68,68,68,68,68,68,68,68,68,68,68,68,68,68,68,68,68,68,68,68,68,68,68,68,68,68,68,68,68,68,68,68,68,68,68,68,68,68,68,68],"relic_stats":{"counters":[32,142],"Dead Branch":[104],"PreservedInsect":327,"Letter Opener":[163],"Whetstone":["FlurryOfBlows","LessonLearned"],"Orichalcum":[174],"Centennial Puzzle":[42],"Bronze Scales":[186],"Pantograph":6,"Snecko Eye":[206,226,254,231],"Pandora\u0027s Box":["DevaForm","Tantrum","FollowUp","Scrawl","Perseverance","FollowUp","Tantrum","FlurryOfBlows"],"obtain_stats":[{"Dead Branch":24,"Thread and Needle":26,"PreservedInsect":20,"Incense Burner":45,"Letter Opener":6,"Whetstone":8,"TeardropLocket":30,"Orichalcum":10,"Old Coin":43,"Du-Vu Doll":44,"Centennial Puzzle":9,"HornCleat":54,"MutagenicStrength":31,"Bronze Scales":39,"Pantograph":55,"Snecko Eye":17,"Pandora\u0027s Box":0,"Philosopher\u0027s Stone":34,"Bag of Marbles":40,"PureWater":0,"Toy Ornithopter":27},{"Dead Branch":14,"Thread and Needle":15,"PreservedInsect":12,"Incense Burner":25,"Letter Opener":4,"Whetstone":5,"TeardropLocket":19,"Orichalcum":5,"Old Coin":23,"Du-Vu Doll":24,"Centennial Puzzle":5,"HornCleat":30,"MutagenicStrength":19,"Bronze Scales":21,"Pantograph":31,"Snecko Eye":10,"Pandora\u0027s Box":0,"Philosopher\u0027s Stone":20,"Bag of Marbles":22,"PureWater":0,"Toy Ornithopter":16},{"Dead Branch":42,"Thread and Needle":46,"PreservedInsect":34,"Incense Burner":87,"Letter Opener":9,"Whetstone":13,"TeardropLocket":60,"Orichalcum":13,"Old Coin":81,"Du-Vu Doll":84,"Centennial Puzzle":13,"HornCleat":126,"MutagenicStrength":60,"Bronze Scales":73,"Pantograph":139,"Snecko Eye":28,"Pandora\u0027s Box":0,"Philosopher\u0027s Stone":69,"Bag of Marbles":80,"PureWater":0,"Toy Ornithopter":49}],"Toy Ornithopter":23},"card_choices":[{"not_picked":["WheelKick","ThirdEye"],"picked":"SashWhip","floor":1},{"not_picked":["FlyingSleeves","Pray"],"picked":"FollowUp","floor":3},{"not_picked":["WaveOfTheHand","Swivel"],"picked":"EmptyFist","floor":5},{"not_picked":["Judgement","ForeignInfluence"],"picked":"ClearTheMind","floor":6},{"not_picked":["Crescendo","Weave"],"picked":"LessonLearned","floor":8},{"not_picked":["CutThroughFate","CrushJoints"],"picked":"Adaptation","floor":11},{"not_picked":["Wallop","Indignation"],"picked":"FearNoEvil","floor":12},{"not_picked":["EmptyFist","ForeignInfluence"],"picked":"CutThroughFate","floor":13},{"not_picked":["Protect","WheelKick"],"picked":"ForeignInfluence","floor":14},{"not_picked":["ClearTheMind","FollowUp","CarveReality"],"picked":"SKIP","floor":18},{"not_picked":["ForeignInfluence","FearNoEvil+1","FollowUp"],"picked":"SKIP","floor":19},{"not_picked":["PathToVictory+1","WreathOfFlame","Evaluate"],"picked":"SKIP","floor":22},{"not_picked":["LikeWater","CrushJoints+1"],"picked":"MentalFortress","floor":24},{"not_picked":["Tantrum","Vengeance"],"picked":"ThirdEye","floor":25},{"not_picked":["JustLucky","DeceiveReality"],"picked":"WaveOfTheHand","floor":27},{"not_picked":["SignatureMove","FollowUp+1","Protect"],"picked":"SKIP","floor":28},{"not_picked":["Halt","BattleHymn","Vengeance"],"picked":"SKIP","floor":29},{"not_picked":["WaveOfTheHand","CutThroughFate"],"picked":"Scrawl","floor":30},{"not_picked":["Brilliance","DevaForm"],"picked":"SpiritShield","floor":33},{"not_picked":["JustLucky","Weave","FollowUp+1"],"picked":"SKIP","floor":35},{"not_picked":["Sanctity","EmptyBody","SashWhip"],"picked":"SKIP","floor":40},{"not_picked":["Halt","CrushJoints+1"],"picked":"LikeWater+1","floor":41},{"not_picked":["Tantrum","SashWhip"],"picked":"Meditate","floor":44},{"not_picked":["Collect","FollowUp","Brilliance"],"picked":"SKIP","floor":45},{"not_picked":["JustLucky","FollowUp+1"],"picked":"MentalFortress","floor":46},{"not_picked":["BowlingBash","CrushJoints"],"picked":"Meditate","floor":47},{"not_picked":["CutThroughFate","SashWhip","Conclude"],"picked":"SKIP","floor":48},{"not_picked":["FollowUp","DeceiveReality","CutThroughFate"],"picked":"SKIP","floor":55}],"player_experience":1745949,"relics_obtained":[{"floor":6,"key":"Letter Opener"},{"floor":8,"key":"Whetstone"},{"floor":9,"key":"Centennial Puzzle"},{"floor":10,"key":"Orichalcum"},{"floor":24,"key":"Dead Branch"},{"floor":26,"key":"Thread and Needle"},{"floor":27,"key":"Toy Ornithopter"},{"floor":30,"key":"TeardropLocket"},{"floor":40,"key":"Bag of Marbles"},{"floor":43,"key":"Old Coin"},{"floor":44,"key":"Du-Vu Doll"},{"floor":45,"key":"Incense Burner"},{"floor":55,"key":"Pantograph"}],"event_choices":[{"cards_removed":["Eruption"],"damage_healed":0,"gold_gain":0,"player_choice":"Card Removal","damage_taken":0,"max_hp_gain":0,"max_hp_loss":0,"event_name":"The Cleric","floor":2,"gold_loss":75},{"damage_healed":0,"gold_gain":0,"player_choice":"Ignored","damage_taken":0,"max_hp_gain":0,"max_hp_loss":0,"event_name":"Golden Wing","floor":4,"gold_loss":0},{"damage_healed":0,"gold_gain":0,"player_choice":"Got Potions","damage_taken":0,"max_hp_gain":0,"max_hp_loss":0,"event_name":"Lab","floor":21,"gold_loss":0},{"damage_healed":0,"gold_gain":0,"player_choice":"Inject Mutagens","damage_taken":0,"relics_obtained":["MutagenicStrength"],"max_hp_gain":0,"max_hp_loss":0,"event_name":"Drug Dealer","floor":31,"gold_loss":0},{"damage_healed":0,"gold_gain":0,"player_choice":"Ignored","damage_taken":0,"max_hp_gain":0,"max_hp_loss":0,"event_name":"Tomb of Lord Red Mask","floor":36,"gold_loss":0},{"cards_removed":["CutThroughFate"],"damage_healed":0,"gold_gain":0,"player_choice":"Removed Attack","damage_taken":0,"max_hp_gain":0,"max_hp_loss":0,"event_name":"Falling","floor":37,"gold_loss":0},{"damage_healed":0,"gold_gain":0,"player_choice":"Fight","damage_taken":0,"max_hp_gain":0,"max_hp_loss":0,"event_name":"MindBloom","floor":44,"gold_loss":0}],"is_beta":true,"boss_relics":[{"not_picked":["Runic Dome","Fusion Hammer"],"picked":"Snecko Eye"},{"not_picked":["Sozu","SacredBark"],"picked":"Philosopher\u0027s Stone"}],"items_purged_floors":[],"is_endless":false,"potions_floor_spawned":[1,8,13,14,19,24,25,27,28,30,33,40,44,46,47],"killed_by":"The Heart","ascension_level":20}}