{"host":"Qube","time":1611270596,"event":{"mods":["AchievementEnabler","BaseMod","Colored Map","Colored Powertips","Highlight Path","Minty Spire (QoL Compilation)","Permanent Neow","Quick Restart","Random Character Button","StSLib"],"gold_per_floor":[119,119,143,163,163,163,198,198,250,275,310,322,372,404,416,524,536,573,623,550,1,1,32,32,45,70,20,36,36,75,0,0,0,0],"floor_reached":33,"language":"ENG","playtime":1195,"items_purged":["Bite"],"score":765,"play_id":"5732642a-24e6-4d26-8991-cf368f4554b4","local_time":"20210121150956","is_ascension_mode":true,"campfire_choices":[{"floor":6.0,"key":"REST"},{"floor":8.0,"key":"REST"},{"data":"Noxious Fumes","floor":15.0,"key":"SMITH"},{"floor":24,"key":"REST"},{"data":"Burst","floor":29,"key":"SMITH"},{"floor":32,"key":"REST"}],"circlet_count":0,"master_deck":["AscendersBane","Defend_G+1","Defend_G","Defend_G","Defend_G","Defend_G","Survivor","Neutralize","Acrobatics","Blade Dance","Blade Dance","Accuracy","Noxious Fumes+1","Footwork","Venomology","Terror","Bite","Bite","Bite","Bite","Slice","Blade Dance","Burst+1","Slice","Calculated Gamble+1"],"relics":["WristBlade","Golden Idol","Akabeko","MawBank","Regal Pillow","Calling Bell","Smiling Mask","Letter Opener","FossilizedHelix","Centennial Puzzle","Gremlin Horn","Pear","Pen Nib","Dream Catcher","MealTicket"],"acts_visited":["Exordium","TheCity"],"potions_floor_usage":[18,19,23,25,28,30],"damage_taken":[{"damage":7.0,"enemies":"Small Slimes","floor":1.0,"turns":4.0},{"damage":0.0,"enemies":"2 Louse","floor":3.0,"turns":3.0},{"damage":0.0,"enemies":"Jaw Worm","floor":4.0,"turns":3.0},{"damage":0.0,"enemies":"3 Sentries","floor":7.0,"turns":3.0},{"damage":0.0,"enemies":"Looter","floor":10.0,"turns":2.0},{"damage":1.0,"enemies":"Exordium Wildlife","floor":11.0,"turns":3.0},{"damage":11.0,"enemies":"Gremlin Nob","floor":13.0,"turns":3.0},{"damage":0.0,"enemies":"Lots of Slimes","floor":14.0,"turns":2.0},{"damage":0.0,"enemies":"Hexaghost","floor":16.0,"turns":9.0},{"damage":0,"enemies":"Spheric Guardian","floor":18,"turns":3},{"damage":11,"enemies":"3 Byrds","floor":19,"turns":7},{"damage":32,"enemies":"Book of Stabbing","floor":23,"turns":4},{"damage":0,"enemies":"Snecko","floor":25,"turns":3},{"damage":7,"enemies":"Centurion and Healer","floor":28,"turns":4},{"damage":17,"enemies":"Slavers","floor":30,"turns":3},{"damage":34,"enemies":"Automaton","floor":33,"turns":8}],"seed_played":"8288058406946487882","potions_obtained":[{"floor":3.0,"key":"SkillPotion"},{"floor":4.0,"key":"Energy Potion"},{"floor":13.0,"key":"AttackPotion"},{"floor":16.0,"key":"DistilledChaos"},{"floor":18,"key":"ColorlessPotion"},{"floor":23,"key":"DistilledChaos"}],"is_trial":false,"path_per_floor":["M","?","M","M","?","R","E","R","T","M","M","$","E","M","R","B",null,"M","M","?","$","?","E","R","M","T","$","M","R","E","?","R","B"],"character_chosen":"THE_SILENT","items_purchased":["Gremlin Horn","Pear"],"campfire_rested":4,"item_purchase_floors":[21,21],"current_hp_per_floor":[52,29,29,29,9,28,28,47,47,47,46,46,35,35,35,35,58,58,47,47,57,53,25,53,53,53,53,46,46,31,31,53,31,31],"gold":0,"neow_bonus":"BOSS_RELIC","is_daily":false,"chose_seed":false,"campfire_upgraded":2,"win_rate":0.0,"timestamp":1611270596,"path_taken":["M","?","M","M","?","R","E","R","T","M","M","$","E","M","R","BOSS","M","M","?","$","?","E","R","M","T","?","?","R","E","?","R","BOSS"],"items_purchased_type":["Relic","Relic"],"build_version":"2020-12-18","purchased_purges":1,"victory":false,"max_hp_per_floor":[66,66,66,66,66,66,66,66,66,66,66,66,66,66,66,66,66,66,66,66,76,53,53,53,53,53,53,53,53,53,53,53,53,53],"card_choices":[{"not_picked":["PiercingWail","Dagger Throw"],"picked":"Acrobatics","floor":1.0},{"not_picked":["Poisoned Stab","Cloak And Dagger"],"picked":"Blade Dance","floor":3.0},{"not_picked":["Expertise","Flechettes"],"picked":"Blade Dance","floor":4.0},{"not_picked":["Acrobatics","Flying Knee"],"picked":"Accuracy","floor":7.0},{"not_picked":["Expertise","Riddle With Holes"],"picked":"Finisher","floor":10.0},{"not_picked":["Outmaneuver","Skewer"],"picked":"Noxious Fumes","floor":11.0},{"not_picked":["Deflect","Crippling Poison"],"picked":"Footwork","floor":13.0},{"not_picked":["Concentrate","Bane","Deadly Poison"],"picked":"SKIP","floor":14.0},{"not_picked":["Malaise","Die Die Die"],"picked":"Venomology","floor":16.0},{"not_picked":["PiercingWail","Dagger Spray"],"picked":"Terror","floor":18},{"not_picked":["Heel Hook","Sucker Punch","Outmaneuver"],"picked":"SKIP","floor":19},{"not_picked":["PiercingWail","Catalyst"],"picked":"Slice","floor":23},{"not_picked":["Bane","Quick Slash+1"],"picked":"Blade Dance","floor":25},{"not_picked":["PiercingWail","Acrobatics"],"picked":"Burst","floor":28},{"not_picked":["Sucker Punch","Outmaneuver"],"picked":"Slice","floor":30},{"not_picked":["Sucker Punch","Crippling Poison"],"picked":"Calculated Gamble+1","floor":32}],"player_experience":950956,"relics_obtained":[{"floor":7.0,"key":"Akabeko"},{"floor":9.0,"key":"MawBank"},{"floor":13.0,"key":"Regal Pillow"},{"floor":17.0,"key":"Smiling Mask"},{"floor":17.0,"key":"Letter Opener"},{"floor":17.0,"key":"FossilizedHelix"},{"floor":23,"key":"Pen Nib"},{"floor":26,"key":"Dream Catcher"},{"floor":30,"key":"MealTicket"}],"event_choices":[{"damage_healed":0.0,"max_hp_gain":0.0,"max_hp_loss":0.0,"gold_gain":0.0,"event_name":"Golden Idol","player_choice":"Take Damage","floor":2.0,"gold_loss":0.0,"damage_taken":23.0,"relics_obtained":["Golden Idol"]},{"damage_healed":0.0,"max_hp_gain":0.0,"max_hp_loss":0.0,"gold_gain":0.0,"event_name":"Shining Light","player_choice":"Entered Light","floor":5.0,"gold_loss":0.0,"damage_taken":20.0,"cards_upgraded":["Defend_G","Strike_G"]},{"damage_healed":0,"gold_gain":0,"player_choice":"Obtained Relic","damage_taken":0,"relics_obtained":["Centennial Puzzle"],"max_hp_gain":0,"max_hp_loss":0,"event_name":"Addict","floor":20,"gold_loss":85},{"damage_healed":0,"gold_gain":0,"player_choice":"Became a vampire","damage_taken":0,"max_hp_gain":0,"max_hp_loss":23,"event_name":"Vampires","floor":22,"gold_loss":0,"cards_obtained":["Bite","Bite","Bite","Bite","Bite"]},{"cards_removed":["Finisher"],"damage_healed":0,"gold_gain":0,"player_choice":"Single Remove","damage_taken":0,"max_hp_gain":0,"max_hp_loss":0,"event_name":"Designer","floor":31,"gold_loss":75}],"is_beta":true,"boss_relics":[{"not_picked":["Empty Cage","Busted Crown"],"picked":"Calling Bell"}],"items_purged_floors":[27],"is_endless":false,"potions_floor_spawned":[3,4,13,14,16,18,23],"killed_by":"Automaton","ascension_level":20}}