{"host":"vddnn8yddbh0df4g","time":1611229755,"event":{"mods":["Act Like it!","BaseMod","Beaked The Cultist","Bestiary","Downfall","Minty Spire (QoL Compilation)","Shop Mod","StSLib","SuperFastMode","The Bug Knight","The Runesmith"],"gold_per_floor":[99,114,289,289,308,328,328,353,353,353,371,402,422,452,469,469,469,469],"floor_reached":16,"language":"ENG","playtime":896,"items_purged":[],"score":112,"play_id":"7c3db6c0-7d66-4dde-acbc-09ab4eeeec22","local_time":"20210121064915","is_ascension_mode":false,"campfire_choices":[{"data":"bronze:Replicate","floor":1,"key":"SMITH"},{"data":"bronze:WhirlingStrike","floor":9,"key":"SMITH"}],"circlet_count":0,"master_deck":["bronze:Strike","bronze:Strike","bronze:Strike","bronze:Strike","bronze:Defend","bronze:Defend","bronze:Defend","bronze:Defend","bronze:Replicate+1","bronze:Goto","bronze:Repair","Doubt","bronze:WhirlingStrike+1","bronze:MaxOutput","bronze:BronzeArmor","bronze:Shell","bronze:AlphaBuild","bronze:Virus","bronze:Iterate"],"relics":["bronze:BronzeCore","Centennial Puzzle","Dream Catcher","downfall:ShatteredFragment","bronze:SilverBullet","Odd Mushroom"],"acts_visited":["Exordium"],"potions_floor_usage":[12,15,16,16],"damage_taken":[{"damage":6,"enemies":"Jaw Worm","floor":2,"turns":4},{"damage":5,"enemies":"Small Slimes","floor":5,"turns":5},{"damage":0,"enemies":"Cultist","floor":6,"turns":4},{"damage":22,"enemies":"3 Sentries","floor":8,"turns":9},{"damage":0,"enemies":"Gremlin Gang","floor":11,"turns":5},{"damage":29,"enemies":"Lagavulin","floor":12,"turns":11},{"damage":0,"enemies":"2 Fungi Beasts","floor":13,"turns":1},{"damage":0,"enemies":"The Mushroom Lair","floor":14,"turns":1},{"damage":11,"enemies":"Exordium Wildlife","floor":15,"turns":2},{"damage":32,"enemies":"DF_ARCHETYPE_STREAMLINE","floor":16,"turns":5}],"seed_played":"-1856405471952262691","potions_obtained":[{"floor":2,"key":"Swift Potion"},{"floor":8,"key":"Swift Potion"},{"floor":11,"key":"AttackPotion"},{"floor":13,"key":"SkillPotion"},{"floor":15,"key":"FearPotion"}],"is_trial":false,"path_per_floor":["R","M","?","?","M","M","T","E","R","?","M","E","M","?","M","B"],"character_chosen":"THE_AUTOMATON","items_purchased":[],"campfire_rested":0,"item_purchase_floors":[],"current_hp_per_floor":[77,71,71,71,73,77,77,62,62,41,48,26,26,26,22,0,0,0],"gold":469,"neow_bonus":"TEN_PERCENT_HP_BONUS","is_daily":false,"chose_seed":false,"campfire_upgraded":2,"win_rate":0.0,"timestamp":1611229755,"path_taken":["R","M","?","?","?","?","T","E","R","?","M","E","M","?","M","BOSS"],"items_purchased_type":[],"build_version":"2020-12-22","purchased_purges":0,"victory":false,"max_hp_per_floor":[77,77,77,77,77,77,77,77,77,77,77,77,77,77,77,77,77,77],"card_choices":[{"not_picked":["bronze:BugBarrage","bronze:Branch"],"picked":"bronze:Repair","floor":2},{"not_picked":["bronze:Philosophize","bronze:BronzeArmor"],"picked":"bronze:WhirlingStrike","floor":5},{"not_picked":["bronze:Repair","bronze:Backtrace"],"picked":"bronze:MaxOutput","floor":6},{"not_picked":["bronze:ChildClass","bronze:DelayedGuard"],"picked":"bronze:BronzeArmor","floor":8},{"not_picked":["bronze:DelayedSlice","bronze:BitShift"],"picked":"bronze:Shell","floor":11},{"not_picked":["bronze:OilSpill","bronze:BugBarrage"],"picked":"bronze:AlphaBuild","floor":12},{"not_picked":["bronze:Overheat","bronze:DelayedGuard","bronze:Invalidate"],"picked":"SKIP","floor":13},{"not_picked":["bronze:Repair","bronze:BitShift"],"picked":"bronze:Virus","floor":14},{"not_picked":["bronze:DelayedSlice","bronze:ForLoop"],"picked":"bronze:Iterate","floor":15}],"player_experience":679603,"relics_obtained":[{"floor":7,"key":"Centennial Puzzle"},{"floor":8,"key":"Dream Catcher"},{"floor":12,"key":"bronze:SilverBullet"},{"floor":14,"key":"Odd Mushroom"}],"event_choices":[{"damage_healed":0,"gold_gain":0,"player_choice":"Ignored","damage_taken":0,"max_hp_gain":0,"max_hp_loss":0,"event_name":"NoteForYourself","floor":4,"gold_loss":0},{"damage_healed":0,"gold_gain":0,"player_choice":"Fought Mushrooms","damage_taken":0,"max_hp_gain":0,"max_hp_loss":0,"event_name":"Mushrooms","floor":14,"gold_loss":0}],"is_beta":false,"boss_relics":[],"items_purged_floors":[],"is_endless":false,"potions_floor_spawned":[2,8,11,13,15],"killed_by":"DF_ARCHETYPE_STREAMLINE","ascension_level":0}}