{"host":"notgjglmecngcj3l","time":1611231802,"event":{"mods":["A Magickal Journey","Aspiration","Astrologer","Bard","BaseMod","Better Third Choice","Colored Powertips","Conspire","Downfall","Duelist Mod","Energized Spire","GifTheSpireLib","Hubris","Infinite Spire","Magitek Elite","Minty Spire (QoL Compilation)","Quick Restart","Robot Space Explorer","Spicy Shops","StSLib","Stuff the Spire","Td1madao Mod","The Animator","The Blackbeard","The Bladedancer","The Bug Knight","The Construct","The Cursed","The Disciple","The Factory","The Hierophant","The Necromancer","The Poker Player","The Runesmith","The Servant 0.9.4","The Wild Card"],"gold_per_floor":[99,99,99,99,199,228,228,228,254,273,285,285,298,317,336,432,432,432,443,443,443,443,443,514,534,551,4,4,18,18,31,51,147,147,147,158,20,36,36,54,81,81,100,39,39,39,39,39,39,39],"floor_reached":48,"language":"ENG","playtime":5097,"items_purged":["downfall:Malfunctioning","Slimebound:Strike_Slimebound"],"score":517,"play_id":"89975163-4ca2-45f4-9d18-d6e3a76b1a88","local_time":"20210121052322","is_ascension_mode":false,"campfire_choices":[{"data":"Slimebound:Split","floor":1,"key":"SMITH"},{"floor":8,"key":"REST"},{"data":"Slimebound:ProtectTheBoss","floor":12,"key":"SMITH"},{"data":"Slimebound:MassFeed","floor":18,"key":"SMITH"},{"floor":23,"key":"REST"},{"floor":28,"key":"REST"},{"floor":30,"key":"REST"},{"data":"Slimebound:AcidTongue","floor":35,"key":"SMITH"},{"floor":45,"key":"REST"}],"circlet_count":0,"master_deck":["Slimebound:Split+1","Slimebound:Strike_Slimebound","Slimebound:Tackle","Slimebound:Defend_Slimebound","Slimebound:Defend_Slimebound","Slimebound:Defend_Slimebound","Slimebound:Split+1","Slimebound:CorrosiveSpit","Slimebound:GoopSpray","Slimebound:Replication","Slimebound:SamplingLick","Slimebound:LivingWall","Slimebound:SlimeBarrage","Slimebound:Repurpose","Slimebound:ProtectTheBoss+1","Slimebound:AcidTongue+1","Slimebound:SplitMire","Slimebound:Gluttony","Slimebound:MassFeed+1","Slimebound:SplitMire+1","Slimebound:Prepare","Slimebound:SplitBruiser","Slimebound:SplitLeeching","Slimebound:Nibble+1","Slimebound:ItLooksTasty+1","Slimebound:GoopTackle","Slimebound:Gluttony","Slimebound:MassFeed","Slimebound:SlimeSpikes","Slimebound:Gluttony+1","Slimebound:Repurpose+1","Slimebound:TongueLash+1","Slimebound:SamplingLick+1","theDuelist:CurseArmaments","Slimebound:ForwardTackle+1","Slimebound:BestDefense"],"relics":["Slimebound:AbsorbEndCombat","downfall:HeartsMalice","StuffTheSpire:Rhapsscallions","White Beast Statue","infinitespire:Joker Card","Kunai","Ancient Tea Set","energizedSpire:CursedPentagram","hubris:Metronome","Runesmith:Nanobots","energizedSpire:EnergizedDie","Toxic Egg 2","aspiration:Lifesprig","OrangePellets","Bag of Marbles"],"acts_visited":["Exordium","TheCity","TheBeyond"],"potions_floor_usage":[6,6,9,11,16,16,16,25,25,27,27,33,33,36,40,40,46],"damage_taken":[{"damage":0,"enemies":"Small Slimes","floor":2,"turns":1},{"damage":0,"enemies":"2 Louse","floor":3,"turns":1},{"damage":0,"enemies":"downfall:LadyInBlue","floor":5,"turns":1},{"damage":17,"enemies":"3 Sentries","floor":6,"turns":5},{"damage":11,"enemies":"Lagavulin","floor":9,"turns":6},{"damage":3,"enemies":"Cultist","floor":10,"turns":2},{"damage":0,"enemies":"Red Slaver","floor":11,"turns":4},{"damage":0,"enemies":"Blue Slaver","floor":13,"turns":3},{"damage":25,"enemies":"Lots of Slimes","floor":14,"turns":4},{"damage":9,"enemies":"2 Fungi Beasts","floor":15,"turns":3},{"damage":40,"enemies":"DF_ARCHETYPE_STREAMLINE","floor":16,"turns":8},{"damage":14,"enemies":"Chosen","floor":19,"turns":5},{"damage":0,"enemies":"downfall:FleeingMerchant","floor":21,"turns":1},{"damage":9,"enemies":"Shelled Parasite and Fungi","floor":25,"turns":3},{"damage":57,"enemies":"Chosen and Byrds","floor":26,"turns":7},{"damage":3,"enemies":"downfall:FleeingMerchant","floor":27,"turns":4},{"damage":21,"enemies":"Snake Plant","floor":29,"turns":4},{"damage":3,"enemies":"conspire:HollyBat","floor":31,"turns":7},{"damage":0,"enemies":"Cultist and Chosen","floor":32,"turns":5},{"damage":10,"enemies":"SI_MIRROR_ARCHETYPE","floor":33,"turns":6},{"damage":24,"enemies":"3 Darklings","floor":36,"turns":4},{"damage":23,"enemies":"downfall:FleeingMerchant","floor":37,"turns":4},{"damage":23,"enemies":"Orb Walker","floor":38,"turns":3},{"damage":9,"enemies":"3 Darklings","floor":40,"turns":3},{"damage":52,"enemies":"Spire Growth","floor":43,"turns":5},{"damage":3,"enemies":"downfall:FleeingMerchant","floor":44,"turns":1},{"damage":8,"enemies":"Transient","floor":46,"turns":5},{"damage":105,"enemies":"Nemesis","floor":48,"turns":4}],"seed_played":"-7256532030398406061","potions_obtained":[{"floor":5,"key":"Slimebound:SlimyTonguePotion"},{"floor":5,"key":"Slimebound:ThreeZeroPotion"},{"floor":5,"key":"CultistPotion"},{"floor":6,"key":"ColorlessPotion"},{"floor":9,"key":"SkillPotion"},{"floor":10,"key":"ColorlessPotion"},{"floor":11,"key":"Dexterity Potion"},{"floor":13,"key":"Slimebound:SlimedPotion"},{"floor":14,"key":"hexamod:SoulburnPotion"},{"floor":16,"key":"FairyPotion"},{"floor":19,"key":"DistilledChaos"},{"floor":21,"key":"Ancient Potion"},{"floor":25,"key":"Strength Potion"},{"floor":26,"key":"infinitespire:BlackPotion"},{"floor":27,"key":"SteroidPotion"},{"floor":29,"key":"Ancient Potion"},{"floor":31,"key":"hexamod:SoulburnPotion"},{"floor":33,"key":"LiquidMemories"},{"floor":36,"key":"Slimebound:SlimyTonguePotion"},{"floor":37,"key":"PowerPotion"},{"floor":40,"key":"Strength Potion"},{"floor":43,"key":"SkillPotion"},{"floor":46,"key":"construct:ShiftPotion"}],"is_trial":false,"path_per_floor":["R","M","M","?","?","E","T","R","E","M","M","R","M","M","M","B",null,"R","M","?","$","?","R","T","M","M","$","R","M","R","M","M","B",null,"R","M","$","M","AVR","M","T","?","M","$","R","M","$","E"],"character_chosen":"SLIMEBOUND","items_purchased":["Runesmith:Nanobots","Fruit Juice","Slimebound:ThreeZeroPotion","Toxic Egg 2","OrangePellets","Bag of Marbles","DuplicationPotion"],"campfire_rested":5,"item_purchase_floors":[27,27,27,37,44,44,44],"current_hp_per_floor":[65,65,65,63,63,52,52,70,63,62,66,66,70,49,44,12,70,70,56,39,39,39,60,60,63,10,20,43,26,49,54,58,56,79,79,65,50,36,36,35,35,75,31,30,52,52,52,0,0,0],"gold":39,"neow_bonus":"THREE_ENEMY_KILL","is_daily":false,"chose_seed":false,"campfire_upgraded":4,"win_rate":0.0,"timestamp":1611231802,"path_taken":["R","M","M","?","?","E","T","R","E","M","M","R","?","M","M","BOSS","R","M","?","$","?","R","T","M","M","$","R","?","R","M","M","BOSS","R","M","?","M","AVR","M","T","?","M","$","R","M","$","E"],"items_purchased_type":["Relic","Potion","Potion","Relic","Relic","Relic","Potion"],"build_version":"2020-12-22","purchased_purges":2,"victory":false,"max_hp_per_floor":[65,65,65,70,70,70,70,70,70,70,70,70,70,70,70,70,70,70,70,70,70,70,70,70,74,74,79,79,79,79,79,79,79,79,79,83,83,86,86,86,86,75,75,75,75,75,75,75,75,75],"card_choices":[{"not_picked":["Slimebound:LevelUp","Slimebound:FinishingTackle"],"picked":"Slimebound:GoopSpray","floor":2},{"not_picked":["Slimebound:SplitAcid","Slimebound:ComboTackle"],"picked":"Slimebound:Replication","floor":3},{"not_picked":["Slimebound:FlameTackle","Slimebound:FinishingTackle"],"picked":"Slimebound:SamplingLick","floor":5},{"not_picked":["Slimebound:SlimeBrawl","Slimebound:SplitMire"],"picked":"Slimebound:LivingWall","floor":6},{"not_picked":["Slimebound:LeechEnergy","Slimebound:Grow"],"picked":"Slimebound:SlimeBarrage","floor":9},{"not_picked":["Slimebound:LeechingTouch","Slimebound:SplitAcid"],"picked":"Slimebound:Repurpose","floor":10},{"not_picked":["Slimebound:RollThrough","Slimebound:SamplingLick"],"picked":"Slimebound:ProtectTheBoss","floor":11},{"not_picked":["Slimebound:ProtectTheBoss","Slimebound:SlimeSpikes"],"picked":"Slimebound:AcidTongue","floor":13},{"not_picked":["Slimebound:ItLooksTasty","Slimebound:LeechingTouch"],"picked":"Slimebound:SplitMire","floor":14},{"not_picked":["Slimebound:SlimeBrawl","Slimebound:DisruptingSlam"],"picked":"Slimebound:Gluttony","floor":15},{"not_picked":["Slimebound:Teamwork","Slimebound:Overexert"],"picked":"Slimebound:MassFeed","floor":16},{"not_picked":["Slimebound:FinishingTackle+1","Slimebound:Schlurp"],"picked":"Slimebound:SplitMire+1","floor":19},{"not_picked":["infinitespire:TheBestDefense","hubris:InfiniteBlow"],"picked":"infinitespire:SealOfDarkness+","floor":20},{"not_picked":["Slimebound:ComboTackle","Slimebound:AcidTongue"],"picked":"Slimebound:Prepare","floor":21},{"not_picked":["Slimebound:ComboTackle","Slimebound:FirmFortitude"],"picked":"Slimebound:SplitLeeching","floor":25},{"not_picked":["Slimebound:Schlurp","Slimebound:FlameTackle+1"],"picked":"Slimebound:Nibble+1","floor":26},{"not_picked":["Slimebound:ComboTackle","Slimebound:SamplingLick","Slimebound:Schlurp"],"picked":"SKIP","floor":27},{"not_picked":["Slimebound:SplitAcid","Slimebound:Overexert"],"picked":"Slimebound:ItLooksTasty+1","floor":29},{"not_picked":["Slimebound:ServeAndProtect+1","Slimebound:FlameTackle"],"picked":"Slimebound:GoopTackle","floor":31},{"not_picked":["Slimebound:LeechingTouch","Slimebound:RollThrough"],"picked":"Slimebound:Gluttony","floor":32},{"not_picked":["Slimebound:DouseInSlime","Slimebound:FirmFortitude"],"picked":"Slimebound:MassFeed","floor":33},{"not_picked":["Slimebound:Chomp+1","Slimebound:ItLooksTasty"],"picked":"Slimebound:SlimeSpikes","floor":36},{"not_picked":["Slimebound:SplitLeeching","Slimebound:ForwardTackle+1"],"picked":"Slimebound:Gluttony+1","floor":37},{"not_picked":["Slimebound:FinishingTackle+1","Slimebound:AcidTongue+1"],"picked":"Slimebound:Repurpose+1","floor":38},{"not_picked":["Slimebound:LeechingTouch","Slimebound:SplitMire+1"],"picked":"Slimebound:TongueLash+1","floor":40},{"not_picked":["Slimebound:Repurpose+1","Slimebound:LeechEnergy+1"],"picked":"Slimebound:SamplingLick+1","floor":43},{"not_picked":["Slimebound:ServeAndProtect+1","Slimebound:Schlurp+1"],"picked":"Slimebound:ForwardTackle+1","floor":44},{"not_picked":["Slimebound:GoopSpray+1","Slimebound:Teamwork+1"],"picked":"Slimebound:BestDefense","floor":46}],"player_experience":387983,"relics_obtained":[{"floor":5,"key":"White Beast Statue"},{"floor":6,"key":"infinitespire:Joker Card"},{"floor":7,"key":"Kunai"},{"floor":9,"key":"Ancient Tea Set"},{"floor":24,"key":"hubris:Metronome"},{"floor":41,"key":"aspiration:Lifesprig"}],"event_choices":[{"damage_healed":0,"gold_gain":0,"player_choice":"Success","damage_taken":7,"relics_obtained":["StuffTheSpire:Rhapsscallions"],"max_hp_gain":0,"max_hp_loss":0,"event_name":"Scrap Ooze","floor":4,"gold_loss":0}],"is_beta":false,"boss_relics":[{"not_picked":["Astrolabe","Coffee Dripper"],"picked":"energizedSpire:CursedPentagram"},{"not_picked":["conspire:RunicOctahedron","Velvet Choker"],"picked":"energizedSpire:EnergizedDie"}],"items_purged_floors":[27,44],"is_endless":false,"potions_floor_spawned":[5,6,9,10,11,13,14,15,16,19,21,25,26,27,29,31,32,33,36,37,38,40,43,44,46],"killed_by":"Nemesis","ascension_level":0}}