{"host":"pesfwaef25r60kxm","time":1611245722,"event":{"mods":["Ascension Reborn","BaseMod","Challenge The Spire","Colored Powertips","Friendly Minions","Hunter 猎人","Kiyohime（清姬）","LagranYue(拉格朗・月)","Marisa（F雨　魔理沙）","Minty Spire (QoL Compilation)","Remilia（蕾米莉亚）","RumiaBox-露米娅的神秘盒子","Shop Mod","StSLib","Td1madao Mod","The Construct","The Cursed","The Poker Player","The Senshi","The Servant 0.9.4","Youmu（魂魄妖梦）","[IsaacMod]以撒尖塔","vexMod"],"gold_per_floor":[157,367,381,381,394,460,70,70,98,128,218,237,310,327,327,488,488,507,519,541,553,606,647,647,665,665,665,684,136,153,103,103,263,263,276,288,288,288,288,288,329,329,329,347,347,366,421,444,444,444,444,444,27,93,93],"floor_reached":56,"language":"ZHS","playtime":2491,"items_purged":["Regret","Strike_Giant+1"],"score":375,"play_id":"b8e24552-65a7-4a0c-b601-8c217eb9327a","local_time":"20210122001522","is_ascension_mode":true,"campfire_choices":[{"data":"GremlinTsunderePetCall","floor":8,"key":"SMITH"},{"data":"Clone Minion","floor":15,"key":"SMITH"},{"data":"GremlinNobPetCall","floor":24,"key":"SMITH"},{"floor":32,"key":"RECALL"},{"data":"Spirit Of Beast","floor":40,"key":"SMITH"},{"data":"Beast Master","floor":42,"key":"SMITH"},{"data":"AttackPoison_Giant","floor":49,"key":"SMITH"},{"data":"ByrdPetCall","floor":52,"key":"SMITH"}],"circlet_count":0,"master_deck":["Defend_Giant+1","Defend_Giant+1","Defend_Giant+1","Defend_Giant+1","CultistPetCall+1","EagleFirst+1","EagleSecond+1","Beast Master+1","Doubt","ByrdPetCall+1","GremlinTsunderePetCall+1","Mana Growth","ByrdPetCall+1","HealerPetCall","Protect_Giant+1","Clone Minion+1","Spirit Of Beast+1","CultistPetCall+1","AttackPoison_Giant+1","ByrdPetCall+1","GremlinNobPetCall+1","HealerPetCall+1","MultiTurn_Giant","Protect_Giant+1","HPGrowth_Giant+1","Madness","Madness","HPGrowth_Giant+1","Giant Prayer+1","CultistPetCall","Spirit Of Beast","SpikerPetCall+1"],"relics":["GiantSoulBox","HushsDoor","LagranYue:RandomDrawCardRelic","TheBible","NeowsBlessing","AddBug","SecretRecord","SecretRecord","SecretRecord","SecretRecord","SecretRecord","AddBug","SecretRecord","SecretRecord","SecretRecord","SecretRecord"],"acts_visited":["Exordium","TheCity","TheBeyond","TheEnding"],"potions_floor_usage":[13,33,36,55,55,55],"damage_taken":[{"damage":0,"enemies":"Jaw Worm","floor":1,"turns":1},{"damage":0,"enemies":"2 Louse","floor":3,"turns":1},{"damage":0,"enemies":"Small Slimes","floor":5,"turns":1},{"damage":12,"enemies":"Gremlin Nob","floor":6,"turns":3},{"damage":5,"enemies":"Looter","floor":10,"turns":3},{"damage":4,"enemies":"2 Fungi Beasts","floor":12,"turns":4},{"damage":12,"enemies":"Lagavulin","floor":13,"turns":4},{"damage":0,"enemies":"Blue Slaver","floor":14,"turns":3},{"damage":12,"enemies":"Hexaghost","floor":16,"turns":6},{"damage":0,"enemies":"Spheric Guardian","floor":18,"turns":3},{"damage":0,"enemies":"Chosen","floor":19,"turns":3},{"damage":12,"enemies":"Shelled Parasite and Fungi","floor":20,"turns":3},{"damage":15,"enemies":"Snecko","floor":21,"turns":4},{"damage":19,"enemies":"Chosen and Byrds","floor":22,"turns":4},{"damage":0,"enemies":"Slavers","floor":23,"turns":1},{"damage":22,"enemies":"Sentry and Sphere","floor":25,"turns":4},{"damage":18,"enemies":"Snake Plant","floor":28,"turns":4},{"damage":10,"enemies":"Snecko","floor":30,"turns":4},{"damage":24,"enemies":"Champ","floor":33,"turns":5},{"damage":47,"enemies":"3 Shapes","floor":35,"turns":5},{"damage":8,"enemies":"3 Darklings","floor":36,"turns":4},{"damage":30,"enemies":"Nemesis","floor":41,"turns":5},{"damage":8,"enemies":"Writhing Mass","floor":44,"turns":4},{"damage":28,"enemies":"Spire Growth","floor":46,"turns":3},{"damage":41,"enemies":"Jaw Worm Horde","floor":47,"turns":5},{"damage":34,"enemies":"Transient","floor":48,"turns":5},{"damage":43,"enemies":"Time Eater","floor":50,"turns":4},{"damage":107,"enemies":"Shield and Spear","floor":54,"turns":6},{"damage":300,"enemies":"Delirium","floor":55,"turns":19}],"seed_played":"-3329489680845151240","potions_obtained":[{"floor":1,"key":"Dexterity Potion"},{"floor":3,"key":"FearPotion"},{"floor":3,"key":"AttackPotion"},{"floor":5,"key":"PowerPotion"},{"floor":12,"key":"SkillPotion"},{"floor":13,"key":"Fruit Juice"},{"floor":13,"key":"GamblersBrew"},{"floor":16,"key":"Explosive Potion"},{"floor":21,"key":"SkillPotion"},{"floor":33,"key":"Explosive Potion"},{"floor":36,"key":"Swift Potion"},{"floor":46,"key":"PowerPotion"}],"is_trial":false,"path_per_floor":["M","?","M","?","M","E","$","R","T","M","?","M","E","M","R","B",null,"M","M","M","M","M","E","R","M","T","?","M","$","M","?","R","B",null,"M","M","?","?","?","R","E","R","T","M","?","M","M","M","R","B",null,"R","$","E","B",null],"character_chosen":"Giant","items_purchased":["War Paint","Orichalcum","DollysMirror","Spirit Of Beast","ClockworkSouvenir","Frozen Egg 2","UnicornStump","MultiTurn_Giant","vexMod:BarristanHead","TheBean","Frozen Eye","CultistPetCall","Spirit Of Beast"],"campfire_rested":0,"item_purchase_floors":[7,7,7,17,29,29,29,34,53,53,53,53,53],"current_hp_per_floor":[70,70,70,70,70,65,65,65,65,60,49,61,83,83,83,85,92,92,92,80,87,97,97,97,97,97,97,79,79,97,97,97,107,103,56,48,48,90,90,90,83,83,83,90,79,90,95,61,61,91,100,100,100,105,110],"gold":93,"neow_bonus":"THREE_ENEMY_KILL","is_daily":false,"chose_seed":false,"campfire_upgraded":7,"win_rate":0.0,"timestamp":1611245722,"path_taken":["M","?","M","?","M","E","$","R","T","M","?","M","E","M","R","BOSS","M","M","M","M","M","E","R","M","T","?","M","$","M","?","R","BOSS","M","M","?","?","?","R","E","R","T","M","?","M","M","M","R","BOSS","R","$","E","BOSS"],"items_purchased_type":["Relic","Relic","Relic","Card","Relic","Relic","Relic","Card","Relic","Relic","Relic","Card","Card"],"build_version":"2020-12-22","purchased_purges":2,"victory":true,"max_hp_per_floor":[70,70,70,70,70,75,75,75,75,75,75,75,85,85,85,95,92,92,92,92,92,97,97,97,97,97,97,97,97,97,97,97,107,103,103,103,103,90,90,90,90,90,90,90,90,90,95,95,95,100,100,100,100,105,110],"card_choices":[{"not_picked":["Combo Defend","EagleSecond"],"picked":"Beast Master","floor":1},{"not_picked":["Combo Recycle","Revenge Attack"],"picked":"ByrdPetCall","floor":3},{"not_picked":["CultistForm+1","TakeAction_Giant+1"],"picked":"GremlinTsunderePetCall","floor":5},{"not_picked":["Retain Combo","Ready_Giant"],"picked":"Mana Growth","floor":6},{"not_picked":["Combo Connect","Random Death Rattle"],"picked":"ByrdPetCall+1","floor":6},{"not_picked":["Calmness Giant+1","Combo Connect+1"],"picked":"HealerPetCall","floor":10},{"not_picked":["Hunter Bow","Calmness Giant"],"picked":"Bomb","floor":12},{"not_picked":["GhostForm_Giant","Echo Defend Giant"],"picked":"Protect_Giant+1","floor":13},{"not_picked":["GremlinTsunderePetCall","Echo Defend Giant","Combo Defend"],"picked":"SKIP","floor":13},{"not_picked":["Trace_Giant+1","Combo Defend"],"picked":"Clone Minion","floor":14},{"not_picked":["HPGrowth_Giant","EagleSecond+1"],"picked":"CultistPetCall+1","floor":18},{"not_picked":["Fanatic Cultist+1","Backward Giant+1"],"picked":"AttackPoison_Giant","floor":19},{"not_picked":["Combo Connect+1","Echo Defend Giant","Struggle Attack+1"],"picked":"SKIP","floor":20},{"not_picked":["Ready_Giant+1","Trace_Giant","Combo Defend"],"picked":"SKIP","floor":21},{"not_picked":["Combo Form+1","Echo Defend Giant"],"picked":"ByrdPetCall+1","floor":22},{"not_picked":["Fanatic Cultist","TakeAll_Giant"],"picked":"GremlinNobPetCall","floor":23},{"not_picked":["Struggle Attack","Infinite Combo+1","Combo Defend"],"picked":"SKIP","floor":25},{"not_picked":["Protect_Giant+1","EagleSecond"],"picked":"HealerPetCall+1","floor":28},{"not_picked":["Combo Form","HPGrowth_Giant+1","Echo Defend Giant"],"picked":"SKIP","floor":30},{"not_picked":["Struggle Attack","Echo Defend Giant"],"picked":"Protect_Giant+1","floor":35},{"not_picked":["Backflip Giant","Pummel Giant+1","Combo Connect"],"picked":"SKIP","floor":36},{"not_picked":["Clone Minion+1","Backflip Giant+1","LeftHookFist+1"],"picked":"SKIP","floor":41},{"not_picked":["GhostForm_Giant","Meditate Giant+1"],"picked":"HPGrowth_Giant+1","floor":44},{"not_picked":["Pummel Giant+1","Protect_Giant+1","CultistPetCall+1"],"picked":"SKIP","floor":46},{"not_picked":["Seek Pet+1","The End Giant+1"],"picked":"HPGrowth_Giant+1","floor":47},{"not_picked":["Struggle Attack+1","Echo Defend Giant+1"],"picked":"Giant Prayer+1","floor":48},{"not_picked":["Combo Form","Heal Wind"],"picked":"SpikerPetCall+1","floor":54}],"player_experience":157766,"relics_obtained":[{"floor":1,"key":"AddBug"},{"floor":6,"key":"SecretRecord"},{"floor":6,"key":"Bag of Marbles"},{"floor":9,"key":"LagranYue:MagicReflectiveArmorRelic"},{"floor":9,"key":"Smiling Mask"},{"floor":12,"key":"Blood Vial"},{"floor":13,"key":"SecretRecord"},{"floor":13,"key":"D4"},{"floor":16,"key":"GiantSoulStone"},{"floor":16,"key":"Void"},{"floor":18,"key":"SecretRecord"},{"floor":20,"key":"Bronze Scales"},{"floor":22,"key":"Damocles"},{"floor":23,"key":"Kunai"},{"floor":26,"key":"Unceasing Top"},{"floor":28,"key":"Shovel"},{"floor":30,"key":"SecretRecord"},{"floor":33,"key":"PokeGo"},{"floor":35,"key":"NeowsBlessing"},{"floor":36,"key":"SecretRecord"},{"floor":41,"key":"Mango"},{"floor":43,"key":"MagicDraw3"},{"floor":43,"key":"vexMod:ScavengeHelm"},{"floor":46,"key":"SecretRecord"},{"floor":46,"key":"SecretRecord"},{"floor":46,"key":"vexMod:InvisibilityCloak"},{"floor":48,"key":"SecretRecord"},{"floor":48,"key":"MagicDraw2"},{"floor":54,"key":"HornCleat"}],"event_choices":[{"damage_healed":0,"gold_gain":175,"player_choice":"AGREE","damage_taken":0,"max_hp_gain":0,"max_hp_loss":0,"event_name":"Liars Game","floor":2,"gold_loss":0,"cards_obtained":["Doubt"]},{"damage_healed":0,"gold_gain":0,"player_choice":"Box","damage_taken":0,"relics_obtained":["Dream Catcher"],"max_hp_gain":0,"max_hp_loss":0,"event_name":"Big Fish","floor":4,"gold_loss":0,"cards_obtained":["Regret"]},{"damage_healed":0,"gold_gain":75,"player_choice":"Gather Gold","damage_taken":11,"max_hp_gain":0,"max_hp_loss":0,"event_name":"World of Goop","floor":11,"gold_loss":0},{"cards_removed":["Strike_Giant"],"damage_healed":0,"gold_gain":0,"player_choice":"Offered Basic","damage_taken":0,"max_hp_gain":0,"max_hp_loss":0,"event_name":"Bonfire Elementals","floor":27,"gold_loss":0},{"damage_healed":0,"gold_gain":0,"player_choice":"Bet on Murderer","damage_taken":0,"max_hp_gain":0,"max_hp_loss":0,"event_name":"The Joust","floor":31,"gold_loss":50},{"damage_healed":0,"gold_gain":0,"player_choice":"Ignored","damage_taken":0,"max_hp_gain":0,"max_hp_loss":0,"event_name":"Tomb of Lord Red Mask","floor":37,"gold_loss":0},{"damage_healed":90,"gold_gain":0,"player_choice":"Heal","damage_taken":0,"max_hp_gain":0,"max_hp_loss":13,"event_name":"The Moai Head","floor":38,"gold_loss":0},{"cards_removed":["EagleFirst"],"damage_healed":0,"gold_gain":0,"player_choice":"Removed Attack","damage_taken":0,"max_hp_gain":0,"max_hp_loss":0,"event_name":"Falling","floor":39,"gold_loss":0},{"damage_healed":0,"gold_gain":0,"player_choice":"Embrace Madness","damage_taken":11,"max_hp_gain":0,"max_hp_loss":0,"event_name":"Winding Halls","floor":45,"gold_loss":0,"cards_obtained":["Madness","Madness"]}],"is_beta":false,"boss_relics":[{"not_picked":["Pandora\u0027s Box","Calling Bell"],"picked":"MagicMushroom"},{"not_picked":[]},{"not_picked":["Fusion Hammer","vexMod:DeviousBotling"],"picked":"AddBug"},{"not_picked":[]}],"items_purged_floors":[7,29],"is_endless":false,"potions_floor_spawned":[3,13,14,16,18,20,21,30,33,41,44,48],"ascension_level":-20}}