{"host":"sdlwqwiyrrfsdjmi","time":1611203189,"event":{"mods":["AchievementEnabler","BaseMod","Marisa????????","Minty Spire (QoL Compilation)","Prisma Mod","StSLib","The Exalted"],"gold_per_floor":[111,186,196,207,227,227,238,258,258,268,281,61,61,79,79,184,184,201,116,116,32,45,65,65,85,157,157,157],"floor_reached":27,"language":"ENG","playtime":2367,"items_purged":[],"score":211,"play_id":"9b080c11-f9d2-4b4a-8b2c-daa59e1ea7f7","local_time":"20210120202629","is_ascension_mode":false,"campfire_choices":[{"data":"Rage","floor":6,"key":"SMITH"},{"data":"Armaments","floor":13,"key":"SMITH"},{"data":"Heavy Blade","floor":15,"key":"SMITH"},{"data":"Seeing Red","floor":24,"key":"SMITH"}],"circlet_count":0,"master_deck":["Strike_R","Strike_R","Strike_R","Strike_R","Strike_R","Defend_R","Defend_R","Defend_R","Defend_R","Bash","Carnage","Rage+1","Sentinel","Thunderclap","Uppercut","Anger","Exhume","Disarm","Armaments+1","Inflame","Heavy Blade+1","Berserk","Blood for Blood+1","Seeing Red+1","Wild Strike","Blood for Blood+1","Flex+1","Immolate"],"relics":["Burning Blood","Mercury Hourglass","Lee\u0027s Waffle","Velvet Choker","Strawberry","Molten Egg 2"],"acts_visited":["Exordium","TheCity"],"potions_floor_usage":[16],"damage_taken":[{"damage":5,"enemies":"Cultist","floor":1,"turns":4},{"damage":0,"enemies":"Small Slimes","floor":3,"turns":3},{"damage":6,"enemies":"Jaw Worm","floor":4,"turns":5},{"damage":10,"enemies":"Exordium Wildlife","floor":5,"turns":5},{"damage":34,"enemies":"Gremlin Gang","floor":7,"turns":6},{"damage":6,"enemies":"Blue Slaver","floor":8,"turns":5},{"damage":5,"enemies":"Looter","floor":10,"turns":2},{"damage":3,"enemies":"Exordium Thugs","floor":11,"turns":3},{"damage":2,"enemies":"Blue Slaver","floor":14,"turns":3},{"damage":54,"enemies":"Hexaghost","floor":16,"turns":11},{"damage":30,"enemies":"2 Thieves","floor":18,"turns":4},{"damage":15,"enemies":"Shell Parasite","floor":22,"turns":4},{"damage":9,"enemies":"Centurion and Healer","floor":23,"turns":6},{"damage":42,"enemies":"Snake Plant","floor":25,"turns":4},{"damage":29,"enemies":"Shelled Parasite and Fungi","floor":27,"turns":2}],"seed_played":"-3700915269874007181","potions_obtained":[{"floor":1,"key":"ElixirPotion"},{"floor":4,"key":"Swift Potion"},{"floor":8,"key":"Fire Potion"},{"floor":22,"key":"Weak Potion"}],"is_trial":false,"path_per_floor":["M","?","M","M","M","R","M","M","T","M","M","$","R","M","R","B",null,"M","?","?","$","M","M","R","M","T","M"],"character_chosen":"IRONCLAD","items_purchased":["Lee\u0027s Waffle","Inflame","Seeing Red","Wild Strike"],"campfire_rested":0,"item_purchase_floors":[12,12,21,21],"current_hp_per_floor":[80,69,75,75,71,71,43,43,43,44,47,87,87,87,87,39,87,63,70,70,70,61,58,58,22,22,0,0],"gold":157,"neow_bonus":"THREE_CARDS","is_daily":false,"chose_seed":false,"campfire_upgraded":4,"win_rate":0.0,"timestamp":1611203189,"path_taken":["M","?","M","M","M","R","M","M","T","M","M","$","R","M","R","BOSS","M","?","?","?","M","M","R","M","T","M"],"items_purchased_type":["Relic","Card","Card","Card"],"build_version":"2020-12-22","purchased_purges":0,"victory":false,"max_hp_per_floor":[80,80,80,80,80,80,80,80,80,80,80,87,87,87,87,87,87,87,94,94,94,94,94,94,94,94,94,94],"card_choices":[{"not_picked":["Wild Strike","Sword Boomerang"],"picked":"Carnage","floor":0},{"not_picked":["Iron Wave","Dropkick"],"picked":"Rage","floor":1},{"not_picked":["Sword Boomerang","Wild Strike"],"picked":"Sentinel","floor":3},{"not_picked":["Pummel","Havoc"],"picked":"Thunderclap","floor":4},{"not_picked":["Evolve","Clothesline"],"picked":"Uppercut","floor":5},{"not_picked":["Feel No Pain","Cleave"],"picked":"Anger","floor":7},{"not_picked":["Combust","Clash"],"picked":"Exhume","floor":8},{"not_picked":["Havoc","Heavy Blade"],"picked":"Disarm","floor":10},{"not_picked":["Heavy Blade","Perfected Strike"],"picked":"Armaments","floor":11},{"not_picked":["Clothesline","Infernal Blade"],"picked":"Heavy Blade","floor":14},{"not_picked":["Fiend Fire","Bludgeon"],"picked":"Berserk","floor":16},{"not_picked":["Fire Breathing","Carnage"],"picked":"Blood for Blood+1","floor":18},{"not_picked":["Warcry+1","Intimidate"],"picked":"Blood for Blood+1","floor":22},{"not_picked":["Sword Boomerang","Clash"],"picked":"Flex+1","floor":23},{"not_picked":["Perfected Strike+1","Warcry"],"picked":"Immolate","floor":25}],"player_experience":37778,"relics_obtained":[{"floor":9,"key":"Mercury Hourglass"},{"floor":26,"key":"Molten Egg 2"}],"event_choices":[{"damage_healed":0,"gold_gain":75,"player_choice":"Gather Gold","damage_taken":11,"max_hp_gain":0,"max_hp_loss":0,"event_name":"World of Goop","floor":2,"gold_loss":0},{"damage_healed":0,"gold_gain":0,"player_choice":"Obtained Relic","damage_taken":0,"relics_obtained":["Strawberry"],"max_hp_gain":0,"max_hp_loss":0,"event_name":"Addict","floor":19,"gold_loss":85},{"damage_healed":0,"gold_gain":0,"player_choice":"Ignored","damage_taken":0,"max_hp_gain":0,"max_hp_loss":0,"event_name":"Beggar","floor":20,"gold_loss":0}],"is_beta":false,"boss_relics":[{"not_picked":["Snecko Eye","Coffee Dripper"],"picked":"Velvet Choker"}],"items_purged_floors":[],"is_endless":false,"potions_floor_spawned":[1,4,8,10,14,22,25],"killed_by":"Shelled Parasite and Fungi","ascension_level":0}}