{"host":"ifd7sfhtlbe34qll","time":1611251733,"event":{"mods":["2.2 Compatiblity","BaseMod","Block Reminder","Colored Map","Curses Come First","Downfall","Highlight Path","Minty Spire (QoL Compilation)","Potion Indicator Mod","Quick Restart","Relic Stats","StSLib"],"gold_per_floor":[99,111,124,124,137,8,33,67,67,78,97,108,135,165,179,258,258,158,170,181,191,191,191,191,191],"floor_reached":23,"language":"ENG","playtime":2134,"items_purged":["Doubt"],"score":510,"play_id":"37f5331f-ce4d-4ca9-94d2-7cd0aabc0773","local_time":"20210121115533","is_ascension_mode":true,"campfire_choices":[{"data":"bronze:Replicate","floor":1.0,"key":"SMITH"},{"data":"bronze:Return","floor":9.0,"key":"SMITH"},{"data":"bronze:Optimize","floor":18,"key":"SMITH"}],"circlet_count":0,"master_deck":["AscendersBane","bronze:Strike","bronze:Strike","bronze:Defend","bronze:Defend","bronze:Defend","bronze:Replicate+1","bronze:Goto","bronze:FollowUp","bronze:Return+1","bronze:OilSpill","bronze:Safeguard","bronze:Optimize+1","bronze:Philosophize","bronze:Flail","bronze:Constructor","bronze:RecursiveStrike","bronze:Virus","bronze:Overload","bronze:SpaghettiCode","bronze:Branch+1","bronze:DarkDash","bronze:ItsAFeature","RitualDagger"],"relics":["bronze:BronzeCore","hexamod:BolsterEngine","Pear","Tiny Chest","Orichalcum","Philosopher\u0027s Stone","downfall:HeartBlessingGreen"],"acts_visited":["Exordium","TheCity"],"potions_floor_usage":[16,19,21],"damage_taken":[{"damage":2.0,"enemies":"Cultist","floor":2.0,"turns":4.0},{"damage":10.0,"enemies":"Jaw Worm","floor":3.0,"turns":4.0},{"damage":0.0,"enemies":"2 Louse","floor":5.0,"turns":3.0},{"damage":0.0,"enemies":"downfall:FleeingMerchant","floor":6.0,"turns":4.0},{"damage":0.0,"enemies":"Gremlin Nob","floor":8.0,"turns":3.0},{"damage":0.0,"enemies":"Gremlin Gang","floor":10.0,"turns":4.0},{"damage":0.0,"enemies":"3 Louse","floor":11.0,"turns":3.0},{"damage":0.0,"enemies":"2 Fungi Beasts","floor":12.0,"turns":4.0},{"damage":0,"enemies":"Lagavulin","floor":13,"turns":4},{"damage":0,"enemies":"Exordium Wildlife","floor":15,"turns":1},{"damage":27,"enemies":"WA_ARCHETYPE_RETAIN","floor":16,"turns":6},{"damage":7,"enemies":"Shell Parasite","floor":19,"turns":4},{"damage":33,"enemies":"3 Byrds","floor":20,"turns":5},{"damage":8,"enemies":"Sentry and Sphere","floor":21,"turns":5},{"damage":20,"enemies":"Slavers","floor":23,"turns":1}],"seed_played":"8825386281476387776","potions_obtained":[{"floor":5.0,"key":"Dexterity Potion"},{"floor":8.0,"key":"GamblersBrew"},{"floor":10.0,"key":"Energy Potion"},{"floor":16,"key":"LiquidMemories"},{"floor":20,"key":"Strength Potion"}],"is_trial":false,"path_per_floor":["R","M","M","?","M","$","T","E","R","M","M","M","E","?","M","B",null,"R","M","M","M","?","E"],"character_chosen":"THE_AUTOMATON","items_purchased":["bronze:Optimize"],"campfire_rested":0,"item_purchase_floors":[6],"current_hp_per_floor":[63,61,51,51,51,51,51,61,61,61,61,61,61,61,61,34,68,68,61,28,20,14,0,0,0],"gold":191,"neow_bonus":"TEN_PERCENT_HP_BONUS","is_daily":false,"chose_seed":false,"campfire_upgraded":3,"win_rate":0.0,"timestamp":1611251733,"path_taken":["R","M","M","?","?","$","T","E","R","M","M","M","E","?","M","BOSS","R","M","M","M","?","E"],"items_purchased_type":["Card"],"build_version":"2020-12-22","purchased_purges":1,"victory":false,"max_hp_per_floor":[69,69,69,69,69,69,69,79,79,79,79,79,79,79,79,79,79,79,79,79,79,79,79,79,79],"relic_stats":{"counters":[15,55],"Tiny Chest":0,"Orichalcum":[0],"obtain_stats":[{"bronze:BronzeCore":0,"Pear":8,"Tiny Chest":13,"Philosopher\u0027s Stone":17,"downfall:HeartBlessingGreen":18,"hexamod:BolsterEngine":7,"Orichalcum":14},{"bronze:BronzeCore":0,"Pear":5,"Tiny Chest":9,"Philosopher\u0027s Stone":11,"downfall:HeartBlessingGreen":11,"hexamod:BolsterEngine":4,"Orichalcum":9},{"bronze:BronzeCore":0,"Pear":18,"Tiny Chest":33,"Philosopher\u0027s Stone":40,"downfall:HeartBlessingGreen":40,"hexamod:BolsterEngine":15,"Orichalcum":33}]},"card_choices":[{"not_picked":["bronze:Constructor","bronze:Overload"],"picked":"bronze:FollowUp","floor":2.0},{"not_picked":["bronze:Philosophize","bronze:OilSpill"],"picked":"bronze:Return","floor":3.0},{"not_picked":["bronze:DelayedSlice","bronze:DelayedGuard"],"picked":"bronze:OilSpill","floor":5.0},{"not_picked":["bronze:BugBarrage","bronze:Branch"],"picked":"bronze:Safeguard","floor":6.0},{"not_picked":["bronze:Constructor","bronze:Turbo"],"picked":"bronze:Philosophize","floor":8.0},{"not_picked":["bronze:WhirlingStrike","bronze:OilSpill"],"picked":"bronze:Flail","floor":10.0},{"not_picked":["bronze:Invalidate","bronze:BugBarrage"],"picked":"bronze:Constructor","floor":11.0},{"not_picked":["bronze:OilSpill","bronze:WildBeam"],"picked":"bronze:RecursiveStrike","floor":12.0},{"not_picked":["bronze:DarkDash","bronze:CutThrough"],"picked":"bronze:Virus","floor":13},{"not_picked":["bronze:Allocate","bronze:Turbo"],"picked":"bronze:Overload","floor":15},{"not_picked":["bronze:RecursiveStrike","bronze:FindAndReplace"],"picked":"bronze:SpaghettiCode","floor":16},{"not_picked":["bronze:CutThrough","bronze:Turbo"],"picked":"bronze:Branch+1","floor":19},{"not_picked":["bronze:FineTuning","bronze:Overload"],"picked":"bronze:DarkDash","floor":20},{"not_picked":["bronze:DelayedSlice","bronze:Shield"],"picked":"bronze:ItsAFeature","floor":21}],"player_experience":1688254,"relics_obtained":[{"floor":7.0,"key":"hexamod:BolsterEngine"},{"floor":8.0,"key":"Pear"},{"floor":13,"key":"Tiny Chest"}],"event_choices":[],"is_beta":false,"boss_relics":[{"not_picked":["Black Star","Busted Crown"],"picked":"Philosopher\u0027s Stone"}],"items_purged_floors":[6],"is_endless":false,"potions_floor_spawned":[5,8,10,11,16,20],"killed_by":"Slavers","ascension_level":20}}