{"host":"ttx8tv95o5vka1nm","time":1611264745,"event":{"mods":["AchievementEnabler","BaseMod","Colored Map","Downfall","Infinite Spire","Minty Spire (QoL Compilation)","Shop Mod","StSLib","The Jungle"],"gold_per_floor":[118,133,151,9,9,41,41,75,120,145,164,164,181,191,191,294,294,308,50,128,138,154,186,186,206,206,218,261,273,285,311,323,440,452,481,505,517,543,568,607,619,643,655,179,213,313,347,364,364,459,459,471,477,479,479,479,479,496,501,551,569,569,597,618,630,642,736,748,770,148,152,153,153,153,9,35,103,107,123,123,155,153,153,245,245,243,243,240,217,210,223,224,224,298,298,278,143,158,0,0,120,120,130,147,147,147,152,174,194,224,248,48,48,48,59,88,88,193,205,216,228,236,117,127,151,148,158,230,230,232,240,262,250,250,328,328,330,98,98,97,97,97,118,112,112,112,129,129,129,79,79,198,198,198,106,115,156],"floor_reached":158,"language":"ENG","playtime":11393,"items_purged":["Defend_B","Strike_B","Strike_B","Defend_B","Steam+1","Zap+1","Darkness","infinitespire:Pacifist","Shame","Shame","Streamline+1"],"score":6002,"play_id":"ede58f59-b536-4ba7-8f79-ceb8d256b31a","local_time":"20210122073225","is_ascension_mode":true,"campfire_choices":[{"data":"Hologram","floor":12.0,"key":"SMITH"},{"data":"Zap","floor":15.0,"key":"SMITH"},{"data":"Fusion","floor":24.0,"key":"SMITH"},{"data":"Echo Form","floor":27.0,"key":"SMITH"},{"data":"infinitespire:Gouge","floor":30.0,"key":"SMITH"},{"data":"Conserve Battery","floor":32.0,"key":"SMITH"},{"data":"Echo Form","floor":41.0,"key":"SMITH"},{"data":"Fission","floor":49.0,"key":"SMITH"},{"data":"infinitespire:Oblivion","floor":57.0,"key":"SMITH"},{"data":"Reprogram","floor":66.0,"key":"SMITH"},{"floor":74.0,"key":"DIG"},{"data":"Hologram","floor":80.0,"key":"SMITH"},{"data":"infinitespire:Gouge","floor":83.0,"key":"SMITH"},{"floor":95.0,"key":"DIG"},{"floor":100.0,"key":"DIG"},{"floor":114,"key":"DIG"},{"floor":117,"key":"DIG"},{"floor":134,"key":"DIG"},{"data":"infinitespire:Pacifist","floor":142,"key":"PURGE"},{"data":"Parasite","floor":146,"key":"PURGE"},{"data":"Electrodynamics","floor":149,"key":"PURGE"},{"data":"Rebound","floor":151,"key":"PURGE"},{"data":"Turbo+1","floor":154,"key":"PURGE"}],"circlet_count":0,"master_deck":["Hyperbeam+1","Conserve Battery+1","FTL","Self Repair","Genetic Algorithm+1","Hologram+1","Hologram+1","All For One+1","Echo Form+1","Streamline+1","Fusion+1","Skim+1","Sweeping Beam","infinitespire:Gouge+1","Echo Form+1","Reinforced Body+1","Genetic Algorithm+1","Master of Strategy","Fission+1","infinitespire:UltimateForm+1","Conserve Battery+1","Core Surge","Melter+1","Meteor Strike","infinitespire:Oblivion+1","Reprogram+1","Machine Learning","infinitespire:Gouge+1","Reprogram+1","Scrape","Reboot","Seek","Compile Driver+1","Self Repair+1","Double Energy+1","Core Surge","Capacitor","Creative AI","Sadistic Nature","Sunder+1","Buffer"],"relics":["Cracked Core","Cables","Orichalcum","Thread and Needle","Boot","Oddly Smooth Stone","MerchantsRug","Symbiotic Virus","infinitespire:EmpoweringShard","FossilizedHelix","infinitespire:Cupcake","Juzu Bracelet","TheAbacus","Art of War","Anchor","Unceasing Top","Bronze Scales","Ice Cream","PreservedInsect","infinitespire:Lucky Rock","Tiny Chest","Golden Idol","Shovel","Pen Nib","Bottled Tornado","Du-Vu Doll","Mummified Hand","Bag of Marbles","Cursed Key","Meat on the Bone","Gambling Chip","InkBottle","infinitespire:PuzzleCube","Calipers","Happy Flower","Red Mask","Lantern","Coffee Dripper","DataDisk","infinitespire:Midas Blood","White Beast Statue","Letter Opener","Runic Pyramid","ClockworkSouvenir","Question Card","Molten Egg 2","infinitespire:FocusingShard","Potion Belt","Peace Pipe","Fusion Hammer","Runic Capacitor","infinitespire:Beetle Shell","Chemical X","Kunai","Centennial Puzzle","Nuclear Battery","Shuriken"],"acts_visited":["Exordium","TheCity","TheBeyond","Exordium","TheCity","TheBeyond","Exordium","Exordium","TheBeyond","TheEnding"],"potions_floor_usage":[118],"damage_taken":[{"damage":2.0,"enemies":"2 Louse","floor":1.0,"turns":2.0},{"damage":0.0,"enemies":"Cultist","floor":2.0,"turns":2.0},{"damage":2.0,"enemies":"Small Slimes","floor":3.0,"turns":2.0},{"damage":5.0,"enemies":"3 Sentries","floor":6.0,"turns":5.0},{"damage":26.0,"enemies":"Gremlin Nob","floor":8.0,"turns":4.0},{"damage":0.0,"enemies":"3 Sentries","floor":10.0,"turns":4.0},{"damage":0.0,"enemies":"Exordium Thugs","floor":11.0,"turns":2.0},{"damage":4.0,"enemies":"3 Louse","floor":13.0,"turns":3.0},{"damage":0.0,"enemies":"Gremlin Gang","floor":14.0,"turns":4.0},{"damage":26.0,"enemies":"The Guardian","floor":16.0,"turns":13.0},{"damage":10.0,"enemies":"2 Thieves","floor":18.0,"turns":4.0},{"damage":12.0,"enemies":"Spheric Guardian","floor":21.0,"turns":4.0},{"damage":17.0,"enemies":"Snake Plant","floor":22.0,"turns":5.0},{"damage":5.0,"enemies":"Nightmare","floor":23.0,"turns":7.0},{"damage":2.0,"enemies":"Chosen and Byrds","floor":25.0,"turns":5.0},{"damage":10.0,"enemies":"Book of Stabbing","floor":28.0,"turns":4.0},{"damage":8.0,"enemies":"Snecko","floor":31.0,"turns":4.0},{"damage":6.0,"enemies":"Automaton","floor":33.0,"turns":5.0},{"damage":15.0,"enemies":"3 Darklings","floor":35.0,"turns":4.0},{"damage":6.0,"enemies":"3 Shapes","floor":36.0,"turns":3.0},{"damage":12.0,"enemies":"Transient","floor":38.0,"turns":5.0},{"damage":0.0,"enemies":"Sphere and 2 Shapes","floor":39.0,"turns":4.0},{"damage":34.0,"enemies":"Reptomancer","floor":40.0,"turns":4.0},{"damage":6.0,"enemies":"4 Shapes","floor":42.0,"turns":3.0},{"damage":0.0,"enemies":"Giant Head","floor":45.0,"turns":5.0},{"damage":0.0,"enemies":"infinitespire:Three Voidlings","floor":46.0,"turns":2.0},{"damage":22.0,"enemies":"Nightmare_Alpha","floor":46.0,"turns":12.0},{"damage":0.0,"enemies":"Nemesis","floor":47.0,"turns":5.0},{"damage":21.0,"enemies":"Jaw Worm Horde","floor":48.0,"turns":3.0},{"damage":0.0,"enemies":"Awakened One","floor":50.0,"turns":10.0},{"damage":0.0,"enemies":"2 Louse","floor":52.0,"turns":2.0},{"damage":0.0,"enemies":"Cultist","floor":53.0,"turns":2.0},{"damage":0.0,"enemies":"Jaw Worm","floor":54.0,"turns":2.0},{"damage":0.0,"enemies":"3 Sentries","floor":58.0,"turns":3.0},{"damage":0.0,"enemies":"Exordium Thugs","floor":59.0,"turns":2.0},{"damage":0.0,"enemies":"Lagavulin","floor":61.0,"turns":2.0},{"damage":0.0,"enemies":"3 Sentries","floor":63.0,"turns":3.0},{"damage":0.0,"enemies":"3 Louse","floor":64.0,"turns":1.0},{"damage":6.0,"enemies":"The Guardian","floor":67.0,"turns":7.0},{"damage":0.0,"enemies":"Shell Parasite","floor":69.0,"turns":2.0},{"damage":0.0,"enemies":"Chosen","floor":71.0,"turns":3.0},{"damage":0.0,"enemies":"Snake Plant","floor":72.0,"turns":3.0},{"damage":50.0,"enemies":"Slavers","floor":76.0,"turns":3.0},{"damage":0.0,"enemies":"Cultist and Chosen","floor":78.0,"turns":3.0},{"damage":0.0,"enemies":"Gremlin Leader","floor":79.0,"turns":4.0},{"damage":42.0,"enemies":"Slavers","floor":81.0,"turns":2.0},{"damage":0.0,"enemies":"Chosen and Byrds","floor":82.0,"turns":4.0},{"damage":0.0,"enemies":"Automaton","floor":84.0,"turns":4.0},{"damage":15.0,"enemies":"Orb Walker","floor":86.0,"turns":3.0},{"damage":20.0,"enemies":"3 Darklings","floor":88.0,"turns":3.0},{"damage":0.0,"enemies":"Transient","floor":89.0,"turns":5.0},{"damage":0.0,"enemies":"Writhing Mass","floor":90.0,"turns":3.0},{"damage":0.0,"enemies":"Giant Head","floor":91.0,"turns":4.0},{"damage":0.0,"enemies":"Sphere and 2 Shapes","floor":92.0,"turns":3.0},{"damage":0.0,"enemies":"Maw","floor":96.0,"turns":3.0},{"damage":0.0,"enemies":"Nemesis","floor":98.0,"turns":3.0},{"damage":74.0,"enemies":"Time Eater","floor":101.0,"turns":6.0},{"damage":0.0,"enemies":"2 Louse","floor":103.0,"turns":1.0},{"damage":0.0,"enemies":"Small Slimes","floor":104.0,"turns":1.0},{"damage":0.0,"enemies":"Cultist","floor":107.0,"turns":2.0},{"damage":0.0,"enemies":"Gremlin Nob","floor":108.0,"turns":2.0},{"damage":0.0,"enemies":"3 Louse","floor":109.0,"turns":1.0},{"damage":0.0,"enemies":"Lagavulin","floor":110.0,"turns":2.0},{"damage":0,"enemies":"Red Slaver","floor":115,"turns":2},{"damage":0,"enemies":"3 Sentries","floor":116,"turns":2},{"damage":0,"enemies":"Hexaghost","floor":118,"turns":3},{"damage":0,"enemies":"theJungle:MUSHROOMGANG","floor":120,"turns":2},{"damage":0,"enemies":"theJungle:Flameango_and_Byrd","floor":122,"turns":2},{"damage":0,"enemies":"Snake Plant","floor":124,"turns":1},{"damage":0,"enemies":"theJungle:MamaSnecko","floor":125,"turns":2},{"damage":0,"enemies":"theJungle:SlimyTreeVines","floor":126,"turns":2},{"damage":0,"enemies":"theJungle:2_Phrogs","floor":127,"turns":3},{"damage":0,"enemies":"theJungle:Lyon","floor":131,"turns":1},{"damage":0,"enemies":"theJungle:MamaSnecko","floor":132,"turns":1},{"damage":0,"enemies":"theJungle:2_Flameangoes","floor":133,"turns":3},{"damage":0,"enemies":"theJungle:TotemBoss","floor":135,"turns":5},{"damage":0,"enemies":"3 Shapes","floor":137,"turns":2},{"damage":0,"enemies":"3 Darklings","floor":140,"turns":1},{"damage":0,"enemies":"Nemesis","floor":143,"turns":1},{"damage":0,"enemies":"Sphere and 2 Shapes","floor":144,"turns":3},{"damage":0,"enemies":"Reptomancer","floor":147,"turns":2},{"damage":0,"enemies":"Transient","floor":150,"turns":5},{"damage":0,"enemies":"infinitespire:LordOfFortification","floor":152,"turns":1},{"damage":0,"enemies":"Shield and Spear","floor":156,"turns":3},{"damage":0,"enemies":"The Heart","floor":157,"turns":7}],"seed_played":"-465985747240220347","potions_obtained":[{"floor":2.0,"key":"SkillPotion"},{"floor":3.0,"key":"LiquidMemories"},{"floor":6.0,"key":"champ:CounterPotion"},{"floor":11.0,"key":"EssenceOfSteel"},{"floor":14.0,"key":"LiquidMemories"},{"floor":18.0,"key":"Weak Potion"},{"floor":22.0,"key":"Weak Potion"},{"floor":28.0,"key":"FearPotion"},{"floor":31.0,"key":"Fire Potion"},{"floor":37.0,"key":"Ancient Potion"},{"floor":37.0,"key":"EssenceOfSteel"},{"floor":40.0,"key":"sneckomod:MuddlingPotion"},{"floor":46.0,"key":"Swift Potion"},{"floor":48.0,"key":"AttackPotion"},{"floor":54.0,"key":"Regen Potion"},{"floor":64.0,"key":"AttackPotion"},{"floor":69.0,"key":"Slimebound:ThreeZeroPotion"},{"floor":78.0,"key":"DuplicationPotion"},{"floor":82.0,"key":"Dexterity Potion"},{"floor":88.0,"key":"infinitespire:BlackPotion"},{"floor":98.0,"key":"BlessingOfTheForge"},{"floor":103.0,"key":"Weak Potion"},{"floor":107.0,"key":"sneckomod:MuddlingPotion"},{"floor":115,"key":"infinitespire:BlackPotion"},{"floor":118,"key":"Swift Potion"},{"floor":124,"key":"hexamod:SoulburnPotion"},{"floor":125,"key":"LiquidMemories"},{"floor":126,"key":"FearPotion"},{"floor":132,"key":"AttackPotion"},{"floor":133,"key":"sneckomod:MuddlingPotion"},{"floor":140,"key":"SpeedPotion"},{"floor":143,"key":"DuplicationPotion"},{"floor":144,"key":"hexamod:SoulburnPotion"},{"floor":147,"key":"CultistPotion"},{"floor":150,"key":"CultistPotion"},{"floor":156,"key":"hexamod:SoulburnPotion"},{"floor":157,"key":"FairyPotion"}],"is_trial":false,"path_per_floor":["M","M","M","$","?","E","?","E","T","E","M","R","M","M","R","B",null,"M","$","T","M","M","NM","R","M","T","R","E","AVR","R","M","R","B",null,"M","M","?","M","M","E","R","M","T","$","E","?","E","M","R","B",null,"M","M","M","?","AVR","R","E","M","T","E","?","E","M","?","R","B",null,"M","$","M","M","?","R","$","E","T","M","E","R","E","M","R","B",null,"M","?","M","M","M","E","M","T","T","R","M","$","E","?","R","B",null,"M","M","?","?","M","E","M","E","T","$","T","R","M","E","R","B",null,"M","?","M","$","M","E","M","E","T","?","?","M","E","M","R","B",null,"M","$","T","M","AVR","R","E","M","T","R","E","?","R","M","R","B",null,"R","$","E","B",null],"character_chosen":"DEFECT","items_purchased":["Self Repair","MerchantsRug","Fusion","TheAbacus","Master of Strategy","Art of War","DollysMirror","Shovel","Pen Nib","Calipers","ClockworkSouvenir","Sadistic Nature","Runic Capacitor"],"campfire_rested":0,"item_purchase_floors":[4,19,19,44,44,44,70,70,70,97,123,138,138],"current_hp_per_floor":[66,66,64,64,64,66,66,47,47,54,54,54,57,64,64,45,68,65,65,65,60,57,66,66,71,71,71,75,75,75,67,67,68,73,72,73,73,75,75,55,55,56,56,56,70,69,83,76,76,83,88,89,89,89,89,89,89,96,96,96,96,96,96,96,72,72,80,92,92,92,92,96,96,96,96,46,46,60,60,60,18,32,32,46,84,69,69,49,49,56,70,96,96,96,96,96,96,96,96,96,51,85,92,92,92,92,92,96,96,96,96,96,96,96,96,96,96,96,96,96,96,96,96,96,96,96,96,96,96,91,91,91,101,101,101,101,101,101,101,101,101,101,101,101,101,98,98,98,98,98,98,98,98,98,98,98,98],"gold":156,"neow_bonus":"ONE_RANDOM_RARE_CARD","is_daily":false,"chose_seed":false,"campfire_upgraded":12,"win_rate":0.0,"timestamp":1611264745,"path_taken":["M","M","M","$","?","E","?","E","T","E","M","R","?","M","R","BOSS","M","$","?","M","M","NM","R","M","T","R","E","AVR","R","M","R","BOSS","M","M","?","M","M","E","R","M","T","$","E","?","E","M","R","BOSS","M","M","M","?","AVR","R","E","M","T","E","?","E","M","?","R","BOSS","M","$","M","M","?","R","$","E","T","M","E","R","E","M","R","BOSS","M","?","M","M","M","E","M","?","T","R","M","$","E","?","R","BOSS","M","M","?","?","M","E","M","E","T","$","?","R","M","E","R","BOSS","M","?","M","$","M","E","M","E","T","?","?","M","E","M","R","BOSS","M","$","?","M","AVR","R","E","M","T","R","E","?","R","M","R","BOSS","R","$","E","BOSS"],"items_purchased_type":["Card","Relic","Card","Relic","Card","Relic","Relic","Relic","Relic","Relic","Relic","Card","Relic"],"build_version":"2020-12-22","purchased_purges":11,"victory":true,"max_hp_per_floor":[75,75,75,75,75,75,75,75,75,75,75,75,75,75,75,75,75,75,75,75,75,75,75,75,75,75,75,75,75,75,75,75,75,75,75,75,75,75,75,89,89,89,89,89,89,89,89,89,89,89,89,89,89,89,89,89,89,96,96,96,96,96,96,96,96,96,96,96,96,96,96,96,96,96,96,96,96,96,96,96,96,96,96,96,96,96,96,96,96,96,96,96,96,96,96,96,96,96,96,96,96,96,96,96,96,96,96,96,96,96,96,96,96,96,96,96,96,96,96,96,96,96,96,96,96,96,96,96,96,101,101,101,101,101,101,101,101,101,101,101,101,101,101,101,101,98,98,98,98,98,98,98,98,98,98,98,98],"card_choices":[{"not_picked":["Go for the Eyes","Darkness"],"picked":"Conserve Battery","floor":1.0},{"not_picked":["Coolheaded","Redo"],"picked":"Turbo","floor":2.0},{"not_picked":["Darkness","Go for the Eyes"],"picked":"FTL","floor":3.0},{"not_picked":["Stack","Rebound"],"picked":"Genetic Algorithm","floor":6.0},{"not_picked":["Redo","Blizzard","Chaos"],"picked":"SKIP","floor":8.0},{"not_picked":["Sunder","Auto Shields"],"picked":"Beam Cell","floor":10.0},{"not_picked":["Auto Shields","Steam"],"picked":"Hologram","floor":11.0},{"not_picked":["Steam","Scrape"],"picked":"Hologram","floor":13.0},{"not_picked":["Stack","Force Field"],"picked":"All For One","floor":14.0},{"not_picked":["Hyperbeam","Rainbow"],"picked":"Echo Form","floor":16.0},{"not_picked":["Scrape","Gash"],"picked":"Streamline+1","floor":18.0},{"not_picked":["Steam","Streamline","Hologram"],"picked":"SKIP","floor":21.0},{"not_picked":["Redo","Turbo+1","Streamline"],"picked":"SKIP","floor":22.0},{"not_picked":["Chaos","Hologram+1","Conserve Battery"],"picked":"SKIP","floor":23.0},{"not_picked":["Doom and Gloom","Steam"],"picked":"Skim+1","floor":25.0},{"not_picked":["FTL","Fusion"],"picked":"Sweeping Beam","floor":28.0},{"not_picked":["Ball Lightning","Static Discharge"],"picked":"Go for the Eyes","floor":31.0},{"not_picked":["All For One","Multi-Cast"],"picked":"Echo Form","floor":33.0},{"not_picked":["Hologram","Recycle"],"picked":"Reinforced Body+1","floor":35.0},{"not_picked":["Cold Snap+1","Defragment+1"],"picked":"Conserve Battery","floor":36.0},{"not_picked":["Go for the Eyes","Melter+1","Static Discharge"],"picked":"SKIP","floor":38.0},{"not_picked":["Chill","Compile Driver"],"picked":"Genetic Algorithm","floor":39.0},{"not_picked":["Loop+1","Fusion","Beam Cell+1"],"picked":"SKIP","floor":40.0},{"not_picked":["Undo","Barrage+1"],"picked":"Streamline+1","floor":42.0},{"not_picked":["Conserve Battery+1","Skim+1"],"picked":"Fission","floor":45.0},{"not_picked":["infinitespire:FinalStrike","infinitespire:DeathsTouch"],"picked":"infinitespire:UltimateForm","floor":46.0},{"not_picked":["Redo+1","Genetic Algorithm","Hello World+1"],"picked":"SKIP","floor":47.0},{"not_picked":["Melter","Sweeping Beam+1"],"picked":"Conserve Battery+1","floor":48.0},{"not_picked":["Creative AI","Amplify"],"picked":"Core Surge","floor":50.0},{"not_picked":["Turbo","Glacier","Streamline"],"picked":"SKIP","floor":52.0},{"not_picked":["Compile Driver","Beam Cell"],"picked":"Rebound","floor":53.0},{"not_picked":["Rebound","Undo"],"picked":"Meteor Strike","floor":54.0},{"not_picked":["Capacitor","BootSequence"],"picked":"Reprogram","floor":58.0},{"not_picked":["Beam Cell","Barrage","Melter"],"picked":"SKIP","floor":59.0},{"not_picked":["Rainbow","Turbo"],"picked":"Machine Learning","floor":61.0},{"not_picked":["Turbo","Streamline","Sweeping Beam"],"picked":"SKIP","floor":63.0},{"not_picked":["Rip and Tear","Tempest","Leap"],"picked":"SKIP","floor":64.0},{"not_picked":["infinitespire:SealOfDarkness+","infinitespire:Fortify"],"picked":"infinitespire:Gouge","floor":67.0},{"not_picked":["Reinforced Body","Rebound+1","Redo"],"picked":"SKIP","floor":69.0},{"not_picked":["Rebound","Streamline"],"picked":"Scrape","floor":71.0},{"not_picked":["Stack","Go for the Eyes","Steam Power"],"picked":"SKIP","floor":72.0},{"not_picked":["Storm","Melter"],"picked":"Reboot","floor":76.0},{"not_picked":["Steam","Leap","Hologram"],"picked":"SKIP","floor":78.0},{"not_picked":["Compile Driver","Streamline+1","Hologram+1"],"picked":"SKIP","floor":79.0},{"not_picked":["Ball Lightning","Sweeping Beam","Fission"],"picked":"SKIP","floor":81.0},{"not_picked":["Conserve Battery","Leap","Steam"],"picked":"SKIP","floor":82.0},{"not_picked":["All For One","Echo Form"],"picked":"Seek","floor":84.0},{"not_picked":["Defragment+1","Genetic Algorithm+1"],"picked":"Compile Driver+1","floor":86.0},{"not_picked":["Compile Driver","Sweeping Beam","Rebound+1"],"picked":"SKIP","floor":88.0},{"not_picked":["Compile Driver+1","Darkness","Leap+1"],"picked":"SKIP","floor":89.0},{"not_picked":["Beam Cell+1","Reprogram+1"],"picked":"Turbo+1","floor":90.0},{"not_picked":["Echo Form","Redo+1"],"picked":"Self Repair+1","floor":91.0},{"not_picked":["Stack+1","Gash+1","Scrape"],"picked":"SKIP","floor":92.0},{"not_picked":["Genetic Algorithm","Rebound+1"],"picked":"Double Energy+1","floor":96.0},{"not_picked":["Recycle","Ball Lightning","Hello World"],"picked":"SKIP","floor":98.0},{"not_picked":["Fission","Echo Form"],"picked":"Core Surge","floor":101.0},{"not_picked":["Redo","Gash","Go for the Eyes"],"picked":"SKIP","floor":103.0},{"not_picked":["Turbo","Sweeping Beam","Conserve Battery"],"picked":"SKIP","floor":104.0},{"not_picked":["Beam Cell","Hello World","Double Energy"],"picked":"SKIP","floor":107.0},{"not_picked":["Hologram","Scrape"],"picked":"Capacitor","floor":108.0},{"not_picked":["Hologram","Go for the Eyes","Double Energy"],"picked":"SKIP","floor":109.0},{"not_picked":["Ball Lightning","Compile Driver","Barrage"],"picked":"SKIP","floor":110},{"not_picked":["Rebound","Compile Driver","White Noise"],"picked":"SKIP","floor":115},{"not_picked":["Lockon","Compile Driver","Barrage"],"picked":"SKIP","floor":116},{"not_picked":["Multi-Cast","Thunder Strike"],"picked":"Creative AI","floor":118},{"not_picked":["BootSequence","Ball Lightning+1","Conserve Battery+1"],"picked":"SKIP","floor":120},{"not_picked":["Storm","Genetic Algorithm","Beam Cell+1"],"picked":"SKIP","floor":122},{"not_picked":["Beam Cell","Cold Snap","Coolheaded"],"picked":"SKIP","floor":124},{"not_picked":["Cold Snap","Auto Shields","Darkness"],"picked":"SKIP","floor":125},{"not_picked":["Chill+1","Fission","Steam","Turbo"],"picked":"SKIP","floor":126},{"not_picked":["Gash+1","Steam","Coolheaded","Genetic Algorithm"],"picked":"SKIP","floor":127},{"not_picked":["Heatsinks","Loop","Melter+1","Hologram"],"picked":"SKIP","floor":131},{"not_picked":["Rainbow","Gash+1","Chill","Aggregate"],"picked":"SKIP","floor":132},{"not_picked":["Rip and Tear+1","White Noise","Cold Snap+1","Gash+1"],"picked":"SKIP","floor":133},{"not_picked":["Static Discharge+1","Ball Lightning+1","Lockon+1","Turbo"],"picked":"SKIP","floor":137},{"not_picked":["Conserve Battery+1","Redo","Aggregate+1","FTL+1"],"picked":"SKIP","floor":140},{"not_picked":["Undo","White Noise+1","Doom and Gloom+1","Turbo+1"],"picked":"SKIP","floor":143},{"not_picked":["Hologram","Aggregate","Steam"],"picked":"Sunder+1","floor":144},{"not_picked":["Sweeping Beam+1","Sunder+1","Blizzard+1","Hello World+1"],"picked":"SKIP","floor":147},{"not_picked":["Redo","Hologram+1","Aggregate","Go for the Eyes+1"],"picked":"SKIP","floor":150},{"not_picked":["Seek","Hyperbeam+1","Echo Form"],"picked":"Buffer","floor":152},{"not_picked":["Auto Shields","Conserve Battery","Scrape+1","Capacitor+1"],"picked":"SKIP","floor":156}],"player_experience":777402,"relics_obtained":[{"floor":5.0,"key":"Cables"},{"floor":6.0,"key":"Orichalcum"},{"floor":8.0,"key":"Thread and Needle"},{"floor":9.0,"key":"Boot"},{"floor":10.0,"key":"Oddly Smooth Stone"},{"floor":20.0,"key":"Symbiotic Virus"},{"floor":23.0,"key":"Whetstone"},{"floor":26.0,"key":"MawBank"},{"floor":28.0,"key":"infinitespire:EmpoweringShard"},{"floor":40.0,"key":"Mango"},{"floor":43.0,"key":"Juzu Bracelet"},{"floor":45.0,"key":"Anchor"},{"floor":46.0,"key":"Unceasing Top"},{"floor":47.0,"key":"Bronze Scales"},{"floor":58.0,"key":"Strawberry"},{"floor":60.0,"key":"PreservedInsect"},{"floor":61.0,"key":"infinitespire:Lucky Rock"},{"floor":63.0,"key":"Tiny Chest"},{"floor":74.0,"key":"Bottled Tornado"},{"floor":76.0,"key":"Du-Vu Doll"},{"floor":77.0,"key":"Mummified Hand"},{"floor":79.0,"key":"infinitespire:Satchel"},{"floor":81.0,"key":"Bag of Marbles"},{"floor":91.0,"key":"Gambling Chip"},{"floor":93.0,"key":"Omamori"},{"floor":94.0,"key":"InkBottle"},{"floor":95.0,"key":"infinitespire:PuzzleCube"},{"floor":98.0,"key":"Happy Flower"},{"floor":100.0,"key":"Lantern"},{"floor":108.0,"key":"War Paint"},{"floor":110,"key":"infinitespire:Magic Flask"},{"floor":113,"key":"infinitespire:Midas Blood"},{"floor":114,"key":"White Beast Statue"},{"floor":116,"key":"Letter Opener"},{"floor":117,"key":"MawBank"},{"floor":125,"key":"Question Card"},{"floor":127,"key":"Molten Egg 2"},{"floor":128,"key":"infinitespire:FocusingShard"},{"floor":132,"key":"Potion Belt"},{"floor":134,"key":"Peace Pipe"},{"floor":139,"key":"infinitespire:Beetle Shell"},{"floor":143,"key":"Kunai"},{"floor":145,"key":"Regal Pillow"},{"floor":147,"key":"Centennial Puzzle"},{"floor":156,"key":"Shuriken"}],"event_choices":[{"cards_removed":["Strike_B"],"damage_healed":0.0,"max_hp_gain":0.0,"max_hp_loss":0.0,"gold_gain":0.0,"event_name":"Bonfire Elementals","player_choice":"Offered Basic","floor":7.0,"gold_loss":0.0,"damage_taken":0.0},{"damage_healed":0.0,"max_hp_gain":0.0,"max_hp_loss":0.0,"gold_gain":0.0,"event_name":"Lab","player_choice":"Got Potions","floor":37.0,"gold_loss":0.0,"damage_taken":0.0},{"damage_healed":0.0,"max_hp_gain":0.0,"max_hp_loss":0.0,"gold_gain":0.0,"event_name":"Upgrade Shrine","player_choice":"Upgraded","floor":55.0,"gold_loss":0.0,"damage_taken":0.0,"cards_upgraded":["infinitespire:UltimateForm"]},{"damage_healed":0.0,"max_hp_gain":0.0,"max_hp_loss":0.0,"gold_gain":0.0,"event_name":"Big Fish","player_choice":"Box","floor":62.0,"gold_loss":0.0,"damage_taken":0.0,"relics_obtained":["MawBank"],"cards_obtained":["Regret"]},{"damage_healed":0.0,"max_hp_gain":0.0,"max_hp_loss":0.0,"gold_gain":0.0,"event_name":"Golden Idol","player_choice":"Take Damage","floor":65.0,"gold_loss":0.0,"damage_taken":24.0,"relics_obtained":["Golden Idol"]},{"damage_healed":0.0,"max_hp_gain":0.0,"max_hp_loss":0.0,"gold_gain":0.0,"cards_transformed":["Dualcast"],"event_name":"Transmorgrifier","player_choice":"Transformed","floor":73.0,"gold_loss":0.0,"damage_taken":0.0,"cards_obtained":["Darkness"]},{"cards_removed":["Turbo"],"damage_healed":0.0,"max_hp_gain":0.0,"max_hp_loss":0.0,"gold_gain":0.0,"event_name":"WeMeetAgain","player_choice":"Gave Card","floor":87.0,"gold_loss":0.0,"damage_taken":0.0,"relics_obtained":["Meat on the Bone"]},{"damage_healed":0.0,"max_hp_gain":0.0,"max_hp_loss":0.0,"gold_gain":0.0,"event_name":"Tomb of Lord Red Mask","player_choice":"Paid","floor":99.0,"gold_loss":158.0,"damage_taken":0.0,"relics_obtained":["Red Mask"]},{"cards_removed":["Doubt"],"damage_healed":0.0,"max_hp_gain":0.0,"max_hp_loss":0.0,"gold_gain":0.0,"event_name":"Purifier","player_choice":"Purged","floor":105.0,"gold_loss":0.0,"damage_taken":0.0},{"damage_healed":0.0,"max_hp_gain":0.0,"max_hp_loss":0.0,"gold_gain":0.0,"event_name":"Big Fish","player_choice":"Box","floor":106.0,"gold_loss":0.0,"damage_taken":0.0,"relics_obtained":["DataDisk"],"cards_obtained":["Regret"]},{"damage_healed":0,"gold_gain":0,"cards_transformed":["Conserve Battery"],"player_choice":"Transformed","damage_taken":0,"max_hp_gain":0,"max_hp_loss":0,"event_name":"Transmorgrifier","floor":148,"gold_loss":0,"cards_obtained":["Electrodynamics"]}],"is_beta":false,"boss_relics":[{"not_picked":["Cursed Key","Tiny House"],"picked":"Empty Cage"},{"not_picked":["bronze:MakeshiftBattery","Calling Bell"],"picked":"infinitespire:Cupcake"},{"not_picked":["Runic Dome","Sozu"],"picked":"Astrolabe"},{"not_picked":["Calling Bell","Tiny House"],"picked":"Empty Cage"},{"not_picked":["Pandora\u0027s Box","Velvet Choker"],"picked":"Cursed Key"},{"not_picked":["Fusion Hammer","bronze:MakeshiftBattery"],"picked":"Coffee Dripper"},{"not_picked":["FrozenCore","Velvet Choker"],"picked":"Runic Pyramid"},{"not_picked":["Empty Cage","Astrolabe"],"picked":"Fusion Hammer"},{"not_picked":["SacredBark","Pandora\u0027s Box"],"picked":"Nuclear Battery"}],"items_purged_floors":[4,19,29,44,56,70,75,112,123,141,155],"is_endless":true,"potions_floor_spawned":[2,3,6,11,14,18,22,28,31,39,40,46,46,48,54,61,64,69,78,82,88,92,98,103,107,108,109,115,116,118,120,122,124,125,126,127,131,132,133,135,137,140,143,144,147,150,152,156,157],"ascension_level":6}}