{"host":"aq6zgkax5kiz71xp","time":1611212247,"event":{"mods":["BaseMod","Bestiary","Minty Spire (QoL Compilation)","Quick Restart","StSLib","The Cursed","The Runesmith"],"gold_per_floor":[111,111,111,111,30,59,70,70,70,82,82,82,110,35,35,134,134,148,161,171,71,90,110,110,110],"floor_reached":24,"language":"ZHS","playtime":730,"items_purged":["Defend_G","Strike_G"],"score":300,"play_id":"b5626a70-86cd-4ad3-9f12-2de7edd38efc","local_time":"20210121145727","is_ascension_mode":true,"campfire_choices":[{"data":"Neutralize","floor":8.0,"key":"SMITH"},{"data":"Terror","floor":11.0,"key":"SMITH"},{"data":"Infinite Blades","floor":15.0,"key":"SMITH"}],"circlet_count":0,"master_deck":["Strike_G","Strike_G+1","Defend_G","Defend_G+1","Survivor","Neutralize+1","Blade Dance","Terror+1","Accuracy","Infinite Blades+1","Venomology","Cloak And Dagger","Terror"],"relics":["Ring of the Snake","NeowsBlessing","Letter Opener","Vajra","MealTicket","Empty Cage"],"acts_visited":["Exordium","TheCity"],"potions_floor_usage":[22,22,23,23,24],"damage_taken":[{"damage":0.0,"enemies":"Jaw Worm","floor":1.0,"turns":1.0},{"damage":0.0,"enemies":"Lagavulin","floor":6.0,"turns":1.0},{"damage":0.0,"enemies":"2 Louse","floor":7.0,"turns":1.0},{"damage":0.0,"enemies":"Small Slimes","floor":10.0,"turns":2.0},{"damage":11.0,"enemies":"3 Sentries","floor":13.0,"turns":8.0},{"damage":10.0,"enemies":"Hexaghost","floor":16.0,"turns":5.0},{"damage":7.0,"enemies":"Shell Parasite","floor":18.0,"turns":3.0},{"damage":13.0,"enemies":"3 Byrds","floor":19.0,"turns":3.0},{"damage":31,"enemies":"Sentry and Sphere","floor":20,"turns":5},{"damage":8,"enemies":"3 Cultists","floor":22,"turns":3},{"damage":5,"enemies":"Snecko","floor":23,"turns":4},{"damage":21,"enemies":"Gremlin Leader","floor":24,"turns":2}],"seed_played":"8344044071277740954","potions_obtained":[{"floor":10.0,"key":"Strength Potion"},{"floor":13.0,"key":"AttackPotion"},{"floor":20,"key":"BlessingOfTheForge"},{"floor":22,"key":"SpeedPotion"}],"is_trial":false,"path_per_floor":["M","?","?","?","$","E","M","R","T","M","R","?","E","$","R","B",null,"M","M","M","$","M","M","E"],"character_chosen":"THE_SILENT","items_purchased":["Terror"],"campfire_rested":0,"item_purchase_floors":[5],"current_hp_per_floor":[63,63,68,68,68,68,68,68,68,68,68,53,42,57,57,47,68,61,48,17,32,24,19,0,0],"gold":110,"neow_bonus":"THREE_ENEMY_KILL","is_daily":false,"chose_seed":false,"campfire_upgraded":3,"win_rate":0.0,"timestamp":1611212247,"path_taken":["M","?","?","?","$","E","?","R","T","M","R","?","E","?","R","BOSS","M","M","M","$","M","M","E"],"items_purchased_type":["Card"],"build_version":"2020-12-22","purchased_purges":2,"victory":false,"max_hp_per_floor":[70,70,75,75,75,75,75,75,75,75,75,75,75,75,75,75,75,75,75,75,75,75,75,75,75],"card_choices":[{"not_picked":["Slice","Deadly Poison"],"picked":"Blade Dance","floor":1.0},{"not_picked":["Backflip","Dodge and Roll"],"picked":"Accuracy","floor":6.0},{"not_picked":["Underhanded Strike","Calculated Gamble","Deflect"],"picked":"SKIP","floor":7.0},{"not_picked":["Footwork","Dagger Spray","All Out Attack"],"picked":"SKIP","floor":10.0},{"not_picked":["Flechettes","Catalyst"],"picked":"Infinite Blades","floor":13.0},{"not_picked":["Envenom","Tools of the Trade"],"picked":"Venomology","floor":16.0},{"not_picked":["Masterful Stab","Deflect"],"picked":"Cloak And Dagger","floor":18.0},{"not_picked":["Acrobatics","Well Laid Plans","Concentrate+1"],"picked":"SKIP","floor":19.0},{"not_picked":["Crippling Poison","Quick Slash","Slice"],"picked":"SKIP","floor":20},{"not_picked":["Dagger Spray","Caltrops"],"picked":"Terror","floor":22},{"not_picked":["Eviscerate+1","Flying Knee","Malaise"],"picked":"SKIP","floor":23}],"player_experience":457431,"relics_obtained":[{"floor":6.0,"key":"Letter Opener"},{"floor":9.0,"key":"Vajra"},{"floor":13.0,"key":"MealTicket"}],"event_choices":[{"cards_removed":["Strike_G"],"damage_healed":0.0,"max_hp_gain":0.0,"max_hp_loss":0.0,"gold_gain":0.0,"event_name":"Living Wall","player_choice":"Forget","floor":2.0,"gold_loss":0.0,"damage_taken":0.0},{"damage_healed":0.0,"max_hp_gain":5.0,"max_hp_loss":0.0,"gold_gain":0.0,"event_name":"Big Fish","player_choice":"Donut","floor":3.0,"gold_loss":0.0,"damage_taken":0.0},{"cards_removed":["Defend_G"],"damage_healed":0.0,"max_hp_gain":0.0,"max_hp_loss":0.0,"gold_gain":0.0,"event_name":"Purifier","player_choice":"Purged","floor":4.0,"gold_loss":0.0,"damage_taken":0.0},{"damage_healed":0.0,"max_hp_gain":0.0,"max_hp_loss":0.0,"gold_gain":0.0,"event_name":"Shining Light","player_choice":"Entered Light","floor":12.0,"gold_loss":0.0,"damage_taken":15.0,"cards_upgraded":["Defend_G","Strike_G"]}],"is_beta":false,"boss_relics":[{"not_picked":["Ectoplasm","Cursed Key"],"picked":"Empty Cage"}],"items_purged_floors":[14,21],"is_endless":false,"potions_floor_spawned":[10,13,20,22],"killed_by":"Gremlin Leader","ascension_level":6}}