{"host":"by9nexv7bw8pfn7u","time":1611232699,"event":{"mods":["BaseMod","Colored Powertips","Downfall","GifTheSpireLib","Minty Spire (QoL Compilation)","Random Character Button","StSLib","Unceasing Turn Reminder"],"gold_per_floor":[99,117,55,55,55,55,55,82,82,82,98,398,198,213,228,329,329,329,342,375,375,47,47,47,60,45,45,55,55,55,55],"floor_reached":29,"language":"ENG","playtime":1376,"items_purged":["downfall:Icky"],"score":230,"play_id":"872c5c23-bdd7-48c7-b877-034e3547371d","local_time":"20210121133819","is_ascension_mode":true,"campfire_choices":[{"data":"champ:Execute","floor":1,"key":"SMITH"},{"floor":6,"key":"RECALL"},{"data":"champ:SkillfulDodge","floor":10,"key":"SMITH"},{"data":"champ:DefensiveShout","floor":13,"key":"SMITH"},{"data":"champ:Improvising","floor":18,"key":"SMITH"},{"floor":23,"key":"REST"},{"floor":27,"key":"REST"}],"circlet_count":0,"master_deck":["champ:Strike","champ:Strike","champ:Strike","champ:Strike","champ:Defend","champ:Defend","champ:Defend","champ:Defend","champ:Execute+1","champ:Taunt","Deep Breath","champ:SkillfulDodge+1","champ:DefensiveStyle","champ:DefensiveShout+1","champ:DefensiveStyle","champ:BerserkerStyle","downfall:Icky","champ:FocusedDefense","champ:Improvising+1","Pride"],"relics":["champ:ChampionCrownUpgraded","downfall:ShatteredFragment","Pantograph","downfall:HeartBlessingRed","downfall:HeartBlessingBlue","Red Mask","Toy Ornithopter","Bottled Lightning","Matryoshka"],"acts_visited":["Exordium","TheCity"],"potions_floor_usage":[8,15,16,20,28,29,29],"damage_taken":[{"damage":12,"enemies":"2 Louse","floor":2,"turns":3},{"damage":21,"enemies":"downfall:FleeingMerchant","floor":3,"turns":4},{"damage":27,"enemies":"3 Sentries","floor":8,"turns":6},{"damage":15,"enemies":"Small Slimes","floor":11,"turns":4},{"damage":14,"enemies":"Cultist","floor":14,"turns":2},{"damage":10,"enemies":"Large Slime","floor":15,"turns":4},{"damage":36,"enemies":"WA_ARCHETYPE_RETAIN","floor":16,"turns":11},{"damage":28,"enemies":"Spheric Guardian","floor":19,"turns":5},{"damage":43,"enemies":"Masked Bandits","floor":20,"turns":6},{"damage":20,"enemies":"downfall:FleeingMerchant","floor":22,"turns":4},{"damage":43,"enemies":"Shell Parasite","floor":25,"turns":6},{"damage":31,"enemies":"downfall:FleeingMerchant","floor":26,"turns":4},{"damage":65,"enemies":"Chosen and Byrds","floor":28,"turns":7},{"damage":62,"enemies":"Slavers","floor":29,"turns":3}],"seed_played":"-1045966398267161185","potions_obtained":[{"floor":2,"key":"EssenceOfSteel"},{"floor":8,"key":"SkillPotion"},{"floor":14,"key":"SkillPotion"},{"floor":16,"key":"Weak Potion"},{"floor":19,"key":"Ancient Potion"},{"floor":25,"key":"GamblersBrew"},{"floor":28,"key":"Block Potion"}],"is_trial":false,"path_per_floor":["R","M","$","?","?","R","T","E","?","R","M","?","R","M","M","B",null,"R","M","?","?","$","R","T","M","$","R","M","E"],"character_chosen":"THE_CHAMP","items_purchased":["champ:DefensiveShout","Bottled Lightning"],"campfire_rested":2,"item_purchase_floors":[3,22],"current_hp_per_floor":[90,88,87,87,60,60,60,58,58,58,50,50,60,56,56,55,100,100,87,49,49,39,69,69,41,30,60,30,0,0,0],"gold":55,"neow_bonus":"RANDOM_COLORLESS","is_daily":false,"chose_seed":false,"campfire_upgraded":4,"win_rate":0.0,"timestamp":1611232699,"path_taken":["R","M","$","?","?","R","T","E","?","R","?","?","R","M","M","BOSS","R","M","?","?","$","R","T","M","?","R","M","E"],"items_purchased_type":["Card","Relic"],"build_version":"2020-12-22","purchased_purges":1,"victory":false,"max_hp_per_floor":[90,90,90,90,90,90,90,90,90,90,90,90,100,100,100,100,100,100,100,100,100,100,100,100,100,100,100,100,100,100,100],"card_choices":[{"not_picked":["Enlightenment","Mind Blast"],"picked":"Deep Breath","floor":0},{"not_picked":["champ:DeathBlow","champ:BerserkersShout"],"picked":"champ:SkillfulDodge","floor":2},{"not_picked":["champ:Encircle","champ:BringItOn"],"picked":"champ:DefensiveStyle","floor":3},{"not_picked":["champ:ShieldSlam","champ:Backstep"],"picked":"champ:DefensiveStyle","floor":8},{"not_picked":["champ:HeartStrike","champ:ShieldSlam","champ:EndlessRage"],"picked":"SKIP","floor":11},{"not_picked":["champ:Haymaker","champ:RapidStrikes","champ:FanOfKnives"],"picked":"SKIP","floor":14},{"not_picked":["champ:SkillfulDodge","champ:RageSigil"],"picked":"champ:FocusedDefense","floor":15},{"not_picked":["champ:HoldFirm","champ:MurderStrike"],"picked":"champ:Improvising","floor":16},{"not_picked":["champ:PerfectedStrike+1","champ:Haymaker","champ:StanceDance"],"picked":"SKIP","floor":19},{"not_picked":["champ:TornadoPunch+1","champ:Shatter","champ:GutPunch"],"picked":"SKIP","floor":22},{"not_picked":["champ:Haymaker","champ:TornadoPunch","champ:Backstep+1"],"picked":"SKIP","floor":25},{"not_picked":["champ:ViciousMockery","champ:GutPunch","champ:CrownThrow"],"picked":"SKIP","floor":26},{"not_picked":["champ:TornadoPunch+1","champ:GladiatorStyle","champ:Backstep"],"picked":"SKIP","floor":28}],"player_experience":1027747,"relics_obtained":[{"floor":8,"key":"Pantograph"},{"floor":20,"key":"Red Mask"},{"floor":24,"key":"Matryoshka"}],"event_choices":[{"damage_healed":0,"gold_gain":0,"player_choice":"Fought Bandits","damage_taken":0,"max_hp_gain":0,"max_hp_loss":0,"event_name":"Masked Bandits","floor":20,"gold_loss":0},{"damage_healed":0,"gold_gain":0,"player_choice":"Stole Relic","damage_taken":0,"relics_obtained":["Toy Ornithopter"],"max_hp_gain":0,"max_hp_loss":0,"event_name":"Addict","floor":21,"gold_loss":0,"cards_obtained":["Pride"]}],"is_beta":false,"boss_relics":[{"not_picked":["Snecko Eye","Pandora\u0027s Box"],"picked":"champ:ChampionCrownUpgraded"}],"items_purged_floors":[22],"is_endless":false,"potions_floor_spawned":[2,8,14,16,19,25,28],"killed_by":"Slavers","ascension_level":1}}