{"host":"axuns55dzq466eei","time":1611238796,"event":{"mods":["BaseMod","Colored Map","Keyboard Shortcuts","Minty Spire (QoL Compilation)","StSLib","SuperFastMode"],"gold_per_floor":[116,128,53,2,17,49,49,82,82,112,124,124,142,154,154,154,154],"floor_reached":16,"language":"KOR","playtime":348,"items_purged":[],"score":244,"play_id":"bcb3a821-7e4c-49d8-af7a-6c93c3b78b3c","local_time":"20210121231956","is_ascension_mode":true,"campfire_choices":[{"data":"Sunder","floor":7,"key":"SMITH"},{"data":"Defragment","floor":12,"key":"SMITH"},{"data":"Coolheaded","floor":15,"key":"SMITH"}],"circlet_count":0,"master_deck":["AscendersBane","Strike_B","Strike_B","Strike_B","Defend_B","Defend_B","Defend_B","Defend_B","Zap+1","Dualcast","Hologram","Undo","Sunder+1","Coolheaded+1","Self Repair","Sweeping Beam","Defragment+1","Glacier","Heatsinks"],"relics":["Cracked Core","Mercury Hourglass","Question Card","Shuriken","Matryoshka","Sundial"],"acts_visited":["Exordium"],"potions_floor_usage":[6,8,16,16,16,16,16,16],"damage_taken":[{"damage":2,"enemies":"Jaw Worm","floor":1,"turns":3},{"damage":4,"enemies":"Small Slimes","floor":2,"turns":3},{"damage":0,"enemies":"Cultist","floor":5,"turns":3},{"damage":8,"enemies":"Gremlin Nob","floor":6,"turns":3},{"damage":7,"enemies":"Lagavulin","floor":8,"turns":7},{"damage":13,"enemies":"3 Sentries","floor":10,"turns":5},{"damage":11,"enemies":"Exordium Wildlife","floor":11,"turns":3},{"damage":9,"enemies":"Red Slaver","floor":13,"turns":4},{"damage":8,"enemies":"Large Slime","floor":14,"turns":4},{"damage":16,"enemies":"Hexaghost","floor":16,"turns":11}],"seed_played":"4625885929397766100","potions_obtained":[{"floor":1,"key":"SteroidPotion"},{"floor":2,"key":"DuplicationPotion"},{"floor":5,"key":"CultistPotion"},{"floor":11,"key":"EntropicBrew"},{"floor":13,"key":"SteroidPotion"}],"is_trial":false,"path_per_floor":["M","M","?","?","M","E","R","E","T","E","M","R","M","M","R","B"],"character_chosen":"DEFECT","items_purchased":[],"campfire_rested":0,"item_purchase_floors":[],"current_hp_per_floor":[62,58,58,58,58,50,50,43,43,30,26,26,24,16,16,0,0],"gold":154,"neow_bonus":"UPGRADE_CARD","is_daily":false,"chose_seed":false,"campfire_upgraded":3,"win_rate":0.0,"timestamp":1611238796,"path_taken":["M","M","?","?","?","E","R","E","T","E","M","R","M","M","R","BOSS"],"items_purchased_type":[],"build_version":"2020-12-22","purchased_purges":0,"victory":false,"max_hp_per_floor":[71,71,71,71,71,71,71,71,71,71,71,71,71,71,71,71,71],"card_choices":[{"not_picked":["Rebound","Turbo"],"picked":"Hologram","floor":1},{"not_picked":["Hologram","Hello World"],"picked":"Undo","floor":2},{"not_picked":["Chill","Turbo"],"picked":"Sunder","floor":5},{"not_picked":["All For One","Barrage"],"picked":"Coolheaded","floor":6},{"not_picked":["Force Field","Conserve Battery","Steam Power"],"picked":"Self Repair","floor":8},{"not_picked":["Turbo","Streamline","Cold Snap"],"picked":"Sweeping Beam","floor":10},{"not_picked":["Turbo","Rainbow","Beam Cell"],"picked":"Defragment","floor":11},{"not_picked":["Conserve Battery","Compile Driver","Redo"],"picked":"Glacier","floor":13},{"not_picked":["Conserve Battery","Ball Lightning","Coolheaded"],"picked":"Heatsinks","floor":14}],"player_experience":1094634,"relics_obtained":[{"floor":6,"key":"Question Card"},{"floor":8,"key":"Shuriken"},{"floor":9,"key":"Matryoshka"},{"floor":10,"key":"Sundial"}],"event_choices":[{"cards_removed":["Strike_B"],"damage_healed":0,"gold_gain":0,"player_choice":"Card Removal","damage_taken":0,"max_hp_gain":0,"max_hp_loss":0,"event_name":"The Cleric","floor":3,"gold_loss":75},{"damage_healed":0,"gold_gain":0,"player_choice":"Paid Gold","damage_taken":0,"relics_obtained":["Mercury Hourglass"],"max_hp_gain":0,"max_hp_loss":0,"event_name":"WeMeetAgain","floor":4,"gold_loss":51}],"is_beta":false,"boss_relics":[],"items_purged_floors":[],"is_endless":false,"potions_floor_spawned":[1,2,5,11,13],"killed_by":"Hexaghost","ascension_level":20}}