{"host":"dhlnk6yox2l1s6up","time":1611245081,"event":{"mods":["BaseMod","Colored Map","Highlight Path","Minty Spire (QoL Compilation)","Relic Stats","StSLib"],"gold_per_floor":[112,112,124,124,124,158,189,214,226,259,314,326,40,59,59,187,187,207,207,230,230,254,254,254,254,254],"floor_reached":25,"language":"ENG","playtime":2054,"items_purged":[],"score":403,"play_id":"d51765a1-68d1-4a0d-b916-2062d6b947d0","local_time":"20210121100441","is_ascension_mode":true,"campfire_choices":[{"data":"Conserve Battery","floor":12,"key":"SMITH"},{"data":"Defragment","floor":15,"key":"SMITH"},{"floor":23,"key":"REST"}],"circlet_count":0,"master_deck":["Strike_B+1","Strike_B+1","Strike_B+1","Defend_B+1","Defend_B+1","Defend_B+1","Zap","Dualcast","Sweeping Beam","Cold Snap","Defragment+1","Tempest","Conserve Battery+1","Capacitor","Steam","Lockon","Machine Learning","Static Discharge","Rip and Tear","Beam Cell","Reprogram","RitualDagger","Go for the Eyes"],"relics":["FrozenCore","NeowsBlessing","NlothsMask","Golden Idol","MawBank","FossilizedHelix","Oddly Smooth Stone","OrangePellets"],"acts_visited":["Exordium","TheCity"],"potions_floor_usage":[14,20,20],"damage_taken":[{"damage":0,"enemies":"Jaw Worm","floor":1,"turns":1},{"damage":0,"enemies":"Cultist","floor":3,"turns":1},{"damage":0,"enemies":"Gremlin Nob","floor":6,"turns":1},{"damage":8,"enemies":"2 Louse","floor":7,"turns":3},{"damage":6,"enemies":"2 Fungi Beasts","floor":8,"turns":3},{"damage":1,"enemies":"Looter","floor":10,"turns":4},{"damage":34,"enemies":"Lagavulin","floor":11,"turns":6},{"damage":0,"enemies":"Blue Slaver","floor":14,"turns":3},{"damage":0,"enemies":"The Guardian","floor":16,"turns":10},{"damage":29,"enemies":"3 Byrds","floor":18,"turns":8},{"damage":18,"enemies":"2 Thieves","floor":20,"turns":4},{"damage":10,"enemies":"Shelled Parasite and Fungi","floor":22,"turns":8},{"damage":34,"enemies":"Gremlin Leader","floor":25,"turns":4}],"seed_played":"-9177716895719143499","potions_obtained":[{"floor":3,"key":"SteroidPotion"},{"floor":6,"key":"Weak Potion"},{"floor":11,"key":"Fruit Juice"},{"floor":14,"key":"Swift Potion"},{"floor":20,"key":"CultistPotion"}],"is_trial":false,"path_per_floor":["M","?","M","?","?","E","M","M","T","M","E","R","$","M","R","B",null,"M","?","M","?","M","R","?","E"],"character_chosen":"DEFECT","items_purchased":["Oddly Smooth Stone","OrangePellets"],"campfire_rested":1,"item_purchase_floors":[13,13],"current_hp_per_floor":[68,68,68,73,73,73,65,59,59,58,24,24,24,29,29,29,67,38,38,20,14,4,27,27,0,0],"gold":254,"neow_bonus":"THREE_ENEMY_KILL","is_daily":false,"chose_seed":false,"campfire_upgraded":2,"win_rate":0.0,"timestamp":1611245081,"path_taken":["M","?","?","?","?","E","M","M","T","M","E","R","$","M","R","BOSS","M","?","M","?","M","R","?","E"],"items_purchased_type":["Relic","Relic"],"build_version":"2020-12-22","purchased_purges":0,"victory":false,"max_hp_per_floor":[75,75,75,80,74,74,74,74,74,74,74,74,74,79,79,79,79,79,79,79,79,79,79,79,79,79],"relic_stats":{"OrangePellets":[2],"counters":[13,56],"Golden Idol":71,"MawBank":84,"obtain_stats":[{"OrangePellets":13,"NeowsBlessing":0,"Golden Idol":5,"Oddly Smooth Stone":13,"Cracked Core":0,"MawBank":6,"FossilizedHelix":11,"NlothsMask":2,"FrozenCore":17},{"OrangePellets":7,"NeowsBlessing":0,"Golden Idol":2,"Oddly Smooth Stone":7,"Cracked Core":0,"MawBank":3,"FossilizedHelix":7,"NlothsMask":1,"FrozenCore":9},{"OrangePellets":19,"NeowsBlessing":0,"Golden Idol":2,"Oddly Smooth Stone":19,"Cracked Core":0,"MawBank":3,"FossilizedHelix":19,"NlothsMask":1,"FrozenCore":32}],"FrozenCore":[9]},"card_choices":[{"not_picked":["Lockon","Steam"],"picked":"Sweeping Beam","floor":1},{"not_picked":["Redo","Beam Cell"],"picked":"Cold Snap","floor":3},{"not_picked":["Turbo","Redo"],"picked":"Defragment","floor":6},{"not_picked":["Double Energy","Turbo"],"picked":"Tempest","floor":7},{"not_picked":["Aggregate","Go for the Eyes"],"picked":"Conserve Battery","floor":8},{"not_picked":["Static Discharge","Steam"],"picked":"Capacitor","floor":10},{"not_picked":["Turbo","Rebound"],"picked":"Steam","floor":11},{"not_picked":["Ball Lightning","Streamline"],"picked":"Lockon","floor":14},{"not_picked":["Rainbow","Reboot"],"picked":"Machine Learning","floor":16},{"not_picked":["Stack","Turbo"],"picked":"Static Discharge","floor":18},{"not_picked":["Barrage+1","Sweeping Beam"],"picked":"Reprogram","floor":20},{"not_picked":["Compile Driver","Redo"],"picked":"Go for the Eyes","floor":22}],"player_experience":5893979,"relics_obtained":[{"floor":6,"key":"MawBank"},{"floor":11,"key":"FossilizedHelix"}],"event_choices":[{"damage_healed":0,"gold_gain":0,"player_choice":"Trade","damage_taken":0,"relics_obtained":["NlothsMask"],"max_hp_gain":0,"max_hp_loss":0,"event_name":"FaceTrader","floor":2,"gold_loss":0},{"damage_healed":0,"gold_gain":0,"player_choice":"Donut","damage_taken":0,"max_hp_gain":5,"max_hp_loss":0,"event_name":"Big Fish","floor":4,"gold_loss":0},{"damage_healed":0,"gold_gain":0,"player_choice":"Lose Max HP","damage_taken":0,"relics_obtained":["Golden Idol"],"max_hp_gain":0,"max_hp_loss":6,"event_name":"Golden Idol","floor":5,"gold_loss":0},{"damage_healed":0,"gold_gain":0,"cards_transformed":["Strike_B","Defend_B"],"player_choice":"Became Test Subject","damage_taken":0,"max_hp_gain":0,"max_hp_loss":0,"event_name":"Drug Dealer","floor":19,"gold_loss":0,"cards_obtained":["Rip and Tear","Beam Cell"]},{"damage_healed":0,"gold_gain":0,"player_choice":"Joined the Cult","damage_taken":6,"max_hp_gain":0,"max_hp_loss":0,"event_name":"Nest","floor":21,"gold_loss":0,"cards_obtained":["RitualDagger"]},{"damage_healed":0,"gold_gain":0,"player_choice":"Simplicity","damage_taken":0,"max_hp_gain":0,"max_hp_loss":0,"event_name":"Back to Basics","floor":24,"gold_loss":0,"cards_upgraded":["Strike_B","Strike_B","Strike_B","Defend_B","Defend_B","Defend_B"]}],"is_beta":false,"boss_relics":[{"not_picked":["Runic Pyramid","Busted Crown"],"picked":"FrozenCore"}],"items_purged_floors":[],"is_endless":false,"potions_floor_spawned":[3,6,11,14,20],"killed_by":"Gremlin Leader","ascension_level":8}}