{"host":"sav7uxregyirlf69","time":1611227609,"event":{"mods":["AchievementEnabler","BaseMod","Colored Map","DeckTracker","Keyboard Shortcuts","Minty Spire (QoL Compilation)","READ ME - Guardian Mod","StSLib","SuperFastMode"],"gold_per_floor":[110,130,144,144,159,186,186,242,242,255,255,265,280,305,305,305,305],"floor_reached":16,"language":"KOR","playtime":346,"items_purged":[],"score":228,"play_id":"7fb0a448-9ad4-42be-a262-8b82e8e98bf4","local_time":"20210121201329","is_ascension_mode":true,"campfire_choices":[{"floor":7,"key":"REST"},{"floor":15,"key":"REST"}],"circlet_count":0,"master_deck":["AscendersBane","Strike_R","Strike_R","Strike_R","Strike_R","Strike_R","Defend_R","Defend_R","Defend_R","Defend_R","Bash","Disarm","Rage+1","Hemokinesis","Second Wind","Wild Strike","Battle Trance","Armaments+1","Immolate+1","Feed","Body Slam","Infernal Blade+1"],"relics":["Burning Blood","Prayer Wheel","War Paint","Bottled Flame","Happy Flower","Toxic Egg 2"],"acts_visited":["Exordium"],"potions_floor_usage":[6,8,8],"damage_taken":[{"damage":8,"enemies":"2 Louse","floor":1,"turns":3},{"damage":17,"enemies":"Jaw Worm","floor":2,"turns":6},{"damage":2,"enemies":"Cultist","floor":3,"turns":3},{"damage":10,"enemies":"2 Fungi Beasts","floor":5,"turns":4},{"damage":21,"enemies":"Lagavulin","floor":6,"turns":6},{"damage":39,"enemies":"Lagavulin Event","floor":8,"turns":7},{"damage":0,"enemies":"3 Louse","floor":10,"turns":1},{"damage":4,"enemies":"Blue Slaver","floor":12,"turns":3},{"damage":24,"enemies":"Large Slime","floor":13,"turns":5},{"damage":6,"enemies":"Gremlin Nob","floor":14,"turns":3},{"damage":38,"enemies":"The Guardian","floor":16,"turns":10}],"seed_played":"-8131770277264144317","potions_obtained":[{"floor":1,"key":"ColorlessPotion"},{"floor":5,"key":"Ancient Potion"},{"floor":6,"key":"SpeedPotion"},{"floor":14,"key":"SpeedPotion"}],"is_trial":false,"path_per_floor":["M","M","M","?","M","E","R","?","T","M","?","M","M","E","R","B"],"character_chosen":"IRONCLAD","items_purchased":[],"campfire_rested":2,"item_purchase_floors":[],"current_hp_per_floor":[48,37,41,46,42,27,51,18,18,24,24,26,8,8,32,0,0],"gold":305,"neow_bonus":"ONE_RARE_RELIC","is_daily":false,"chose_seed":false,"campfire_upgraded":0,"win_rate":0.0,"timestamp":1611227609,"path_taken":["M","M","M","?","M","E","R","?","T","M","?","?","M","E","R","BOSS"],"items_purchased_type":[],"build_version":"2020-12-22","purchased_purges":0,"victory":false,"max_hp_per_floor":[75,75,75,80,80,80,80,80,80,80,80,80,80,80,80,80,80],"card_choices":[{"not_picked":["Sentinel","Dual Wield"],"picked":"Disarm","floor":1},{"not_picked":["Dual Wield","Cleave","Body Slam"],"picked":"SKIP","floor":1},{"not_picked":["True Grit","Cleave"],"picked":"Rage","floor":2},{"not_picked":["Sword Boomerang","Evolve"],"picked":"Hemokinesis","floor":2},{"not_picked":["Headbutt","Battle Trance"],"picked":"Second Wind","floor":3},{"not_picked":["Infernal Blade","Seeing Red"],"picked":"Wild Strike","floor":3},{"not_picked":["Second Wind","Heavy Blade"],"picked":"Battle Trance","floor":5},{"not_picked":["Body Slam","Dropkick","Warcry"],"picked":"SKIP","floor":5},{"not_picked":["Brutality","Anger"],"picked":"Armaments","floor":6},{"not_picked":["Flex","Havoc"],"picked":"Immolate","floor":8},{"not_picked":["Twin Strike","Pommel Strike"],"picked":"Feed","floor":10},{"not_picked":["Twin Strike","Thunderclap","True Grit"],"picked":"SKIP","floor":10},{"not_picked":["Thunderclap","Clash"],"picked":"Body Slam","floor":12},{"not_picked":["Heavy Blade","Uppercut","Pommel Strike"],"picked":"SKIP","floor":12},{"not_picked":["Bloodletting","Ghostly Armor","Heavy Blade"],"picked":"SKIP","floor":13},{"not_picked":["Anger","Dropkick","Rampage"],"picked":"SKIP","floor":13},{"not_picked":["Demon Form","Flex+1"],"picked":"Infernal Blade+1","floor":14}],"player_experience":1346959,"relics_obtained":[{"floor":6,"key":"War Paint"},{"floor":8,"key":"Bottled Flame"},{"floor":9,"key":"Happy Flower"},{"floor":14,"key":"Toxic Egg 2"}],"event_choices":[{"damage_healed":0,"gold_gain":0,"player_choice":"Donut","damage_taken":0,"max_hp_gain":5,"max_hp_loss":0,"event_name":"Big Fish","floor":4,"gold_loss":0},{"damage_healed":0,"gold_gain":0,"player_choice":"Searched \u00271\u0027 times","damage_taken":0,"max_hp_gain":0,"max_hp_loss":0,"event_name":"Dead Adventurer","floor":8,"gold_loss":0},{"damage_healed":0,"gold_gain":0,"player_choice":"Grow","damage_taken":0,"max_hp_gain":0,"max_hp_loss":0,"event_name":"Living Wall","floor":11,"gold_loss":0,"cards_upgraded":["Immolate"]}],"is_beta":false,"boss_relics":[],"items_purged_floors":[],"is_endless":false,"potions_floor_spawned":[1,5,6,14],"killed_by":"The Guardian","ascension_level":20}}