{"host":"0bf1j2iyw2812bby","time":1611194760,"event":{"mods":["BaseMod","Colored Map","Downfall","Highlight Path","Minty Spire (QoL Compilation)","StSLib"],"gold_per_floor":[110,123,136,150,163,163,194,194,194,194,214,286,299,79,79,175,175,190,207,239,252,252,3,3,3,28,28,39,39,110,122,122,220,220,239,239,79,89,108,138,138,173,250,250,260,260,292,292,292,292,292,292,21,56,56],"floor_reached":56,"language":"ENG","playtime":2443,"items_purged":["Strike_R","Warcry","Strike_R+1"],"score":1287,"play_id":"e615e69e-c4ed-4c56-ab8b-f8519b198db0","local_time":"20210120210600","is_ascension_mode":false,"campfire_choices":[{"data":"Twin Strike","floor":6.0,"key":"SMITH"},{"data":"Sword Boomerang","floor":8.0,"key":"SMITH"},{"data":"Inflame","floor":10.0,"key":"SMITH"},{"data":"Shrug It Off","floor":15.0,"key":"SMITH"},{"data":"Berserk","floor":25,"key":"SMITH"},{"data":"Shrug It Off","floor":32,"key":"SMITH"},{"floor":41,"key":"RECALL"},{"data":"Heavy Blade","floor":49,"key":"SMITH"},{"data":"Inflame","floor":52,"key":"SMITH"}],"circlet_count":0,"master_deck":["Strike_R+1","Strike_R+1","Defend_R+1","Defend_R+1","Defend_R+1","Defend_R+1","Bash+1","Shrug It Off+1","Twin Strike+1","Dropkick","Inflame+1","Sword Boomerang+1","Shrug It Off+1","Whirlwind+1","Sword Boomerang+1","Spot Weakness+1","Twin Strike+1","Reaper","Dropkick","Inflame","Flash of Steel","Heavy Blade+1","Inflame+1","Disarm","Limit Break"],"relics":["Burning Blood","champ:DuelingGlove","Gambling Chip","Shuriken","Bottled Tornado","Bronze Scales","Sozu","Red Mask","Sling","Tiny Chest","Gremlin Horn","Black Star","Bag of Marbles","Prayer Wheel","Lantern","TungstenRod","Whetstone","Mango","Potion Belt","Toolbox","Self Forming Clay","Ornamental Fan"],"acts_visited":["Exordium","TheCity","TheBeyond","TheEnding"],"potions_floor_usage":[55,55],"damage_taken":[{"damage":1.0,"enemies":"Cultist","floor":1.0,"turns":4.0},{"damage":0.0,"enemies":"Small Slimes","floor":2.0,"turns":4.0},{"damage":0.0,"enemies":"Jaw Worm","floor":3.0,"turns":5.0},{"damage":2.0,"enemies":"Blue Slaver","floor":4.0,"turns":4.0},{"damage":7.0,"enemies":"3 Louse","floor":5.0,"turns":3.0},{"damage":11.0,"enemies":"Gremlin Nob","floor":7.0,"turns":3.0},{"damage":20.0,"enemies":"Lots of Slimes","floor":11.0,"turns":5.0},{"damage":2.0,"enemies":"Blue Slaver","floor":13.0,"turns":2.0},{"damage":28.0,"enemies":"Hexaghost","floor":16.0,"turns":6.0},{"damage":0,"enemies":"3 Byrds","floor":18,"turns":3},{"damage":15,"enemies":"2 Thieves","floor":19,"turns":2},{"damage":10,"enemies":"Masked Bandits","floor":20,"turns":3},{"damage":9,"enemies":"Centurion and Healer","floor":21,"turns":4},{"damage":0,"enemies":"Sentry and Sphere","floor":28,"turns":2},{"damage":0,"enemies":"Snecko","floor":31,"turns":2},{"damage":20,"enemies":"Collector","floor":33,"turns":3},{"damage":0,"enemies":"Orb Walker","floor":35,"turns":3},{"damage":0,"enemies":"3 Shapes","floor":38,"turns":2},{"damage":0,"enemies":"Maw","floor":39,"turns":4},{"damage":0,"enemies":"Reptomancer","floor":40,"turns":3},{"damage":2,"enemies":"Giant Head","floor":42,"turns":5},{"damage":0,"enemies":"Sphere and 2 Shapes","floor":45,"turns":1},{"damage":28,"enemies":"Nemesis","floor":47,"turns":3},{"damage":60,"enemies":"Donu and Deca","floor":50,"turns":7},{"damage":49,"enemies":"Shield and Spear","floor":54,"turns":4},{"damage":110,"enemies":"The Heart","floor":55,"turns":7}],"seed_played":"-7656495761618490734","potions_obtained":[{"floor":2.0,"key":"Regen Potion"},{"floor":5.0,"key":"CultistPotion"},{"floor":16.0,"key":"FairyPotion"}],"is_trial":false,"path_per_floor":["M","M","M","M","M","R","E","R","T","R","M","T","M","$","R","B",null,"M","M","?","M","?","$","$","R","T","?","M","?","T","M","R","B",null,"M","?","$","M","M","E","R","E","T","?","M","T","E","?","R","B",null,"R","$","E","B",null],"character_chosen":"IRONCLAD","items_purchased":["Bronze Scales","Sling","Inflame","Flash of Steel","Toolbox"],"campfire_rested":0,"item_purchase_floors":[14,23,37,37,53],"current_hp_per_floor":[61,67,73,77,76,76,71,71,71,71,57,57,61,61,61,39,80,80,71,67,64,64,64,64,64,64,64,70,70,70,76,76,62,80,80,80,80,80,80,80,80,80,80,76,76,76,90,90,90,36,90,90,90,71,30],"gold":56,"neow_bonus":"ONE_RARE_RELIC","is_daily":false,"chose_seed":false,"campfire_upgraded":8,"win_rate":0.0,"timestamp":1611194760,"path_taken":["M","M","M","M","?","R","E","R","T","R","M","?","M","?","R","BOSS","M","M","?","M","?","?","$","R","T","?","?","?","?","?","R","BOSS","M","?","$","M","M","E","R","E","T","?","M","?","E","?","R","BOSS","R","$","E","BOSS"],"items_purchased_type":["Relic","Relic","Card","Card","Relic"],"build_version":"2020-12-13","purchased_purges":3,"victory":true,"max_hp_per_floor":[80,80,80,80,80,80,80,80,80,80,80,80,80,80,80,80,80,80,80,80,80,80,80,80,80,80,80,80,80,80,80,80,80,80,80,80,80,80,80,80,80,80,80,76,76,76,90,90,90,90,90,90,90,90,90],"card_choices":[{"not_picked":["Body Slam","Perfected Strike"],"picked":"Shrug It Off","floor":1.0},{"not_picked":["Cleave","Heavy Blade"],"picked":"Twin Strike","floor":2.0},{"not_picked":["Clothesline","Body Slam"],"picked":"Dropkick","floor":3.0},{"not_picked":["Blood for Blood","Rage"],"picked":"Inflame","floor":4.0},{"not_picked":["Flame Barrier","Havoc"],"picked":"Warcry","floor":5.0},{"not_picked":["Evolve","Perfected Strike"],"picked":"Sword Boomerang","floor":7.0},{"not_picked":["Uppercut","Cleave"],"picked":"Shrug It Off","floor":11.0},{"not_picked":["Headbutt","Iron Wave"],"picked":"Whirlwind","floor":13.0},{"not_picked":["Offering","Limit Break"],"picked":"Berserk","floor":16.0},{"not_picked":["Warcry+1","Power Through","Carnage"],"picked":"SKIP","floor":18},{"not_picked":["Havoc","Shrug It Off"],"picked":"Anger+1","floor":19},{"not_picked":["Perfected Strike","Sever Soul"],"picked":"Sword Boomerang+1","floor":20},{"not_picked":["Body Slam","Warcry"],"picked":"Spot Weakness+1","floor":21},{"not_picked":["Anger+1","Warcry","Wild Strike+1"],"picked":"SKIP","floor":28},{"not_picked":["Rage","Seeing Red"],"picked":"Twin Strike+1","floor":31},{"not_picked":["Impervious","Barricade"],"picked":"Reaper","floor":33},{"not_picked":["Power Through","Fire Breathing"],"picked":"Dropkick","floor":35},{"not_picked":["Wild Strike+1","Evolve+1","Havoc"],"picked":"SKIP","floor":38},{"not_picked":["Twin Strike","Ghostly Armor"],"picked":"Heavy Blade","floor":39},{"not_picked":["Clothesline","Burning Pact+1","Headbutt"],"picked":"SKIP","floor":40},{"not_picked":["Clash+1","Impervious"],"picked":"Inflame","floor":42},{"not_picked":["Thunderclap","Searing Blow","Perfected Strike+1"],"picked":"SKIP","floor":45},{"not_picked":["Entrench","Twin Strike","Hemokinesis+1"],"picked":"SKIP","floor":45},{"not_picked":["Carnage","Perfected Strike+1"],"picked":"Disarm","floor":47},{"not_picked":["Sword Boomerang","Carnage"],"picked":"Limit Break","floor":54}],"player_experience":374280,"relics_obtained":[{"floor":7.0,"key":"Gambling Chip"},{"floor":9.0,"key":"Shuriken"},{"floor":12.0,"key":"Bottled Tornado"},{"floor":20,"key":"Red Mask"},{"floor":26,"key":"Tiny Chest"},{"floor":30,"key":"Gremlin Horn"},{"floor":40,"key":"Bag of Marbles"},{"floor":40,"key":"Prayer Wheel"},{"floor":42,"key":"Lantern"},{"floor":42,"key":"TungstenRod"},{"floor":46,"key":"Whetstone"},{"floor":47,"key":"Mango"},{"floor":47,"key":"Potion Belt"},{"floor":54,"key":"Self Forming Clay"},{"floor":54,"key":"Ornamental Fan"}],"event_choices":[{"damage_healed":0,"gold_gain":0,"player_choice":"Fought Bandits","damage_taken":0,"max_hp_gain":0,"max_hp_loss":0,"event_name":"Masked Bandits","floor":20,"gold_loss":0},{"damage_healed":0,"gold_gain":0,"player_choice":"Simplicity","damage_taken":0,"max_hp_gain":0,"max_hp_loss":0,"event_name":"Back to Basics","floor":22,"gold_loss":0,"cards_upgraded":["Strike_R","Strike_R","Strike_R","Strike_R","Defend_R","Defend_R","Defend_R","Defend_R"]},{"cards_removed":["Anger"],"damage_healed":0,"gold_gain":0,"player_choice":"Purged","damage_taken":0,"max_hp_gain":0,"max_hp_loss":0,"event_name":"Purifier","floor":27,"gold_loss":0},{"cards_removed":["Strike_R"],"damage_healed":0,"gold_gain":0,"player_choice":"Offered Basic","damage_taken":0,"max_hp_gain":0,"max_hp_loss":0,"event_name":"Bonfire Elementals","floor":29,"gold_loss":0},{"cards_removed":["Berserk"],"damage_healed":0,"gold_gain":0,"player_choice":"Removed Power","damage_taken":0,"max_hp_gain":0,"max_hp_loss":0,"event_name":"Falling","floor":36,"gold_loss":0},{"damage_healed":0,"gold_gain":0,"player_choice":"Max HP","damage_taken":0,"max_hp_gain":0,"max_hp_loss":4,"event_name":"Winding Halls","floor":44,"gold_loss":0},{"damage_healed":0,"gold_gain":0,"player_choice":"Ignored","damage_taken":0,"max_hp_gain":0,"max_hp_loss":0,"event_name":"SecretPortal","floor":48,"gold_loss":0}],"is_beta":false,"boss_relics":[{"not_picked":["Coffee Dripper","Runic Dome"],"picked":"Sozu"},{"not_picked":["Cursed Key","Calling Bell"],"picked":"Black Star"}],"items_purged_floors":[14,23,53],"is_endless":false,"potions_floor_spawned":[2,5,16,20,21,31,35,42,47,54],"ascension_level":0}}