{"host":"swphzoo6hmc78epl","time":1611206042,"event":{"mods":["BaseMod","Highlight Path","Minty Spire (QoL Compilation)","Quick Restart"],"gold_per_floor":[109,109,128,143,162,162,173,184,207,207,218,233,251,268,268,369,369,389,389,401,67,80,105,120,146,171,171,181,209,308,308,308,411,411,422,422,105,153,169,169,195,205,205,205,255,274,304,321,321,321,321,321,41,72,72,72],"floor_reached":55,"language":"ENG","playtime":3536,"items_purged":["Regret","Bite","Bite"],"score":903,"play_id":"6c1285d0-2964-4c2a-b5d2-32cb0b117dd1","local_time":"20210121001402","is_ascension_mode":true,"campfire_choices":[{"data":"Apotheosis","floor":6,"key":"SMITH"},{"data":"Riddle With Holes","floor":10,"key":"SMITH"},{"data":"Caltrops","floor":15,"key":"SMITH"},{"floor":27,"key":"REST"},{"floor":32,"key":"REST"},{"floor":40,"key":"RECALL"},{"floor":49,"key":"REST"},{"data":"Catalyst","floor":52,"key":"SMITH"}],"circlet_count":0,"master_deck":["Defend_G","Defend_G","Defend_G","Defend_G","Defend_G","Survivor","Neutralize","Apotheosis+1","Dagger Spray+1","Dagger Throw","All Out Attack","Cloak And Dagger","Riddle With Holes+1","Caltrops+1","Calculated Gamble","Adrenaline","CurseOfTheBell","Reflex+1","Bite+1","Bite","Bite","Deadly Poison+1","Deadly Poison+1","Crippling Poison","Distraction","Catalyst+1","Wraith Form v2+1","Poisoned Stab","Noxious Fumes+1","Blur+1","Caltrops+1","Catalyst","Prepared+1"],"relics":["Ring of the Snake","Thread and Needle","Bag of Marbles","Calling Bell","Regal Pillow","InkBottle","The Specimen","Bottled Lightning","Whetstone","Akabeko","Juzu Bracelet","Frozen Egg 2","Nunchaku","SacredBark","Strawberry","Incense Burner","Anchor","TungstenRod","Singing Bowl","Strange Spoon","Snake Skull"],"acts_visited":["Exordium","TheCity","TheBeyond","TheEnding"],"potions_floor_usage":[3,11,12,16,24,25,25,33,38,41,41,41,46,55],"damage_taken":[{"damage":0,"enemies":"2 Louse","floor":1,"turns":4},{"damage":4,"enemies":"Small Slimes","floor":3,"turns":3},{"damage":4,"enemies":"Jaw Worm","floor":4,"turns":4},{"damage":0,"enemies":"Exordium Thugs","floor":5,"turns":3},{"damage":0,"enemies":"Red Slaver","floor":7,"turns":3},{"damage":4,"enemies":"Large Slime","floor":8,"turns":5},{"damage":4,"enemies":"Lots of Slimes","floor":11,"turns":3},{"damage":3,"enemies":"3 Louse","floor":12,"turns":3},{"damage":2,"enemies":"Looter","floor":13,"turns":3},{"damage":0,"enemies":"Blue Slaver","floor":14,"turns":2},{"damage":12,"enemies":"The Guardian","floor":16,"turns":11},{"damage":11,"enemies":"Chosen","floor":18,"turns":5},{"damage":0,"enemies":"Shell Parasite","floor":20,"turns":6},{"damage":21,"enemies":"Sentry and Sphere","floor":22,"turns":7},{"damage":20,"enemies":"Book of Stabbing","floor":23,"turns":6},{"damage":11,"enemies":"Centurion and Healer","floor":24,"turns":4},{"damage":23,"enemies":"Gremlin Leader","floor":25,"turns":6},{"damage":10,"enemies":"Shelled Parasite and Fungi","floor":28,"turns":4},{"damage":40,"enemies":"Slavers","floor":29,"turns":4},{"damage":9,"enemies":"Collector","floor":33,"turns":6},{"damage":29,"enemies":"3 Darklings","floor":35,"turns":6},{"damage":0,"enemies":"2 Orb Walkers","floor":38,"turns":1},{"damage":0,"enemies":"Orb Walker","floor":39,"turns":4},{"damage":5,"enemies":"Nemesis","floor":41,"turns":7},{"damage":1,"enemies":"Spire Growth","floor":42,"turns":4},{"damage":24,"enemies":"Mind Bloom Boss Battle","floor":45,"turns":8},{"damage":17,"enemies":"3 Darklings","floor":46,"turns":5},{"damage":0,"enemies":"Reptomancer","floor":47,"turns":6},{"damage":0,"enemies":"Sphere and 2 Shapes","floor":48,"turns":3},{"damage":91,"enemies":"Time Eater","floor":50,"turns":11},{"damage":43,"enemies":"Shield and Spear","floor":54,"turns":4},{"damage":29,"enemies":"The Heart","floor":55,"turns":9}],"seed_played":"-5404004350213642216","potions_obtained":[{"floor":1,"key":"AttackPotion"},{"floor":4,"key":"PowerPotion"},{"floor":5,"key":"LiquidBronze"},{"floor":11,"key":"FairyPotion"},{"floor":14,"key":"AttackPotion"},{"floor":16,"key":"FearPotion"},{"floor":22,"key":"Ancient Potion"},{"floor":23,"key":"Energy Potion"},{"floor":24,"key":"SneckoOil"},{"floor":29,"key":"ColorlessPotion"},{"floor":33,"key":"EssenceOfSteel"},{"floor":36,"key":"EntropicBrew"},{"floor":36,"key":"DistilledChaos"},{"floor":38,"key":"SkillPotion"},{"floor":41,"key":"AttackPotion"}],"is_trial":false,"path_per_floor":["M","?","M","M","M","R","M","M","T","R","M","M","M","M","R","B",null,"M","?","M","$","M","E","M","E","T","R","M","E","?","T","R","B",null,"M","?","$","?","M","R","E","M","T","?","?","M","E","M","R","B",null,"R","$","E","B"],"character_chosen":"THE_SILENT","items_purchased":["Bottled Lightning","Noxious Fumes+1","Strawberry","Strange Spoon"],"campfire_rested":3,"item_purchase_floors":[21,37,37,53],"current_hp_per_floor":[49,49,45,41,41,41,41,37,37,37,33,30,28,28,28,16,70,59,49,49,49,43,29,30,25,25,49,45,14,14,14,43,49,49,26,26,33,39,45,45,55,56,56,56,35,24,32,35,58,13,58,58,58,23,0,0],"gold":72,"neow_bonus":"RANDOM_COLORLESS_2","is_daily":false,"chose_seed":false,"campfire_upgraded":4,"win_rate":0.0,"timestamp":1611206042,"path_taken":["M","?","M","M","M","R","M","M","T","R","M","M","M","M","R","BOSS","M","?","M","$","M","E","M","E","T","R","M","E","?","?","R","BOSS","M","?","?","?","M","R","E","M","T","?","?","M","E","M","R","BOSS","R","$","E","BOSS"],"items_purchased_type":["Relic","Card","Relic","Relic"],"build_version":"2020-12-22","purchased_purges":3,"victory":false,"max_hp_per_floor":[70,70,70,70,70,70,70,70,70,70,70,70,70,70,70,70,70,70,49,49,49,49,49,49,49,49,49,49,49,49,49,49,49,49,49,49,56,56,56,56,56,56,56,56,56,56,58,58,58,58,58,58,58,60,60,60],"card_choices":[{"not_picked":["Secret Technique","Violence"],"picked":"Apotheosis","floor":0},{"not_picked":["Outmaneuver","Leg Sweep"],"picked":"Dagger Spray","floor":1},{"not_picked":["Catalyst","Blade Dance"],"picked":"Dagger Throw","floor":3},{"not_picked":["Cloak And Dagger","Quick Slash"],"picked":"All Out Attack","floor":4},{"not_picked":["Bane","Prepared"],"picked":"Cloak And Dagger","floor":5},{"not_picked":["Deflect","Reflex"],"picked":"Riddle With Holes","floor":7},{"not_picked":["Bane","All Out Attack","Deflect"],"picked":"SKIP","floor":8},{"not_picked":["Cloak And Dagger","Underhanded Strike"],"picked":"Caltrops","floor":11},{"not_picked":["Cloak And Dagger","Dagger Spray","Sucker Punch"],"picked":"SKIP","floor":12},{"not_picked":["Skewer","Expertise","Cloak And Dagger"],"picked":"SKIP","floor":13},{"not_picked":["Bane","Underhanded Strike"],"picked":"Calculated Gamble","floor":14},{"not_picked":["After Image","Burst"],"picked":"Adrenaline","floor":16},{"not_picked":["Slice","Deflect"],"picked":"Reflex+1","floor":18},{"not_picked":["Bane","Flying Knee"],"picked":"Deadly Poison+1","floor":20},{"not_picked":["Concentrate","Reflex"],"picked":"Deadly Poison+1","floor":22},{"not_picked":["Endless Agony","Expertise","Eviscerate"],"picked":"SKIP","floor":23},{"not_picked":["Deflect+1","Dodge and Roll","Flying Knee+1"],"picked":"SKIP","floor":24},{"not_picked":["Bane+1","Escape Plan+1"],"picked":"Crippling Poison","floor":25},{"not_picked":["Deadly Poison","Acrobatics"],"picked":"Distraction","floor":28},{"not_picked":["Flying Knee","Expertise+1"],"picked":"Catalyst","floor":29},{"not_picked":["Night Terror","Malaise"],"picked":"Wraith Form v2+1","floor":33},{"not_picked":["Sucker Punch","Leg Sweep"],"picked":"Poisoned Stab","floor":35},{"not_picked":["PiercingWail+1","Slice","Choke+1"],"picked":"SKIP","floor":39},{"not_picked":["Quick Slash","Underhanded Strike+1"],"picked":"Blur+1","floor":41},{"not_picked":["Bane+1","Outmaneuver"],"picked":"Caltrops+1","floor":42},{"not_picked":["Dagger Throw+1","Cloak And Dagger+1","Masterful Stab"],"picked":"SKIP","floor":46},{"not_picked":["Well Laid Plans+1","Sucker Punch","Accuracy+1"],"picked":"Singing Bowl","floor":47},{"not_picked":["Acrobatics+1","Blade Dance"],"picked":"Prepared+1","floor":48},{"not_picked":["Prepared+1","Sucker Punch","Deflect"],"picked":"Singing Bowl","floor":54}],"player_experience":792177,"relics_obtained":[{"floor":9,"key":"Bag of Marbles"},{"floor":17,"key":"Regal Pillow"},{"floor":17,"key":"InkBottle"},{"floor":17,"key":"The Specimen"},{"floor":23,"key":"Whetstone"},{"floor":25,"key":"Akabeko"},{"floor":26,"key":"Juzu Bracelet"},{"floor":29,"key":"Frozen Egg 2"},{"floor":31,"key":"Nunchaku"},{"floor":38,"key":"Incense Burner"},{"floor":41,"key":"Anchor"},{"floor":45,"key":"TungstenRod"},{"floor":47,"key":"Singing Bowl"},{"floor":54,"key":"Snake Skull"}],"event_choices":[{"damage_healed":0,"gold_gain":0,"player_choice":"Box","damage_taken":0,"relics_obtained":["Thread and Needle"],"max_hp_gain":0,"max_hp_loss":0,"event_name":"Big Fish","floor":2,"gold_loss":0,"cards_obtained":["Regret"]},{"damage_healed":0,"gold_gain":0,"player_choice":"Became a vampire","damage_taken":0,"max_hp_gain":0,"max_hp_loss":21,"event_name":"Vampires","floor":19,"gold_loss":0,"cards_obtained":["Bite","Bite","Bite","Bite","Bite"]},{"damage_healed":0,"gold_gain":99,"player_choice":"Stole From Cult","damage_taken":0,"max_hp_gain":0,"max_hp_loss":0,"event_name":"Nest","floor":30,"gold_loss":0},{"damage_healed":0,"gold_gain":0,"player_choice":"Got Potions","damage_taken":0,"max_hp_gain":0,"max_hp_loss":0,"event_name":"Lab","floor":36,"gold_loss":0},{"damage_healed":0,"gold_gain":0,"player_choice":"Fight","damage_taken":0,"max_hp_gain":0,"max_hp_loss":0,"event_name":"Mysterious Sphere","floor":38,"gold_loss":0},{"damage_healed":0,"gold_gain":0,"player_choice":"Copied","damage_taken":0,"max_hp_gain":0,"max_hp_loss":0,"event_name":"Duplicator","floor":44,"gold_loss":0,"cards_obtained":["Catalyst"]},{"damage_healed":0,"gold_gain":0,"player_choice":"Fight","damage_taken":0,"max_hp_gain":0,"max_hp_loss":0,"event_name":"MindBloom","floor":45,"gold_loss":0}],"is_beta":false,"boss_relics":[{"not_picked":["Pandora\u0027s Box","Astrolabe"],"picked":"Calling Bell"},{"not_picked":["Snecko Eye","Coffee Dripper"],"picked":"SacredBark"}],"items_purged_floors":[21,37,53],"is_endless":false,"potions_floor_spawned":[1,4,5,11,14,16,22,23,24,29,33,38,41,45],"killed_by":"The Heart","ascension_level":3}}