{"host":"r53pw7z744tg3fxg","time":1611249411,"event":{"mods":["AchievementEnabler","BaseMod","Colored Map","Colored Powertips","Highlight Path","Minty Spire (QoL Compilation)","Quick Restart","Transform Curses"],"gold_per_floor":[114,114,18,18,18,61,61,79,79,79,105,105,140,155,155,248,248,248,248],"floor_reached":18,"language":"ENG","playtime":1411,"items_purged":[],"score":353,"play_id":"e732c23b-77fa-4a36-ac31-073e760e8c00","local_time":"20210121101651","is_ascension_mode":true,"campfire_choices":[{"data":"Eruption","floor":7,"key":"SMITH"},{"data":"ForeignInfluence","floor":12,"key":"SMITH"},{"data":"Worship","floor":15,"key":"SMITH"}],"circlet_count":0,"master_deck":["AscendersBane","Strike_P","Strike_P","Strike_P","Strike_P","Defend_P","Defend_P","Defend_P","Defend_P","Eruption+1","Vigilance","FearNoEvil","Bandage Up","Injury","ForeignInfluence+1","Worship+1","CarveReality","EmptyBody","BowlingBash","SpiritShield","CurseOfTheBell"],"relics":["PureWater","NeowsBlessing","Golden Idol","Letter Opener","Eternal Feather","Centennial Puzzle","Odd Mushroom","Kunai","Calling Bell","Juzu Bracelet","Shuriken","Dead Branch"],"acts_visited":["Exordium","TheCity"],"potions_floor_usage":[11,13],"damage_taken":[{"damage":0,"enemies":"Jaw Worm","floor":1,"turns":1},{"damage":0,"enemies":"3 Sentries","floor":6,"turns":2},{"damage":0,"enemies":"Small Slimes","floor":8,"turns":1},{"damage":3,"enemies":"The Mushroom Lair","floor":11,"turns":3},{"damage":7,"enemies":"Lagavulin","floor":13,"turns":5},{"damage":0,"enemies":"2 Louse","floor":14,"turns":2},{"damage":39,"enemies":"The Guardian","floor":16,"turns":16},{"damage":65,"enemies":"Shell Parasite","floor":18,"turns":5}],"seed_played":"7891822837883020125","potions_obtained":[{"floor":6,"key":"AttackPotion"},{"floor":8,"key":"Fire Potion"},{"floor":14,"key":"Ancient Potion"}],"is_trial":false,"path_per_floor":["M","?","$","?","$","E","R","M","T","?","?","R","E","M","R","B",null,"M"],"character_chosen":"WATCHER","items_purchased":["Bandage Up"],"campfire_rested":0,"item_purchase_floors":[3],"current_hp_per_floor":[61,61,61,61,61,61,61,61,61,56,57,66,61,65,68,33,59,0,0],"gold":248,"neow_bonus":"THREE_ENEMY_KILL","is_daily":false,"chose_seed":false,"campfire_upgraded":3,"win_rate":0.0,"timestamp":1611249411,"path_taken":["M","?","$","?","$","E","R","M","T","?","?","R","E","M","R","BOSS","M"],"items_purchased_type":["Card"],"build_version":"2020-12-22","purchased_purges":0,"victory":false,"max_hp_per_floor":[68,68,68,68,68,68,68,68,68,68,68,68,68,68,68,68,68,68,68],"card_choices":[{"not_picked":["CutThroughFate","FlurryOfBlows"],"picked":"FearNoEvil","floor":1},{"not_picked":["FlurryOfBlows","WreathOfFlame"],"picked":"ForeignInfluence","floor":6},{"not_picked":["Vengeance","Protect"],"picked":"Worship","floor":8},{"not_picked":["FlurryOfBlows","CutThroughFate"],"picked":"CarveReality","floor":11},{"not_picked":["Meditate","Protect"],"picked":"EmptyBody","floor":13},{"not_picked":["Evaluate","Tantrum"],"picked":"BowlingBash","floor":14},{"not_picked":["Ragnarok","ConjureBlade"],"picked":"SpiritShield","floor":16}],"player_experience":1328955,"relics_obtained":[{"floor":6,"key":"Letter Opener"},{"floor":9,"key":"Eternal Feather"},{"floor":11,"key":"Odd Mushroom"},{"floor":13,"key":"Kunai"},{"floor":17,"key":"Juzu Bracelet"},{"floor":17,"key":"Shuriken"},{"floor":17,"key":"Dead Branch"}],"event_choices":[{"damage_healed":0,"gold_gain":0,"player_choice":"Leave","damage_taken":0,"max_hp_gain":0,"max_hp_loss":0,"event_name":"The Cleric","floor":2,"gold_loss":0},{"damage_healed":0,"gold_gain":0,"player_choice":"Take Wound","damage_taken":0,"relics_obtained":["Golden Idol"],"max_hp_gain":0,"max_hp_loss":0,"event_name":"Golden Idol","floor":4,"gold_loss":0,"cards_obtained":["Injury"]},{"damage_healed":0,"gold_gain":0,"player_choice":"Success","damage_taken":5,"relics_obtained":["Centennial Puzzle"],"max_hp_gain":0,"max_hp_loss":0,"event_name":"Scrap Ooze","floor":10,"gold_loss":0},{"damage_healed":0,"gold_gain":0,"player_choice":"Fought Mushrooms","damage_taken":0,"max_hp_gain":0,"max_hp_loss":0,"event_name":"Mushrooms","floor":11,"gold_loss":0}],"is_beta":false,"boss_relics":[{"not_picked":["Black Star","Tiny House"],"picked":"Calling Bell"}],"items_purged_floors":[],"is_endless":false,"potions_floor_spawned":[6,8,14],"killed_by":"Shell Parasite","ascension_level":17}}