{"host":"1a3cjta80tad0aqj","time":1611252149,"event":{"mods":["2.2 Compatiblity","AchievementEnabler","BaseMod","Colored Map","DeckTracker","KOR Keyword Fix","Keyboard Shortcuts","Minty Spire (QoL Compilation)","Permanent Neow","Quick Restart","Random Character Button","StSLib","SuperFastMode","everything is the same but u backflip on backflip"],"gold_per_floor":[118,128,139,70,85,85,113,113,164,201,224,63,86,127,127,232,232,257,182,257,274,291,631,730,730,730,34,34,57,57,86,86,185,185,209,236,246,30,50,50,109,128,128,37,37,37,53,67,67,67],"floor_reached":51,"language":"KOR","playtime":2144,"items_purged":["Defend_R","Defend_R","Armaments","Defend_R"],"score":933,"play_id":"c6aeec23-75b2-43f7-bb82-26196190d357","local_time":"20210122030229","is_ascension_mode":true,"campfire_choices":[{"data":"Inflame","floor":6.0,"key":"SMITH"},{"data":"True Grit","floor":8.0,"key":"SMITH"},{"data":"Apotheosis","floor":15.0,"key":"SMITH"},{"floor":28.0,"key":"REST"},{"floor":30.0,"key":"REST"},{"floor":32.0,"key":"REST"},{"floor":40.0,"key":"REST"},{"floor":49.0,"key":"REST"}],"circlet_count":0,"master_deck":["Strike_R","Strike_R","Strike_R","Strike_R","Strike_R","Bash","Shrug It Off","Disarm","Power Through","Spot Weakness","Inflame+1","True Grit+1","Perfected Strike+1","Demon Form","Apotheosis+1","Reaper+1","Brutality","Twin Strike+1","Perfected Strike+1","Pommel Strike+1","Immolate+1","Wild Strike+1","Twin Strike+1","Twin Strike+1","Warcry+1","Shockwave","Twin Strike+1"],"relics":["Burning Blood","Molten Egg 2","Orichalcum","CeramicFish","Bottled Lightning","Mark of Pain","Old Coin","Ginger","Paper Frog","Lizard Tail","Fusion Hammer","Membership Card","Calipers","Dead Branch"],"acts_visited":["Exordium","TheCity","TheBeyond"],"potions_floor_usage":[50],"damage_taken":[{"damage":6.0,"enemies":"Cultist","floor":1.0,"turns":4.0},{"damage":6.0,"enemies":"Jaw Worm","floor":2.0,"turns":4.0},{"damage":12.0,"enemies":"2 Louse","floor":3.0,"turns":2.0},{"damage":23.0,"enemies":"Lots of Slimes","floor":5.0,"turns":5.0},{"damage":5.0,"enemies":"Gremlin Nob","floor":7.0,"turns":3.0},{"damage":24.0,"enemies":"Lagavulin","floor":10.0,"turns":8.0},{"damage":6.0,"enemies":"Looter","floor":11.0,"turns":2.0},{"damage":13.0,"enemies":"Exordium Thugs","floor":13.0,"turns":6.0},{"damage":22.0,"enemies":"Gremlin Nob","floor":14.0,"turns":4.0},{"damage":32.0,"enemies":"Slime Boss","floor":16.0,"turns":7.0},{"damage":20.0,"enemies":"Shell Parasite","floor":18.0,"turns":6.0},{"damage":10.0,"enemies":"Spheric Guardian","floor":21.0,"turns":4.0},{"damage":18.0,"enemies":"Chosen and Byrds","floor":22.0,"turns":5.0},{"damage":89.0,"enemies":"Slavers","floor":23.0,"turns":7.0},{"damage":14.0,"enemies":"Snecko","floor":29.0,"turns":4.0},{"damage":19.0,"enemies":"Cultist and Chosen","floor":31.0,"turns":6.0},{"damage":83.0,"enemies":"Champ","floor":33.0,"turns":9.0},{"damage":10.0,"enemies":"Orb Walker","floor":35.0,"turns":2.0},{"damage":25.0,"enemies":"3 Darklings","floor":36.0,"turns":4.0},{"damage":14.0,"enemies":"Sphere and 2 Shapes","floor":37.0,"turns":6.0},{"damage":25.0,"enemies":"Maw","floor":39.0,"turns":7.0},{"damage":0.0,"enemies":"Mind Bloom Boss Battle","floor":41.0,"turns":4.0},{"damage":31.0,"enemies":"4 Shapes","floor":42.0,"turns":5.0},{"damage":27.0,"enemies":"Sphere and 2 Shapes","floor":47.0,"turns":4.0},{"damage":28.0,"enemies":"Jaw Worm Horde","floor":48.0,"turns":6.0},{"damage":42,"enemies":"Time Eater","floor":50,"turns":6}],"seed_played":"2151864067579922924","potions_obtained":[{"floor":0.0,"key":"Swift Potion"},{"floor":0.0,"key":"BloodPotion"},{"floor":0.0,"key":"AttackPotion"},{"floor":7.0,"key":"Regen Potion"},{"floor":10.0,"key":"Energy Potion"},{"floor":11.0,"key":"ColorlessPotion"},{"floor":14.0,"key":"Dexterity Potion"},{"floor":16.0,"key":"SpeedPotion"},{"floor":18.0,"key":"GamblersBrew"},{"floor":23.0,"key":"BloodPotion"},{"floor":31.0,"key":"Fruit Juice"},{"floor":35.0,"key":"EntropicBrew"},{"floor":42.0,"key":"SteroidPotion"}],"is_trial":false,"path_per_floor":["M","M","M","$","M","R","E","R","T","E","M","$","M","E","R","B",null,"M","$","?","M","M","E","?","?","T","$","R","M","R","M","R","B",null,"M","M","M","$","M","R","?","M","T","$","?","$","M","M","R","B",null],"character_chosen":"IRONCLAD","items_purchased":["Spot Weakness","Apotheosis","Paper Frog","Lizard Tail","FearPotion","Membership Card","Twin Strike+1"],"campfire_rested":5,"item_purchase_floors":[4,12,27,27,27,38,44],"current_hp_per_floor":[80,80,74,74,57,57,58,58,58,40,40,40,33,29,29,11,63,80,80,72,68,74,18,18,18,18,18,42,34,58,64,85,25,70,75,70,83,83,67,85,85,85,85,85,85,85,74,52,77,53],"gold":67,"neow_bonus":"THREE_SMALL_POTIONS","is_daily":false,"chose_seed":false,"campfire_upgraded":3,"win_rate":0.0,"timestamp":1611252149,"path_taken":["M","M","?","$","M","R","E","R","T","E","M","$","M","E","R","BOSS","M","$","?","?","M","E","?","?","T","$","R","M","R","M","R","BOSS","M","M","M","?","M","R","?","M","T","$","?","$","?","M","R","BOSS"],"items_purchased_type":["Card","Card","Relic","Relic","Potion","Relic","Card"],"build_version":"2020-12-22","purchased_purges":4,"victory":true,"max_hp_per_floor":[80,80,80,80,80,80,80,80,80,80,80,80,80,80,80,80,80,80,80,80,80,80,80,80,80,80,80,80,80,80,85,85,85,85,85,85,85,85,85,85,85,85,85,85,85,85,85,85,85,85],"card_choices":[{"not_picked":["Burning Pact","Perfected Strike"],"picked":"Shrug It Off","floor":1.0},{"not_picked":["Havoc","Shrug It Off"],"picked":"Disarm","floor":2.0},{"not_picked":["Fire Breathing","Infernal Blade"],"picked":"Power Through","floor":3.0},{"not_picked":["Wild Strike","Dark Embrace"],"picked":"Inflame","floor":5.0},{"not_picked":["Rage","Iron Wave+1"],"picked":"True Grit","floor":7.0},{"not_picked":["Burning Pact","Disarm"],"picked":"Perfected Strike+1","floor":10.0},{"not_picked":["Clash+1","Cleave+1"],"picked":"Demon Form","floor":11.0},{"not_picked":["Clothesline+1","Havoc"],"picked":"Armaments","floor":13.0},{"not_picked":["Armaments","Shrug It Off"],"picked":"Reaper+1","floor":14.0},{"not_picked":["Bludgeon+1","Corruption"],"picked":"Brutality","floor":16.0},{"not_picked":["Pummel+1","Rage+1"],"picked":"Twin Strike+1","floor":18.0},{"not_picked":["Searing Blow+1","Ghostly Armor","Warcry"],"picked":"SKIP","floor":21.0},{"not_picked":["Clothesline+1","Body Slam+1","Thunderclap+1"],"picked":"SKIP","floor":22.0},{"not_picked":["Havoc","Anger+1"],"picked":"Perfected Strike+1","floor":23.0},{"not_picked":["Iron Wave+1","Body Slam+1"],"picked":"Pommel Strike+1","floor":29.0},{"not_picked":["Reckless Charge+1","Anger+1"],"picked":"Immolate+1","floor":31.0},{"not_picked":["Shrug It Off","Iron Wave+1"],"picked":"Wild Strike+1","floor":35.0},{"not_picked":["Intimidate+1","Iron Wave+1"],"picked":"Twin Strike+1","floor":36.0},{"not_picked":["Clash+1","Dual Wield","Power Through+1"],"picked":"SKIP","floor":37.0},{"not_picked":["Flex+1","Thunderclap+1"],"picked":"Twin Strike+1","floor":39.0},{"not_picked":["Flex+1","Anger+1"],"picked":"Warcry+1","floor":41.0},{"not_picked":["Clothesline+1","Cleave+1"],"picked":"Shockwave","floor":42.0},{"not_picked":["Combust","Carnage+1","Whirlwind+1"],"picked":"SKIP","floor":47.0},{"not_picked":["Intimidate+1","Flex","Armaments"],"picked":"SKIP","floor":48.0}],"player_experience":854905,"relics_obtained":[{"floor":7.0,"key":"Molten Egg 2"},{"floor":9.0,"key":"Orichalcum"},{"floor":10.0,"key":"CeramicFish"},{"floor":14.0,"key":"Bottled Lightning"},{"floor":23.0,"key":"Old Coin"},{"floor":26.0,"key":"Ginger"},{"floor":41.0,"key":"Calipers"},{"floor":43.0,"key":"Dead Branch"}],"event_choices":[{"damage_healed":0.0,"max_hp_gain":0.0,"max_hp_loss":0.0,"gold_gain":75.0,"event_name":"FaceTrader","player_choice":"Touch","floor":20.0,"gold_loss":0.0,"damage_taken":8.0},{"damage_healed":0.0,"max_hp_gain":0.0,"max_hp_loss":0.0,"gold_gain":99.0,"event_name":"Nest","player_choice":"Stole From Cult","floor":24.0,"gold_loss":0.0,"damage_taken":0.0},{"damage_healed":0.0,"max_hp_gain":0.0,"max_hp_loss":0.0,"gold_gain":0.0,"event_name":"N\u0027loth","player_choice":"Ignored","floor":25.0,"gold_loss":0.0,"damage_taken":0.0},{"damage_healed":0.0,"max_hp_gain":0.0,"max_hp_loss":0.0,"gold_gain":0.0,"event_name":"MindBloom","player_choice":"Fight","floor":41.0,"gold_loss":0.0,"damage_taken":0.0},{"cards_removed":["Defend_R"],"damage_healed":0.0,"max_hp_gain":0.0,"max_hp_loss":0.0,"gold_gain":0.0,"event_name":"Bonfire Elementals","player_choice":"Offered Basic","floor":45.0,"gold_loss":0.0,"damage_taken":0.0}],"is_beta":false,"boss_relics":[{"not_picked":["Tiny House","Runic Dome"],"picked":"Mark of Pain"},{"not_picked":["Philosopher\u0027s Stone","Black Star"],"picked":"Fusion Hammer"}],"items_purged_floors":[19,27,38,44],"is_endless":false,"potions_floor_spawned":[1,7,10,11,14,16,18,23,31,35,41,42],"ascension_level":5}}