{"host":"l5xpox9cbdko122s","time":1611260883,"event":{"mods":["AchievementEnabler","BaseMod","Better Skull","Colored Map","Colored Powertips","Curses Come First","Displayed Cursed Tome","Hermit","Highlight Path","Minty Spire (QoL Compilation)","Quick Restart","Shop Mod","StSLib"],"gold_per_floor":[111,111,131,105,125,125,125,143,168,183,209,227,227,0,0,103,103,116,31,51,51,64,64,74,74,74,74,90,110,110,110,110,110,110],"floor_reached":33,"language":"ENG","playtime":1298,"items_purged":[],"score":299,"play_id":"46621bac-b949-4412-a95d-58dc50f9e473","local_time":"20210121152803","is_ascension_mode":false,"campfire_choices":[{"data":"Heavy Blade","floor":6,"key":"SMITH"},{"floor":13,"key":"REST"},{"floor":15,"key":"RECALL"},{"floor":23,"key":"REST"},{"floor":32,"key":"REST"}],"circlet_count":0,"master_deck":["Defend_R","Defend_R","Defend_R","Defend_R","Bash","Spot Weakness+1","Heavy Blade+1","Heavy Blade+1","Bite","Bite","Bite","Bite","Bite","Spot Weakness+1","Decay"],"relics":["Burning Blood","NeowsBlessing","Vajra","Membership Card","MerchantsRug","SlaversCollar","Frozen Egg 2","MutagenicStrength","Molten Egg 2"],"acts_visited":["Exordium","TheCity"],"potions_floor_usage":[8,11,18,22,29,33,33],"damage_taken":[{"damage":0,"enemies":"Small Slimes","floor":1,"turns":1},{"damage":0,"enemies":"Cultist","floor":3,"turns":1},{"damage":0,"enemies":"2 Louse","floor":5,"turns":1},{"damage":22,"enemies":"Exordium Thugs","floor":8,"turns":6},{"damage":9,"enemies":"2 Fungi Beasts","floor":10,"turns":2},{"damage":40,"enemies":"Lagavulin","floor":11,"turns":4},{"damage":4,"enemies":"Blue Slaver","floor":12,"turns":3},{"damage":23,"enemies":"The Guardian","floor":16,"turns":10},{"damage":25,"enemies":"3 Byrds","floor":18,"turns":4},{"damage":53,"enemies":"Chosen","floor":20,"turns":7},{"damage":11,"enemies":"Snake Plant","floor":22,"turns":3},{"damage":0,"enemies":"Snecko","floor":24,"turns":3},{"damage":10,"enemies":"Cultist and Chosen","floor":28,"turns":4},{"damage":60,"enemies":"Sentry and Sphere","floor":29,"turns":6},{"damage":56,"enemies":"Automaton","floor":33,"turns":6}],"seed_played":"-8204302466850344541","potions_obtained":[{"floor":1,"key":"Strength Potion"},{"floor":3,"key":"SteroidPotion"},{"floor":16,"key":"LiquidBronze"},{"floor":20,"key":"FearPotion"},{"floor":24,"key":"PowerPotion"},{"floor":28,"key":"BlessingOfTheForge"},{"floor":29,"key":"FearPotion"}],"is_trial":false,"path_per_floor":["M","?","M","$","M","R","?","M","T","M","E","M","R","$","R","B",null,"M","?","M","?","M","R","M","?","T","$","M","M","$","?","R","B"],"character_chosen":"IRONCLAD","items_purchased":["Heavy Blade","Membership Card","MerchantsRug"],"campfire_rested":3,"item_purchase_floors":[4,14,14],"current_hp_per_floor":[80,72,78,78,80,80,80,64,64,61,27,29,53,53,53,36,80,61,61,14,14,17,33,49,49,49,49,49,9,9,9,25,0,0],"gold":110,"neow_bonus":"THREE_ENEMY_KILL","is_daily":false,"chose_seed":false,"campfire_upgraded":1,"win_rate":0.0,"timestamp":1611260883,"path_taken":["M","?","?","$","M","R","?","M","T","M","E","M","R","$","R","BOSS","M","?","M","?","M","R","M","?","T","$","M","M","$","?","R","BOSS"],"items_purchased_type":["Card","Relic","Relic"],"build_version":"2020-12-22","purchased_purges":0,"victory":false,"max_hp_per_floor":[80,80,80,80,80,80,80,80,80,80,80,80,80,80,80,80,80,80,80,80,56,56,56,56,56,56,56,56,56,56,56,56,56,56],"card_choices":[{"not_picked":["Dual Wield","Sever Soul"],"picked":"Spot Weakness","floor":1},{"not_picked":["Clothesline","Shrug It Off","Disarm"],"picked":"SKIP","floor":3},{"not_picked":["Headbutt","Sentinel","Hemokinesis"],"picked":"SKIP","floor":5},{"not_picked":["Flame Barrier","Heavy Blade","Armaments"],"picked":"SKIP","floor":8},{"not_picked":["Clash","Dual Wield","Cleave"],"picked":"SKIP","floor":10},{"not_picked":["Shockwave","Evolve","Headbutt"],"picked":"SKIP","floor":11},{"not_picked":["Anger","Disarm","Armaments"],"picked":"SKIP","floor":12},{"not_picked":["Clothesline","Anger"],"picked":"Heavy Blade+1","floor":18},{"not_picked":["Sword Boomerang","Clothesline+1","Perfected Strike"],"picked":"SKIP","floor":20},{"not_picked":["Rampage","Anger","Clash"],"picked":"SKIP","floor":22},{"not_picked":["Flex","Dual Wield","Sword Boomerang"],"picked":"SKIP","floor":24},{"not_picked":["Fire Breathing+1","Fiend Fire+1","Wild Strike+1"],"picked":"SKIP","floor":28},{"not_picked":["True Grit","Warcry"],"picked":"Spot Weakness+1","floor":29}],"player_experience":177210,"relics_obtained":[{"floor":11,"key":"Vajra"},{"floor":26,"key":"Molten Egg 2"}],"event_choices":[{"damage_healed":0,"gold_gain":0,"player_choice":"Damaged","damage_taken":8,"max_hp_gain":0,"max_hp_loss":0,"event_name":"Wheel of Change","floor":2,"gold_loss":0},{"damage_healed":0,"gold_gain":0,"player_choice":"Forge","damage_taken":0,"max_hp_gain":0,"max_hp_loss":0,"event_name":"Accursed Blacksmith","floor":7,"gold_loss":0,"cards_upgraded":["Spot Weakness"]},{"damage_healed":0,"gold_gain":0,"player_choice":"Obtained Relic","damage_taken":0,"relics_obtained":["Frozen Egg 2"],"max_hp_gain":0,"max_hp_loss":0,"event_name":"Addict","floor":19,"gold_loss":85},{"damage_healed":0,"gold_gain":0,"player_choice":"Became a vampire","damage_taken":0,"max_hp_gain":0,"max_hp_loss":24,"event_name":"Vampires","floor":21,"gold_loss":0,"cards_obtained":["Bite","Bite","Bite","Bite","Bite"]},{"damage_healed":0,"gold_gain":0,"player_choice":"Inject Mutagens","damage_taken":0,"relics_obtained":["MutagenicStrength"],"max_hp_gain":0,"max_hp_loss":0,"event_name":"Drug Dealer","floor":25,"gold_loss":0},{"damage_healed":0,"gold_gain":0,"player_choice":"Smashed Altar","damage_taken":0,"max_hp_gain":0,"max_hp_loss":0,"event_name":"Forgotten Altar","floor":31,"gold_loss":0,"cards_obtained":["Decay"]}],"is_beta":false,"boss_relics":[{"not_picked":["Runic Dome","Cursed Key"],"picked":"SlaversCollar"}],"items_purged_floors":[],"is_endless":false,"potions_floor_spawned":[1,3,16,20,24,28,29],"killed_by":"Automaton","ascension_level":0}}