{"host":"ggy1mjjy92c62u6a","time":1611218826,"event":{"mods":["10 clothes from DAL","Act Like it!","BaseMod","Colored Powertips","GifTheSpireLib","Library of Ruina","Library of Ruina Extra","Minty Spire (QoL Compilation)","Quick Restart","Relic Stats","RumiaBox-露米娅的神秘盒子","Shop Mod","Spicy Shops","StSLib","【功能Mod】混沌之环修复补丁","【遗物卡牌】REMEMod"],"gold_per_floor":[111,111,123,136,154,154,154,154],"floor_reached":7,"language":"ZHS","playtime":177,"items_purged":[],"score":54,"play_id":"a759f9e3-fd12-4e1a-be37-4fb63366812b","local_time":"20210121164706","is_ascension_mode":true,"campfire_choices":[{"floor":6,"key":"REST"}],"circlet_count":0,"master_deck":["Dodge","LightDefense","LightAttack","LightAttack","LightAttack","LightDefense","ChargeAndCover","FocusedStrikes","Faith+1","GrazeTheGrass","EnergyCycle","REME_LeechingPoison"],"relics":["PageOfLibrarian","REME_ComplimentaryCards","Baka"],"acts_visited":["Exordium"],"potions_floor_usage":[],"damage_taken":[{"damage":7,"enemies":"2 Louse","floor":1,"turns":3},{"damage":21,"enemies":"Cultist","floor":3,"turns":3},{"damage":0,"enemies":"Small Slimes","floor":4,"turns":2},{"damage":12,"enemies":"Exordium Thugs","floor":5,"turns":3},{"damage":0,"enemies":"3 Sentries","floor":7,"turns":1}],"seed_played":"1295052123228727321","potions_obtained":[{"floor":5,"key":"Explosive Potion"}],"is_trial":false,"path_per_floor":["M","?","M","M","M","R","E"],"character_chosen":"Librarian","items_purchased":[],"campfire_rested":1,"item_purchase_floors":[],"current_hp_per_floor":[47,47,26,26,14,35,35,35],"gold":154,"neow_bonus":"REMOVE_TWO","is_daily":false,"chose_seed":false,"campfire_upgraded":0,"win_rate":0.0,"timestamp":1611218826,"path_taken":["M","?","M","M","?","R","E"],"items_purchased_type":[],"build_version":"2020-12-22","purchased_purges":0,"victory":false,"max_hp_per_floor":[64,64,64,72,72,72,72,72],"relic_stats":{"counters":[5,11],"obtain_stats":[{"PageOfLibrarian":0,"Baka":1,"REME_ComplimentaryCards":0},{"PageOfLibrarian":0,"Baka":1,"REME_ComplimentaryCards":0},{"PageOfLibrarian":0,"Baka":3,"REME_ComplimentaryCards":0}]},"card_choices":[{"not_picked":["FleetEdge","ViolentFlame","LawAndOrder","Parry","SpearedSweep","EnergyStrike","CutIn","QuickSuppression"],"picked":"Faith","floor":1},{"not_picked":["ViolentFlame","SharpNails","WillProduceFineSilk","Marionette","MultiBlock","RulesOfTheBackstreets","Pound","TendonChords"],"picked":"GrazeTheGrass","floor":3},{"not_picked":["FleetFootsteps","StrongStrike","DefenseOrder","BizarreAttack","UpbeatPerformance","Commandeering","ViolentFlame","Pound"],"picked":"EnergyCycle","floor":4},{"not_picked":["Eliminate","GuardingStance","ShockRound","Leap_lor","Pound","ButterflySlash","DefenseOrder","Outburst","UndertakePrescript"],"picked":"SKIP","floor":5}],"player_experience":59350,"relics_obtained":[{"floor":1,"key":"Baka"}],"event_choices":[{"damage_healed":0,"gold_gain":0,"player_choice":"Upgraded","damage_taken":0,"max_hp_gain":0,"max_hp_loss":0,"event_name":"Upgrade Shrine","floor":2,"gold_loss":0,"cards_upgraded":["Faith"]}],"is_beta":false,"boss_relics":[],"items_purged_floors":[],"is_endless":false,"potions_floor_spawned":[5],"killed_by":"3 Sentries","ascension_level":5}}