{"host":"78azdv0oxplymbah","time":1611201625,"event":{"mods":["Aspiration","BaseMod","Better Third Choice","BetterRewards","Challenge The Spire","Conspire","Highlight Path","Mimic Mod","Minty Spire (QoL Compilation)","MostiFishMod","Quick Restart","Relic Stats","Remove Card Discount Mod","Replay The Spire","RumiaBox-露米娅的神秘盒子","Spicy Shops","StSLib","TestMod","The Administrix","The Servant 0.9.4","UnlockEverythingMod","Waifu the Spire","vexMod","【功能Mod】混沌之环修复补丁","【遗物卡牌】REMEMod"],"gold_per_floor":[138,212,36,66,117,210,315,372,372,405,444,549,623,725,725,956,956,1001,1061,1087,162,210,291,388,75,174,219,283,352,276,372,372,530,530],"floor_reached":33,"language":"ZHS","playtime":1878,"items_purged":["Strike_R","Defend_R","Defend_R","Strike_R","Strike_R","Defend_R+1","Spot Weakness","Defend_R+1","Pot Of Greed","Pot Of Greed","Pot Of Greed","Pot Of Greed","Pot Of Greed","Evaluate+1","Evaluate+1","Protect","Protect","Protect","Spot Weakness","Limit Break","Heavy Blade","Strike_R","MostiFishMod:LegendTransform","testmod-ChaoticCore"],"score":1566,"play_id":"222a66a6-a733-4a12-8a52-822cef5df196","local_time":"20210121120025","daily_mods":["Hoarder","Vintage","ControlledChaos","Colorless Cards","Heirloom","Time Dilation","Flight","DeadlyEvents","Lethality","Midas"],"is_ascension_mode":true,"campfire_choices":[],"circlet_count":0,"master_deck":["AscendersBane","Strike_R","Bash","Heavy Blade","Heavy Blade","Spot Weakness","Pot Of Greed","Limit Break+1","Limit Break","testmod-ChaoticCore","testmod-ChaoticCore","MostiFishMod:LegendTransform","MostiFishMod:LegendTransform","Evaluate+1","Prostrate","Prostrate","REME_WheelOfFate","REME_WheelOfFate+1","REME_WheelOfFate","Rupture","Rupture"],"relics":["Unceasing Top","DaveBox","REME_ComplimentaryCards","testmod-TestBox","testmod-FatalChain","MetatronsCube","Replay:Multitool","conspire:DecoderRing","SynthV:TestCard","Paper Frog","Bag of Preparation","Replay:Bottled Steam","GodSword5","Replay:Bottled Eggs","Nunchaku","Pear","Regal Pillow","ReplayTheSpireMod:Lightbulb","Pocketwatch","Centennial Puzzle","Baka2","testmod-InjuryResistance","Grinning Jar","aspiration:ArtOfWarUpgrade","aspiration:WatcherSkillbook","Ornamental Fan","Mango","Blue Doll","vexMod:ConsolationPrize","conspire:TreasureMap","Orrery","conspire:Dentures","ReplayTheSpireMod:TigerMarble","REME_HourglassOfDeath","King of Hearts","Pantograph","Mummified Hand","CombinedTypeHook","SSSystem","Shuriken","War Paint","Pear","Replay:Mystery Machine","Dream Catcher"],"acts_visited":["Exordium","TheCity"],"potions_floor_usage":[13,16,23,23],"damage_taken":[{"damage":0,"enemies":"Cultist","floor":1,"turns":2},{"damage":8,"enemies":"Jaw Worm","floor":2,"turns":3},{"damage":6,"enemies":"2 Louse","floor":4,"turns":3},{"damage":0,"enemies":"Large Slime","floor":5,"turns":2},{"damage":0,"enemies":"Lagavulin","floor":6,"turns":2},{"damage":0,"enemies":"3 Sentries","floor":7,"turns":2},{"damage":0,"enemies":"Exordium Thugs","floor":8,"turns":1},{"damage":0,"enemies":"3 Louse","floor":10,"turns":1},{"damage":0,"enemies":"Exordium Wildlife","floor":11,"turns":1},{"damage":0,"enemies":"Lagavulin","floor":12,"turns":2},{"damage":25,"enemies":"Large Slime","floor":13,"turns":3},{"damage":0,"enemies":"Gremlin Nob","floor":14,"turns":2},{"damage":5,"enemies":"Fading Forest","floor":16,"turns":6},{"damage":40,"enemies":"Shell Parasite","floor":18,"turns":4},{"damage":14,"enemies":"3 Byrds","floor":19,"turns":2},{"damage":0,"enemies":"Snake Plant","floor":20,"turns":2},{"damage":0,"enemies":"Cultist and Chosen","floor":22,"turns":2},{"damage":0,"enemies":"Book of Stabbing","floor":23,"turns":2},{"damage":13,"enemies":"Gremlin Leader","floor":24,"turns":3},{"damage":0,"enemies":"3 Cultists","floor":26,"turns":2},{"damage":0,"enemies":"3 Cultists","floor":27,"turns":2},{"damage":10,"enemies":"Snake Plant","floor":28,"turns":2},{"damage":0,"enemies":"Slavers","floor":29,"turns":2},{"damage":0,"enemies":"Book of Stabbing","floor":30,"turns":1},{"damage":0,"enemies":"conspire:Head Lice","floor":31,"turns":1},{"damage":101,"enemies":"conspire:MysteriousRune","floor":33,"turns":4}],"seed_played":"-6140623259145356929","potions_obtained":[{"floor":5,"key":"Energy Potion"},{"floor":7,"key":"Toxic Potion"},{"floor":16,"key":"Weak Potion"},{"floor":19,"key":"LiquidMemories"},{"floor":24,"key":"Block Potion"},{"floor":27,"key":"FearPotion"}],"is_trial":true,"path_per_floor":["M","M","$","M","M","E","E","M","T","M","M","E","M","E","R","B",null,"M","M","M","$","M","E","E","$","MIM","M","M","E","E","E","R","B"],"character_chosen":"IRONCLAD","items_purchased":["Bag of Preparation","conspire:TreasureMap","Orrery","conspire:Dentures","ReplayTheSpireMod:TigerMarble","REME_HourglassOfDeath","Mummified Hand"],"campfire_rested":0,"item_purchase_floors":[3,21,21,21,21,21,25],"current_hp_per_floor":[68,60,60,54,54,54,54,66,66,66,67,79,54,54,54,52,110,70,73,73,73,85,85,97,97,97,97,87,87,99,99,99,0,0],"gold":530,"neow_bonus":"","is_daily":false,"chose_seed":false,"campfire_upgraded":0,"win_rate":0.0,"timestamp":1611201625,"path_taken":["M","M","$","M","M","E","E","M","T","M","M","E","M","E","R","BOSS","M","M","M","$","M","E","E","$","MIM","M","M","E","E","E","R","BOSS"],"items_purchased_type":["Relic","Relic","Relic","Relic","Relic","Relic","Relic"],"build_version":"2020-12-22","purchased_purges":24,"victory":false,"max_hp_per_floor":[75,105,105,105,105,105,105,115,115,115,115,115,115,115,115,115,115,115,129,129,129,129,129,129,129,129,129,129,129,139,139,139,139,139],"relic_stats":{"Regal Pillow":0,"counters":[26,58],"Bag of Preparation":[38],"War Paint":["REME_WheelOfFate","Limit Break"],"Nunchaku":[7],"Centennial Puzzle":[21],"Dream Catcher":0,"Ornamental Fan":[16],"Mummified Hand":[41],"Shuriken":[2],"Pantograph":0,"obtain_stats":[{"CombinedTypeHook":26,"Regal Pillow":8,"DaveBox":0,"SSSystem":27,"Mango":19,"Blue Doll":19,"King of Hearts":23,"Replay:Multitool":0,"Bag of Preparation":3,"Replay:Mystery Machine":31,"Nunchaku":7,"Centennial Puzzle":11,"Baka2":12,"Dream Catcher":31,"testmod-InjuryResistance":12,"Mummified Hand":25,"conspire:DecoderRing":1,"Pantograph":24,"aspiration:ArtOfWarUpgrade":32,"Replay:Bottled Eggs":6,"Paper Frog":2,"Replay:Bottled Steam":4,"conspire:Dentures":21,"conspire:TreasureMap":21,"testmod-TestBox":0,"Pear":8,"testmod-FatalChain":0,"vexMod:ConsolationPrize":20,"Baka":1,"War Paint":29,"SynthV:TestCard":1,"REME_HourglassOfDeath":21,"Ornamental Fan":18,"Shuriken":28,"aspiration:WatcherSkillbook":17,"Orrery":21,"Art of War":14,"ReplayTheSpireMod:TigerMarble":21,"GodSword5":5,"Grinning Jar":13,"ReplayTheSpireMod:Lightbulb":9,"Unceasing Top":0,"REME_ComplimentaryCards":0,"MetatronsCube":0,"Pocketwatch":10},{"CombinedTypeHook":20,"Regal Pillow":7,"DaveBox":0,"SSSystem":21,"Mango":15,"Blue Doll":15,"King of Hearts":18,"Replay:Multitool":0,"Bag of Preparation":2,"Replay:Mystery Machine":25,"Nunchaku":6,"Centennial Puzzle":9,"Baka2":10,"Dream Catcher":25,"testmod-InjuryResistance":10,"Mummified Hand":19,"conspire:DecoderRing":1,"Pantograph":19,"aspiration:ArtOfWarUpgrade":25,"Replay:Bottled Eggs":5,"Paper Frog":2,"Replay:Bottled Steam":3,"conspire:Dentures":16,"conspire:TreasureMap":16,"testmod-TestBox":0,"Pear":7,"testmod-FatalChain":0,"vexMod:ConsolationPrize":16,"Baka":1,"War Paint":23,"SynthV:TestCard":1,"REME_HourglassOfDeath":16,"Ornamental Fan":14,"Shuriken":22,"aspiration:WatcherSkillbook":13,"Orrery":16,"Art of War":12,"ReplayTheSpireMod:TigerMarble":16,"GodSword5":4,"Grinning Jar":11,"ReplayTheSpireMod:Lightbulb":7,"Unceasing Top":0,"REME_ComplimentaryCards":0,"MetatronsCube":0,"Pocketwatch":8},{"CombinedTypeHook":47,"Regal Pillow":15,"DaveBox":0,"SSSystem":48,"Mango":36,"Blue Doll":36,"King of Hearts":42,"Replay:Multitool":0,"Bag of Preparation":5,"Replay:Mystery Machine":54,"Nunchaku":14,"Centennial Puzzle":17,"Baka2":19,"Dream Catcher":54,"testmod-InjuryResistance":19,"Mummified Hand":45,"conspire:DecoderRing":2,"Pantograph":45,"aspiration:ArtOfWarUpgrade":54,"Replay:Bottled Eggs":12,"Paper Frog":5,"Replay:Bottled Steam":8,"conspire:Dentures":38,"conspire:TreasureMap":38,"testmod-TestBox":0,"Pear":15,"testmod-FatalChain":0,"vexMod:ConsolationPrize":38,"Baka":2,"War Paint":52,"SynthV:TestCard":2,"REME_HourglassOfDeath":38,"Ornamental Fan":34,"Shuriken":50,"aspiration:WatcherSkillbook":30,"Orrery":38,"Art of War":24,"ReplayTheSpireMod:TigerMarble":38,"GodSword5":10,"Grinning Jar":22,"ReplayTheSpireMod:Lightbulb":15,"Unceasing Top":0,"REME_ComplimentaryCards":0,"MetatronsCube":0,"Pocketwatch":16}],"Unceasing Top":[5],"Pocketwatch":[19]},"card_choices":[{"not_picked":["Iron Wave","Clash","Headbutt","Disarm"],"picked":"Heavy Blade","floor":6},{"not_picked":["Hemokinesis","ReplayTheSpireMod:Private Reserves","True Grit","Havoc","Eclipse"],"picked":"SKIP","floor":7},{"not_picked":["Headbutt","Anger","Replay:Undeath\u0027s Touch","Rampage"],"picked":"Spot Weakness","floor":12},{"not_picked":["REME_SingleHolding","ReplayTheSpireMod:Strike From Hell","Armaments","REME_ProfessionalPlagiarism","REME_TheoryOfElimination"],"picked":"SKIP","floor":14},{"not_picked":["testmod-Illusory","conspire:HitWhereItHurts","The Bomb","MostiFishMod:HellRitual"],"picked":"Limit Break","floor":16},{"not_picked":["testmod-BackupPower","Havoc","Dual Wield","Trip","testmod-Arrangement"],"picked":"testmod-ChaoticCore","floor":21},{"not_picked":["Headbutt","Armaments","REME_ProfessionalPlagiarism","CutThroughFate","Shrug It Off"],"picked":"MostiFishMod:LegendTransform","floor":21},{"not_picked":["Pommel Strike","Worship","Consecrate","FlurryOfBlows","Meditate"],"picked":"Evaluate+1","floor":21},{"not_picked":["CrushJoints","Replay:BluntJabs","Run Through","MostiFishMod:DustFall","EmptyBody"],"picked":"Protect","floor":21},{"not_picked":["EmptyFist","Clash","Panacea","CutThroughFate","Sword Boomerang"],"picked":"Prostrate","floor":21},{"not_picked":["Replay:ManipulateFuture","PathToVictory","ThirdEye","Intimidate","Replay:AtTheReady"],"picked":"REME_WheelOfFate","floor":23},{"not_picked":["FlyingSleeves","Ghostly Armor","Crescendo","Clothesline","Vault"],"picked":"Rupture","floor":24},{"not_picked":["JustLucky","Replay:Vibes","REME_TheLastStrike","REME_ShortnessOfBreath","Prostrate","Scrawl"],"picked":"SKIP","floor":29},{"not_picked":["Inflame","Thunderclap","MostiFishMod:FlowState+1","Pray","ClearTheMind","BowlingBash"],"picked":"SKIP","floor":30},{"not_picked":["Feel No Pain","ReplayTheSpireMod:Strike From Hell+1","Adaptation","FearNoEvil","testmod-Automaton","conspire:Charge"],"picked":"SKIP","floor":31}],"player_experience":49216,"relics_obtained":[{"floor":1,"key":"conspire:DecoderRing"},{"floor":1,"key":"Baka"},{"floor":1,"key":"SynthV:TestCard"},{"floor":2,"key":"Paper Frog"},{"floor":4,"key":"Replay:Bottled Steam"},{"floor":5,"key":"GodSword5"},{"floor":6,"key":"Replay:Bottled Eggs"},{"floor":7,"key":"Nunchaku"},{"floor":8,"key":"Pear"},{"floor":8,"key":"Regal Pillow"},{"floor":9,"key":"ReplayTheSpireMod:Lightbulb"},{"floor":10,"key":"Pocketwatch"},{"floor":11,"key":"Centennial Puzzle"},{"floor":12,"key":"Baka2"},{"floor":12,"key":"testmod-InjuryResistance"},{"floor":13,"key":"Grinning Jar"},{"floor":14,"key":"Art of War"},{"floor":18,"key":"Ornamental Fan"},{"floor":19,"key":"Mango"},{"floor":19,"key":"Blue Doll"},{"floor":20,"key":"vexMod:ConsolationPrize"},{"floor":23,"key":"King of Hearts"},{"floor":24,"key":"Pantograph"},{"floor":26,"key":"CombinedTypeHook"},{"floor":27,"key":"SSSystem"},{"floor":28,"key":"Shuriken"},{"floor":29,"key":"War Paint"},{"floor":30,"key":"Pear"},{"floor":31,"key":"Replay:Mystery Machine"},{"floor":31,"key":"Dream Catcher"}],"event_choices":[],"is_beta":false,"boss_relics":[{"not_picked":["testmod-DreamHouse","MoonlightInvasionPlan"],"picked":"aspiration:WatcherSkillbook"}],"items_purged_floors":[3,3,3,3,3,21,21,25,25,25,25,25,25,25,25,25,25,25,25,25,25,25,25,25],"is_endless":true,"potions_floor_spawned":[5,7,8,10,11,16,19,24,27,28,31],"killed_by":"conspire:MysteriousRune","ascension_level":20}}