{"host":"v3mpq6flurzldi5g","time":1611246721,"event":{"mods":["AchievementEnabler","BaseMod","Colored Powertips","Highlight Path","Jorbs\u0027s Wanderer Trilogy","Minty Spire (QoL Compilation)","StSLib"],"gold_per_floor":[117,127,127,145,161,161,86,86,111,139,151,179,191,218,230,339,351,378,401,413,17,17,17,17,31,55,55,55],"floor_reached":27,"language":"ENG","playtime":861,"items_purged":["Strike_B"],"score":320,"play_id":"8ab585d2-819b-4020-adfc-425da77767f6","local_time":"20210121113201","is_ascension_mode":true,"campfire_choices":[{"data":"Loop","floor":6.0,"key":"SMITH"},{"data":"Tempest","floor":8.0,"key":"SMITH"},{"floor":11.0,"key":"REST"},{"floor":13.0,"key":"REST"},{"data":"Defragment","floor":15.0,"key":"SMITH"},{"floor":23,"key":"REST"}],"circlet_count":0,"master_deck":["AscendersBane","Strike_B","Strike_B","Defend_B","Defend_B","Defend_B","Defend_B","Zap","Dualcast","Rip and Tear","Tempest+1","Loop+1","Genetic Algorithm","Defragment+1","Machine Learning","Loop+1","Glacier","Decay","Defragment+1","Zap","Doom and Gloom","PanicButton"],"relics":["Cracked Core","Smiling Mask","MawBank","Sozu","Singing Bowl","DollysMirror","Bronze Scales"],"acts_visited":["Exordium","TheCity"],"potions_floor_usage":[18],"damage_taken":[{"damage":5.0,"enemies":"Small Slimes","floor":1.0,"turns":3.0},{"damage":1.0,"enemies":"2 Louse","floor":2.0,"turns":2.0},{"damage":1.0,"enemies":"Cultist","floor":4.0,"turns":3.0},{"damage":8.0,"enemies":"3 Louse","floor":5.0,"turns":3.0},{"damage":14.0,"enemies":"Lagavulin","floor":10.0,"turns":6.0},{"damage":13.0,"enemies":"Looter","floor":12.0,"turns":4.0},{"damage":3.0,"enemies":"Blue Slaver","floor":14.0,"turns":3.0},{"damage":34.0,"enemies":"Hexaghost","floor":16.0,"turns":9.0},{"damage":39,"enemies":"2 Thieves","floor":18,"turns":4},{"damage":11,"enemies":"Shell Parasite","floor":19,"turns":5},{"damage":34,"enemies":"Centurion and Healer","floor":25,"turns":6},{"damage":36,"enemies":"Slavers","floor":27,"turns":3}],"seed_played":"-6464425785256340987","potions_obtained":[{"floor":2.0,"key":"SpeedPotion"},{"floor":4.0,"key":"PowerPotion"},{"floor":12.0,"key":"Explosive Potion"},{"floor":16.0,"key":"FairyPotion"}],"is_trial":false,"path_per_floor":["M","M","?","M","M","R","$","R","T","E","R","M","R","M","R","B",null,"M","M","?","$","?","R","?","M","T","E"],"character_chosen":"DEFECT","items_purchased":["Singing Bowl","DollysMirror"],"campfire_rested":3,"item_purchase_floors":[21,21],"current_hp_per_floor":[63,62,62,61,53,53,53,53,53,39,61,48,70,67,67,33,65,26,15,15,15,15,37,37,5,5,0,0],"gold":55,"neow_bonus":"TRANSFORM_CARD","is_daily":false,"chose_seed":false,"campfire_upgraded":3,"win_rate":0.0,"timestamp":1611246721,"path_taken":["M","M","?","M","M","R","$","R","T","E","R","M","R","M","R","BOSS","M","M","?","$","?","R","?","M","T","E"],"items_purchased_type":["Relic","Relic"],"build_version":"2020-12-22","purchased_purges":1,"victory":false,"max_hp_per_floor":[75,75,75,75,75,75,75,75,75,75,75,75,75,75,75,75,75,75,75,75,75,75,75,75,77,77,77,77],"card_choices":[{"not_picked":["Go for the Eyes","Steam Power"],"picked":"Tempest","floor":1.0},{"not_picked":["FTL","Scrape","Undo"],"picked":"SKIP","floor":2.0},{"not_picked":["Ball Lightning","Gash"],"picked":"Loop","floor":4.0},{"not_picked":["Stack","Rebound"],"picked":"Genetic Algorithm","floor":5.0},{"not_picked":["Rebound","Turbo","Ball Lightning"],"picked":"SKIP","floor":10.0},{"not_picked":["Redo","Coolheaded","Darkness"],"picked":"SKIP","floor":12.0},{"not_picked":["Static Discharge","Consume"],"picked":"Defragment","floor":14.0},{"not_picked":["Meteor Strike","Creative AI"],"picked":"Machine Learning","floor":16.0},{"not_picked":["Recycle","Gash"],"picked":"Loop+1","floor":18},{"not_picked":["Go for the Eyes","Barrage"],"picked":"Glacier","floor":19},{"not_picked":["Streamline","Force Field","Gash"],"picked":"Singing Bowl","floor":25}],"player_experience":989055,"relics_obtained":[{"floor":9.0,"key":"Smiling Mask"},{"floor":10.0,"key":"MawBank"},{"floor":26,"key":"Bronze Scales"}],"event_choices":[{"damage_healed":0.0,"max_hp_gain":0.0,"max_hp_loss":0.0,"gold_gain":0.0,"event_name":"Liars Game","player_choice":"Ignored","floor":3.0,"gold_loss":0.0,"damage_taken":0.0},{"damage_healed":0,"gold_gain":0,"player_choice":"Smashed Altar","damage_taken":0,"max_hp_gain":0,"max_hp_loss":0,"event_name":"Forgotten Altar","floor":20,"gold_loss":0,"cards_obtained":["Decay"]},{"damage_healed":0,"gold_gain":0,"player_choice":"Ignored","damage_taken":0,"max_hp_gain":0,"max_hp_loss":0,"event_name":"Vampires","floor":22,"gold_loss":0},{"damage_healed":0,"gold_gain":0,"player_choice":"3 cards matched","damage_taken":0,"max_hp_gain":0,"max_hp_loss":0,"event_name":"Match and Keep!","floor":24,"gold_loss":0,"cards_obtained":["Zap","Doom and Gloom","PanicButton"]}],"is_beta":false,"boss_relics":[{"not_picked":["FrozenCore","Runic Dome"],"picked":"Sozu"}],"items_purged_floors":[7],"is_endless":false,"potions_floor_spawned":[2,4,12,16,25],"killed_by":"Slavers","ascension_level":10}}