{"host":"otf1z5955ddlv5pq","time":1611266195,"event":{"mods":["BaseMod","Better Altar","Better Match","Better Note","Better Sensory Stone","Better Skull","Better Third Choice","Colored Map","Colored Powertips","Downfall","Minty Spire (QoL Compilation)","Rare Cards Sparkle","StSLib","Synergy Search"],"gold_per_floor":[112,0,17,33,52,52,52,52,52,83,83,83,33,67,67,172,172,184,284,284,55,55,55,55,86,86,60,89,89,89,108,108,207,257,274,149,168,187,205,205,218,250,276,287,287,313,117,137,137,137],"floor_reached":51,"language":"ENG","playtime":3134,"items_purged":["Strike_G","Strike_G","Strike_G","Strike_G"],"score":761,"play_id":"e8fcb9c5-bd18-494a-85b0-955da954f820","local_time":"20210121135635","is_ascension_mode":true,"campfire_choices":[{"data":"Noxious Fumes","floor":6.0,"key":"SMITH"},{"data":"Blur","floor":8.0,"key":"SMITH"},{"floor":12.0,"key":"REST"},{"data":"Bouncing Flask","floor":15.0,"key":"SMITH"},{"data":"Poisoned Stab","floor":23.0,"key":"SMITH"},{"data":"Crippling Poison","floor":24.0,"key":"SMITH"},{"floor":29.0,"key":"REST"},{"data":"Deadly Poison","floor":32.0,"key":"SMITH"},{"data":"After Image","floor":40,"key":"SMITH"},{"floor":45,"key":"REST"},{"data":"Footwork","floor":49,"key":"SMITH"}],"circlet_count":0,"master_deck":["Defend_G","Defend_G","Defend_G","Defend_G","Defend_G","Survivor","Neutralize+1","Bandage Up","Slice+1","Noxious Fumes+1","Blur+1","Bouncing Flask+1","Dodge and Roll+1","Poisoned Stab+1","Crippling Poison+1","Deadly Poison+1","After Image+1","Dagger Spray+1","Bane+1","Caltrops+1","Leg Sweep","Dodge and Roll+1","Footwork+1"],"relics":["Ring of the Snake","Blue Candle","WingedGreaves","Prayer Wheel","Eternal Feather","Nunchaku","Busted Crown","GremlinMask","White Beast Statue","Letter Opener","MealTicket","Tiny House","Smiling Mask","Centennial Puzzle","Calipers","Whetstone"],"acts_visited":["Exordium","TheCity","TheBeyond"],"potions_floor_usage":[41,41,42,50,50,50],"damage_taken":[{"damage":0.0,"enemies":"Cultist","floor":1.0,"turns":4.0},{"damage":0.0,"enemies":"Jaw Worm","floor":3.0,"turns":4.0},{"damage":2.0,"enemies":"2 Louse","floor":4.0,"turns":3.0},{"damage":0.0,"enemies":"Looter","floor":5.0,"turns":4.0},{"damage":28.0,"enemies":"Gremlin Nob","floor":10.0,"turns":6.0},{"damage":18.0,"enemies":"Lagavulin","floor":14.0,"turns":5.0},{"damage":21.0,"enemies":"Hexaghost","floor":16.0,"turns":10.0},{"damage":3.0,"enemies":"Shell Parasite","floor":18.0,"turns":5.0},{"damage":33.0,"enemies":"Book of Stabbing","floor":25.0,"turns":5.0},{"damage":31.0,"enemies":"Slavers","floor":28.0,"turns":5.0},{"damage":0.0,"enemies":"Spheric Guardian","floor":31.0,"turns":2.0},{"damage":42.0,"enemies":"Automaton","floor":33.0,"turns":10.0},{"damage":14.0,"enemies":"Orb Walker","floor":35.0,"turns":4.0},{"damage":4.0,"enemies":"3 Shapes","floor":37.0,"turns":5.0},{"damage":21.0,"enemies":"Maw","floor":38.0,"turns":7.0},{"damage":13,"enemies":"Sphere and 2 Shapes","floor":39,"turns":6},{"damage":10,"enemies":"Writhing Mass","floor":41,"turns":7},{"damage":23,"enemies":"Nemesis","floor":42,"turns":9},{"damage":3,"enemies":"3 Darklings","floor":44,"turns":4},{"damage":21,"enemies":"Giant Head","floor":46,"turns":9},{"damage":7,"enemies":"Spire Growth","floor":48,"turns":6},{"damage":19,"enemies":"Awakened One","floor":50,"turns":14}],"seed_played":"4857375816438638836","potions_obtained":[{"floor":4.0,"key":"Weak Potion"},{"floor":10.0,"key":"Strength Potion"},{"floor":14.0,"key":"Explosive Potion"},{"floor":18.0,"key":"Ancient Potion"},{"floor":25.0,"key":"Fire Potion"},{"floor":28.0,"key":"Strength Potion"},{"floor":31.0,"key":"champ:CounterPotion"},{"floor":33.0,"key":"Dexterity Potion"},{"floor":34.0,"key":"Guardian:BlockOnCardUsePotion"},{"floor":35.0,"key":"bronze:BurnAndBuffPotion"},{"floor":37.0,"key":"DuplicationPotion"},{"floor":38.0,"key":"Strength Potion"},{"floor":41,"key":"Ancient Potion"},{"floor":42,"key":"SpeedPotion"},{"floor":44,"key":"ColorlessPotion"},{"floor":48,"key":"Strength Potion"}],"is_trial":false,"path_per_floor":["M","$","M","M","M","R","?","R","T","E","T","R","?","E","R","B",null,"M","?","?","$","?","R","R","E","T","$","E","R","$","M","R","B",null,"M","$","M","M","M","R","M","E","T","M","R","E","$","M","R","B",null],"character_chosen":"THE_SILENT","items_purchased":["Noxious Fumes","Poisoned Stab","Crippling Poison","Deadly Poison","Whetstone"],"campfire_rested":3,"item_purchase_floors":[2,21,21,27,47],"current_hp_per_floor":[70,70,70,68,70,70,65,65,65,37,37,67,67,53,62,45,70,67,67,67,67,67,70,70,41,41,41,14,44,59,59,68,28,75,61,75,71,54,45,57,51,32,32,33,67,50,65,62,74,59],"gold":137,"neow_bonus":"RANDOM_COLORLESS","is_daily":false,"chose_seed":false,"campfire_upgraded":8,"win_rate":0.0,"timestamp":1611266195,"path_taken":["M","$","M","?","M","R","?","R","T","E","?","R","?","E","R","BOSS","M","?","?","$","?","R","R","E","T","?","E","R","$","M","R","BOSS","M","$","M","M","M","R","M","E","T","M","R","E","?","M","R","BOSS"],"items_purchased_type":["Card","Card","Card","Card","Relic"],"build_version":"2020-12-22","purchased_purges":4,"victory":true,"max_hp_per_floor":[70,70,70,70,70,70,70,70,70,70,70,70,70,70,70,70,70,70,70,70,70,70,70,70,70,70,70,70,70,70,70,70,70,75,75,75,75,75,75,75,75,75,75,75,75,75,75,75,75,75],"card_choices":[{"not_picked":["Impatience","Dramatic Entrance"],"picked":"Bandage Up","floor":0.0},{"not_picked":["Sucker Punch","Eviscerate"],"picked":"Slice","floor":1.0},{"not_picked":["PiercingWail","Flying Knee","Calculated Gamble"],"picked":"SKIP","floor":3.0},{"not_picked":["Outmaneuver","Infinite Blades","Prepared"],"picked":"SKIP","floor":4.0},{"not_picked":["Backflip","Outmaneuver"],"picked":"Blur","floor":5.0},{"not_picked":["Flying Knee","Caltrops"],"picked":"Bouncing Flask","floor":10.0},{"not_picked":["Well Laid Plans","Malaise","PiercingWail"],"picked":"SKIP","floor":14.0},{"not_picked":[],"picked":"Dodge and Roll","floor":18.0},{"not_picked":["Eviscerate"],"picked":"SKIP","floor":18.0},{"not_picked":["Prepared"],"picked":"SKIP","floor":25.0},{"not_picked":["Heel Hook"],"picked":"SKIP","floor":28.0},{"not_picked":["Flying Knee"],"picked":"SKIP","floor":31.0},{"not_picked":["Flying Knee"],"picked":"SKIP","floor":31.0},{"not_picked":[],"picked":"After Image","floor":33.0},{"not_picked":[],"picked":"Dagger Spray+1","floor":34.0},{"not_picked":["Tactician+1"],"picked":"SKIP","floor":35.0},{"not_picked":["Finisher+1"],"picked":"SKIP","floor":35.0},{"not_picked":[],"picked":"Bane+1","floor":37.0},{"not_picked":[],"picked":"Caltrops+1","floor":37.0},{"not_picked":[],"picked":"Leg Sweep","floor":38.0},{"not_picked":["Predator+1"],"picked":"SKIP","floor":38.0},{"not_picked":["Well Laid Plans"],"picked":"SKIP","floor":39},{"not_picked":["Backflip"],"picked":"SKIP","floor":39},{"not_picked":[],"picked":"Dodge and Roll+1","floor":41},{"not_picked":["Dagger Spray+1"],"picked":"SKIP","floor":41},{"not_picked":["Concentrate+1"],"picked":"SKIP","floor":42},{"not_picked":["Masterful Stab"],"picked":"SKIP","floor":44},{"not_picked":["Sucker Punch"],"picked":"SKIP","floor":44},{"not_picked":["Reflex+1"],"picked":"SKIP","floor":46},{"not_picked":[],"picked":"Footwork","floor":48},{"not_picked":["Flechettes"],"picked":"SKIP","floor":48}],"player_experience":1158282,"relics_obtained":[{"floor":9.0,"key":"WingedGreaves"},{"floor":10.0,"key":"Prayer Wheel"},{"floor":11.0,"key":"Eternal Feather"},{"floor":14.0,"key":"Nunchaku"},{"floor":25.0,"key":"White Beast Statue"},{"floor":26.0,"key":"Letter Opener"},{"floor":28.0,"key":"MealTicket"},{"floor":42,"key":"Smiling Mask"},{"floor":43,"key":"Centennial Puzzle"},{"floor":46,"key":"Calipers"}],"event_choices":[{"cards_removed":["Strike_G"],"damage_healed":0.0,"max_hp_gain":0.0,"max_hp_loss":0.0,"gold_gain":0.0,"event_name":"The Cleric","player_choice":"Card Removal","floor":13.0,"gold_loss":50.0,"damage_taken":0.0},{"damage_healed":0.0,"max_hp_gain":0.0,"max_hp_loss":0.0,"gold_gain":100.0,"event_name":"Golden Shrine","player_choice":"Pray","floor":19.0,"gold_loss":0.0,"damage_taken":0.0},{"damage_healed":0.0,"max_hp_gain":0.0,"max_hp_loss":0.0,"gold_gain":0.0,"event_name":"FaceTrader","player_choice":"Trade","floor":20.0,"gold_loss":0.0,"damage_taken":0.0,"relics_obtained":["GremlinMask"]},{"cards_removed":["Blur"],"damage_healed":0.0,"max_hp_gain":0.0,"max_hp_loss":0.0,"gold_gain":0.0,"event_name":"betterNote:BetterNote","player_choice":"Give","floor":22.0,"gold_loss":0.0,"damage_taken":0.0,"cards_obtained":["None"]}],"is_beta":false,"boss_relics":[{"not_picked":["Cursed Key","Coffee Dripper"],"picked":"Busted Crown"},{"not_picked":["Philosopher\u0027s Stone","Runic Dome"],"picked":"Tiny House"}],"items_purged_floors":[2,21,36,47],"is_endless":false,"potions_floor_spawned":[4,10,14,18,25,28,31,33,35,37,38,39,41,42,44,46,48],"ascension_level":1}}