{"host":"dpbezu80jg8zk7un","time":1611245561,"event":{"mods":["BaseMod","Colored Map","Colored Powertips","Custom Start","DeckTracker","Minty Spire (QoL Compilation)","Quick Restart","StSLib","SuperFastMode"],"gold_per_floor":[113,72,88,88,13,42,42,74,98,115,115,65,15,42,42,121,121,137,155,22,37,48,48,48,82,82,82,82],"floor_reached":27,"language":"KOR","playtime":786,"items_purged":["Strike_P","Defend_P","Defend_P"],"score":548,"play_id":"abfcde31-c918-45c8-bd63-64e09ff6d028","local_time":"20210122011241","is_ascension_mode":true,"campfire_choices":[{"data":"Eruption","floor":7.0,"key":"SMITH"},{"data":"MentalFortress","floor":11.0,"key":"SMITH"},{"data":"InnerPeace","floor":15.0,"key":"SMITH"},{"floor":23,"key":"RECALL"}],"circlet_count":0,"master_deck":["AscendersBane","Strike_P","Strike_P+1","Defend_P+1","Eruption+1","Vigilance","MentalFortress+1","InnerPeace+1","FearNoEvil","DeusExMachina","EmptyBody+1"],"relics":["PureWater","NeowsBlessing","Smiling Mask","Mummified Hand","Anchor","Dream Catcher","Coffee Dripper","HornCleat"],"acts_visited":["Exordium","TheCity"],"potions_floor_usage":[22],"damage_taken":[{"damage":0.0,"enemies":"2 Louse","floor":1.0,"turns":1.0},{"damage":0.0,"enemies":"Jaw Worm","floor":3.0,"turns":1.0},{"damage":0.0,"enemies":"Gremlin Nob","floor":6.0,"turns":1.0},{"damage":5.0,"enemies":"3 Sentries","floor":8.0,"turns":5.0},{"damage":0.0,"enemies":"Cultist","floor":10.0,"turns":4.0},{"damage":6.0,"enemies":"Lagavulin","floor":14.0,"turns":5.0},{"damage":9.0,"enemies":"The Guardian","floor":16.0,"turns":10.0},{"damage":25.0,"enemies":"Chosen","floor":18.0,"turns":5.0},{"damage":0.0,"enemies":"2 Thieves","floor":19.0,"turns":3.0},{"damage":14.0,"enemies":"Snake Plant","floor":21.0,"turns":3.0},{"damage":3,"enemies":"Sentry and Sphere","floor":22,"turns":5},{"damage":12,"enemies":"Book of Stabbing","floor":25,"turns":6},{"damage":31,"enemies":"Cultist and Chosen","floor":27,"turns":5}],"seed_played":"-4969773084822006723","potions_obtained":[{"floor":1.0,"key":"AttackPotion"},{"floor":10.0,"key":"Block Potion"},{"floor":14.0,"key":"Strength Potion"},{"floor":19.0,"key":"BottledMiracle"}],"is_trial":false,"path_per_floor":["M","$","M","?","?","E","R","E","T","M","R","$","$","E","R","B",null,"M","M","$","M","M","R","?","E","T","M"],"character_chosen":"WATCHER","items_purchased":["MentalFortress","Regen Potion"],"campfire_rested":0,"item_purchase_floors":[2,20],"current_hp_per_floor":[61,61,61,41,41,41,41,36,36,36,36,36,36,30,30,21,56,31,31,31,17,28,28,28,16,16,0,0],"gold":82,"neow_bonus":"THREE_ENEMY_KILL","is_daily":false,"chose_seed":false,"campfire_upgraded":3,"win_rate":0.0,"timestamp":1611245561,"path_taken":["M","$","M","?","?","E","R","E","T","M","R","?","$","E","R","BOSS","M","M","$","M","M","R","?","E","T","M"],"items_purchased_type":["Card","Potion"],"build_version":"2020-12-22","purchased_purges":3,"victory":false,"max_hp_per_floor":[68,68,68,68,68,68,68,68,68,68,68,68,68,68,68,68,68,68,68,68,68,68,68,68,68,68,68,68],"card_choices":[{"not_picked":["BattleHymn","FlyingSleeves","Nirvana"],"picked":"SKIP","floor":1.0},{"not_picked":["PathToVictory","CutThroughFate","Prostrate"],"picked":"SKIP","floor":3.0},{"not_picked":["Conclude","Blasphemy"],"picked":"InnerPeace","floor":6.0},{"not_picked":["Protect","Blasphemy","ReachHeaven"],"picked":"SKIP","floor":8.0},{"not_picked":["ClearTheMind","ThirdEye","Nirvana"],"picked":"SKIP","floor":10.0},{"not_picked":["BowlingBash","Evaluate"],"picked":"FearNoEvil","floor":14.0},{"not_picked":["SpiritShield","ConjureBlade"],"picked":"DeusExMachina","floor":16.0},{"not_picked":["CutThroughFate","Pray","SandsOfTime"],"picked":"SKIP","floor":18.0},{"not_picked":["Consecrate+1","SignatureMove"],"picked":"EmptyBody+1","floor":19.0},{"not_picked":["DeceiveReality","Halt","WaveOfTheHand"],"picked":"SKIP","floor":21.0},{"not_picked":["FlyingSleeves","JustLucky","CutThroughFate"],"picked":"SKIP","floor":22},{"not_picked":["EmptyBody","Evaluate+1","Vengeance"],"picked":"SKIP","floor":25}],"player_experience":2909680,"relics_obtained":[{"floor":6.0,"key":"Smiling Mask"},{"floor":8.0,"key":"Mummified Hand"},{"floor":9.0,"key":"Anchor"},{"floor":14.0,"key":"Dream Catcher"},{"floor":25,"key":"HornCleat"}],"event_choices":[{"damage_healed":0.0,"max_hp_gain":0.0,"max_hp_loss":0.0,"gold_gain":0.0,"event_name":"Shining Light","player_choice":"Entered Light","floor":4.0,"gold_loss":0.0,"damage_taken":20.0,"cards_upgraded":["Strike_P","Defend_P"]},{"cards_removed":["Defend_P"],"damage_healed":0.0,"max_hp_gain":0.0,"max_hp_loss":0.0,"gold_gain":0.0,"event_name":"The Cleric","player_choice":"Card Removal","floor":5.0,"gold_loss":75.0,"damage_taken":0.0},{"cards_removed":["Strike_P"],"damage_healed":0,"gold_gain":0,"player_choice":"Elegance","damage_taken":0,"max_hp_gain":0,"max_hp_loss":0,"event_name":"Back to Basics","floor":24,"gold_loss":0}],"is_beta":false,"boss_relics":[{"not_picked":["Ectoplasm","Fusion Hammer"],"picked":"Coffee Dripper"}],"items_purged_floors":[12,13,20],"is_endless":false,"potions_floor_spawned":[1,10,14,19,21],"killed_by":"Cultist and Chosen","ascension_level":20}}