{"host":"zxkjcgzis4pm3za5","time":1611254442,"event":{"mods":["AchievementEnabler","Act Like it!","BaseMod","Colored Map","Colored Powertips","Friendly Minions","GifTheSpireLib","Minty Spire (QoL Compilation)","Quick Restart","RNG Fix","Random Character Button","Relic Sorter","Relic Stats","StSLib"],"gold_per_floor":[116,116,131,149,149,179,179,208,208,208,238,238,248,265,265,342,342,352,372,372,390,315,315,332,363,363,398,398,398,417,429,429,429,429],"floor_reached":33,"language":"ENG","playtime":1329,"items_purged":["Strike_B"],"score":578,"play_id":"979cf885-17b6-4be4-a2b4-b9f658bd9981","local_time":"20210122001042","is_ascension_mode":true,"campfire_choices":[{"data":"Static Discharge","floor":7.0,"key":"SMITH"},{"data":"Panacea","floor":10.0,"key":"SMITH"},{"data":"Beam Cell","floor":12.0,"key":"SMITH"},{"data":"Streamline","floor":15,"key":"SMITH"},{"floor":23,"key":"REST"},{"floor":28,"key":"REST"},{"data":"Consume","floor":32,"key":"SMITH"}],"circlet_count":0,"master_deck":["AscendersBane","Defend_B+1","Defend_B","Defend_B","Defend_B","Zap","Dualcast","Panacea+1","Streamline+1","Doom and Gloom","Reinforced Body","Amplify","Static Discharge+1","Barrage","Beam Cell+1","Leap","Core Surge","Creative AI","Undo","Ball Lightning","Electrodynamics","Thunder Strike","Stack","Bite","Bite","Bite","Bite","Bite","Consume+1"],"relics":["Cracked Core","Anchor","Dead Branch","Question Card","Kunai","Velvet Choker","Nilry\u0027s Codex","Bronze Scales"],"acts_visited":["Exordium","TheCity"],"potions_floor_usage":[16,25,27,31],"damage_taken":[{"damage":1.0,"enemies":"Cultist","floor":1.0,"turns":3.0},{"damage":2.0,"enemies":"Jaw Worm","floor":3.0,"turns":4.0},{"damage":0.0,"enemies":"2 Louse","floor":4.0,"turns":3.0},{"damage":10.0,"enemies":"Lagavulin","floor":6.0,"turns":7.0},{"damage":5.0,"enemies":"3 Sentries","floor":8.0,"turns":5.0},{"damage":22.0,"enemies":"Lagavulin","floor":11.0,"turns":6.0},{"damage":0.0,"enemies":"2 Fungi Beasts","floor":13.0,"turns":3.0},{"damage":0,"enemies":"Exordium Thugs","floor":14,"turns":3},{"damage":14,"enemies":"Hexaghost","floor":16,"turns":9},{"damage":11,"enemies":"3 Byrds","floor":18,"turns":4},{"damage":2,"enemies":"Chosen","floor":19,"turns":4},{"damage":6,"enemies":"Snake Plant","floor":21,"turns":4},{"damage":4,"enemies":"Snecko","floor":24,"turns":4},{"damage":13,"enemies":"Slavers","floor":25,"turns":3},{"damage":7,"enemies":"Book of Stabbing","floor":27,"turns":5},{"damage":15,"enemies":"Centurion and Healer","floor":30,"turns":6},{"damage":1,"enemies":"Snake Plant","floor":31,"turns":3},{"damage":76,"enemies":"Collector","floor":33,"turns":7}],"seed_played":"6940842313342345254","potions_obtained":[{"floor":1.0,"key":"Explosive Potion"},{"floor":4.0,"key":"PotionOfCapacity"},{"floor":8.0,"key":"Regen Potion"},{"floor":14,"key":"Swift Potion"},{"floor":21,"key":"Weak Potion"},{"floor":25,"key":"SneckoOil"},{"floor":30,"key":"Energy Potion"}],"is_trial":false,"path_per_floor":["M","?","M","M","?","E","R","E","T","R","E","R","M","M","R","B",null,"M","M","?","M","$","R","M","E","T","E","R","?","M","M","R","B"],"character_chosen":"DEFECT","items_purchased":[],"campfire_rested":2,"item_purchase_floors":[],"current_hp_per_floor":[63,42,40,40,40,30,30,25,25,25,18,18,18,18,18,4,54,43,41,20,14,14,35,31,18,18,11,32,32,25,30,30,0,0],"gold":429,"neow_bonus":"RANDOM_COLORLESS","is_daily":false,"chose_seed":false,"campfire_upgraded":5,"win_rate":0.0,"timestamp":1611254442,"path_taken":["M","?","M","M","?","E","R","E","T","R","E","R","M","M","R","BOSS","M","M","?","M","$","R","M","E","T","E","R","?","M","M","R","BOSS"],"items_purchased_type":[],"build_version":"2020-12-22","purchased_purges":1,"victory":false,"max_hp_per_floor":[71,71,71,71,71,71,71,71,71,71,71,71,71,71,71,71,71,71,71,71,71,71,71,71,71,71,71,71,71,71,71,71,71,71],"relic_stats":{"counters":[18,83],"Dead Branch":[32],"Bronze Scales":[49],"Kunai":[10],"Question Card":13,"obtain_stats":[{"Blood Vial":27,"Anchor":6,"Nilry\u0027s Codex":20,"Dead Branch":8,"Bronze Scales":25,"Velvet Choker":17,"Kunai":11,"Cracked Core":0,"Question Card":9},{"Blood Vial":15,"Anchor":4,"Nilry\u0027s Codex":11,"Dead Branch":5,"Bronze Scales":14,"Velvet Choker":9,"Kunai":6,"Cracked Core":0,"Question Card":5},{"Blood Vial":67,"Anchor":17,"Nilry\u0027s Codex":51,"Dead Branch":22,"Bronze Scales":62,"Velvet Choker":43,"Kunai":28,"Cracked Core":0,"Question Card":22}]},"card_choices":[{"not_picked":["Finesse","Blind"],"picked":"Panacea","floor":0.0},{"not_picked":["Rebound","Scrape"],"picked":"Streamline","floor":1.0},{"not_picked":["Hologram","Rip and Tear"],"picked":"Doom and Gloom","floor":3.0},{"not_picked":["Gash","Hologram"],"picked":"Reinforced Body","floor":4.0},{"not_picked":["Undo","Steam"],"picked":"Static Discharge","floor":6.0},{"not_picked":["Rebound","Reinforced Body"],"picked":"Barrage","floor":8.0},{"not_picked":["Auto Shields","Conserve Battery","Compile Driver"],"picked":"Beam Cell","floor":11.0},{"not_picked":["BootSequence","Rebound","Redo"],"picked":"Leap","floor":13},{"not_picked":["Beam Cell","Genetic Algorithm","Conserve Battery"],"picked":"Core Surge","floor":14},{"not_picked":["Amplify","Seek","Rainbow"],"picked":"Creative AI","floor":16},{"not_picked":["Reprogram","Cold Snap","Chaos+1"],"picked":"Undo","floor":18},{"not_picked":["Static Discharge","Reprogram","Stack"],"picked":"Ball Lightning","floor":19},{"not_picked":["Redo+1","Turbo","Defragment"],"picked":"Electrodynamics","floor":21},{"not_picked":["Undo","Fusion","Hologram","Rebound"],"picked":"SKIP","floor":24},{"not_picked":["Force Field","Coolheaded","Rebound"],"picked":"Thunder Strike","floor":25},{"not_picked":["Doom and Gloom","All For One","Steam Power"],"picked":"Stack","floor":27},{"not_picked":["Force Field","Storm","Aggregate","White Noise"],"picked":"SKIP","floor":30},{"not_picked":["Rip and Tear","Streamline","Barrage"],"picked":"Consume","floor":31}],"player_experience":250165,"relics_obtained":[{"floor":6.0,"key":"Anchor"},{"floor":8.0,"key":"Dead Branch"},{"floor":9.0,"key":"Question Card"},{"floor":11.0,"key":"Kunai"},{"floor":20,"key":"Nilry\u0027s Codex"},{"floor":25,"key":"Bronze Scales"},{"floor":27,"key":"Blood Vial"}],"event_choices":[{"damage_healed":0.0,"max_hp_gain":0.0,"max_hp_loss":0.0,"gold_gain":0.0,"event_name":"Shining Light","player_choice":"Entered Light","floor":2.0,"gold_loss":0.0,"damage_taken":21.0,"cards_upgraded":["Strike_B","Defend_B"]},{"damage_healed":0.0,"max_hp_gain":0.0,"max_hp_loss":0.0,"gold_gain":0.0,"cards_transformed":["Strike_B"],"event_name":"Transmorgrifier","player_choice":"Transformed","floor":5.0,"gold_loss":0.0,"damage_taken":0.0,"cards_obtained":["Amplify"]},{"damage_healed":0,"gold_gain":0,"player_choice":"Obtained Book","damage_taken":21,"max_hp_gain":0,"max_hp_loss":0,"event_name":"Cursed Tome","floor":20,"gold_loss":0},{"damage_healed":0,"gold_gain":0,"player_choice":"Became a vampire (Vial)","damage_taken":0,"max_hp_gain":0,"max_hp_loss":0,"event_name":"Vampires","floor":29,"relics_lost":["Blood Vial"],"gold_loss":0,"cards_obtained":["Bite","Bite","Bite","Bite","Bite"]}],"is_beta":false,"boss_relics":[{"not_picked":["Empty Cage","SacredBark"],"picked":"Velvet Choker"}],"items_purged_floors":[22],"is_endless":false,"potions_floor_spawned":[1,4,8,14,21,25,30],"killed_by":"Collector","ascension_level":16}}