{"host":"yit83h4eit4n91s5","time":1611242423,"event":{"mods":["AchievementEnabler","BaseMod","Colored Map","Minty Spire (QoL Compilation)"],"gold_per_floor":[112,132,149,164,164,198,209,209,209,234,252,265,265,275,275,379,429,445,370,381,234,234,234,260,260,286,319,319,39,39,39,39,39,39],"floor_reached":33,"language":"ENG","playtime":2240,"items_purged":[],"score":364,"play_id":"9a31e151-c76e-4a1c-82f4-1ea116d435c4","local_time":"20210121102023","is_ascension_mode":true,"campfire_choices":[{"floor":8.0,"key":"REST"},{"data":"Distraction","floor":13.0,"key":"SMITH"},{"floor":15.0,"key":"REST"},{"data":"Riddle With Holes","floor":23,"key":"SMITH"},{"floor":25,"key":"REST"},{"floor":32,"key":"REST"}],"circlet_count":0,"master_deck":["Survivor","Neutralize+1","Masterful Stab","Distraction+1","Backflip","Riddle With Holes+1","Prepared","Slice","All Out Attack","Corpse Explosion","Riddle With Holes","Leg Sweep","Outmaneuver","Sucker Punch","Backflip","Slice","Deflect","Dagger Spray","Blade Dance","Dash","Dodge and Roll","Expertise","Outmaneuver+1","Deflect","Tactician+1","PiercingWail","Backstab","PiercingWail"],"relics":["Pandora\u0027s Box","Toy Ornithopter","Gremlin Horn","Dead Branch","Tiny House","Nunchaku","NlothsMask","Frozen Egg 2","Juzu Bracelet","TheAbacus"],"acts_visited":["Exordium","TheCity"],"potions_floor_usage":[27,27,33],"damage_taken":[{"damage":0.0,"enemies":"Cultist","floor":1.0,"turns":3.0},{"damage":0.0,"enemies":"Jaw Worm","floor":2.0,"turns":2.0},{"damage":1.0,"enemies":"Small Slimes","floor":3.0,"turns":3.0},{"damage":8.0,"enemies":"Looter","floor":4.0,"turns":3.0},{"damage":30.0,"enemies":"Gremlin Nob","floor":6.0,"turns":4.0},{"damage":9.0,"enemies":"Exordium Thugs","floor":7.0,"turns":3.0},{"damage":14.0,"enemies":"Lagavulin","floor":10.0,"turns":6.0},{"damage":0.0,"enemies":"2 Fungi Beasts","floor":11.0,"turns":3.0},{"damage":0.0,"enemies":"Blue Slaver","floor":12.0,"turns":3.0},{"damage":1.0,"enemies":"Exordium Wildlife","floor":14.0,"turns":2.0},{"damage":9.0,"enemies":"Hexaghost","floor":16.0,"turns":13.0},{"damage":0,"enemies":"Chosen","floor":18,"turns":4},{"damage":7,"enemies":"Shell Parasite","floor":20,"turns":6},{"damage":72,"enemies":"Gremlin Leader","floor":24,"turns":7},{"damage":23,"enemies":"Slavers","floor":27,"turns":3},{"damage":82,"enemies":"Automaton","floor":33,"turns":12}],"seed_played":"-2302342199403782906","potions_obtained":[{"floor":3.0,"key":"Ancient Potion"},{"floor":4.0,"key":"Fruit Juice"},{"floor":5.0,"key":"Strength Potion"},{"floor":10.0,"key":"Regen Potion"}],"is_trial":false,"path_per_floor":["M","M","M","M","?","E","M","R","T","E","M","M","R","M","R","B",null,"M","?","M","$","?","R","E","R","T","E","?","$","?","$","R","B"],"character_chosen":"THE_SILENT","items_purchased":["Nunchaku","TheAbacus","Backstab","PiercingWail"],"campfire_rested":4,"item_purchase_floors":[21,29,29,29],"current_hp_per_floor":[70,70,69,61,61,36,27,49,49,35,35,35,35,34,56,47,80,80,80,73,73,73,73,1,25,25,21,47,47,32,32,57,0,0],"gold":39,"neow_bonus":"BOSS_RELIC","is_daily":false,"chose_seed":false,"campfire_upgraded":2,"win_rate":0.0,"timestamp":1611242423,"path_taken":["M","M","?","M","?","E","M","R","T","E","M","M","R","M","R","BOSS","M","?","M","$","?","R","E","R","T","E","?","$","?","$","R","BOSS"],"items_purchased_type":["Relic","Relic","Card","Card"],"build_version":"2020-12-22","purchased_purges":0,"victory":false,"max_hp_per_floor":[70,70,70,70,70,75,75,75,75,75,75,75,75,75,75,75,80,80,80,80,80,80,80,80,80,80,80,80,80,85,85,85,85,85],"card_choices":[{"not_picked":["Dodge and Roll","Masterful Stab"],"picked":"Leg Sweep","floor":1.0},{"not_picked":["Dagger Throw","Blade Dance"],"picked":"Outmaneuver","floor":2.0},{"not_picked":["PiercingWail","Outmaneuver"],"picked":"Sucker Punch","floor":3.0},{"not_picked":["Acrobatics","Flechettes"],"picked":"Backflip","floor":4.0},{"not_picked":["Blade Dance","Distraction"],"picked":"Slice","floor":6.0},{"not_picked":["Eviscerate","Dodge and Roll"],"picked":"Deflect","floor":7.0},{"not_picked":["Infinite Blades","Catalyst"],"picked":"Dagger Spray","floor":10.0},{"not_picked":["Bane","Crippling Poison"],"picked":"Blade Dance","floor":11.0},{"not_picked":["All Out Attack","Bane"],"picked":"Dash","floor":12.0},{"not_picked":["Grand Finale","Deflect"],"picked":"Dodge and Roll","floor":14.0},{"not_picked":["Riddle With Holes","Prepared"],"picked":"Expertise","floor":17},{"not_picked":["Flying Knee","Quick Slash"],"picked":"Outmaneuver+1","floor":18},{"not_picked":["Setup+1","Crippling Poison"],"picked":"Deflect","floor":20},{"not_picked":["PiercingWail+1","Calculated Gamble"],"picked":"Tactician+1","floor":24},{"not_picked":["Deflect+1","Crippling Poison"],"picked":"PiercingWail","floor":27}],"player_experience":172089,"relics_obtained":[{"floor":6.0,"key":"Toy Ornithopter"},{"floor":9.0,"key":"Gremlin Horn"},{"floor":10.0,"key":"Dead Branch"},{"floor":24,"key":"Frozen Egg 2"},{"floor":27,"key":"Juzu Bracelet"}],"event_choices":[{"damage_healed":0.0,"max_hp_gain":0.0,"max_hp_loss":0.0,"gold_gain":0.0,"event_name":"Lab","player_choice":"Got Potions","floor":5.0,"gold_loss":0.0,"damage_taken":0.0},{"cards_removed":["Calculated Gamble"],"damage_healed":0,"gold_gain":0,"player_choice":"Gave Gold","damage_taken":0,"max_hp_gain":0,"max_hp_loss":0,"event_name":"Beggar","floor":19,"gold_loss":75},{"damage_healed":0,"gold_gain":0,"player_choice":"Trade","damage_taken":0,"relics_obtained":["NlothsMask"],"max_hp_gain":0,"max_hp_loss":0,"event_name":"FaceTrader","floor":22,"gold_loss":0},{"damage_healed":26,"gold_gain":0,"player_choice":"Heal","damage_taken":0,"max_hp_gain":0,"max_hp_loss":0,"event_name":"The Library","floor":28,"gold_loss":0},{"damage_healed":0,"gold_gain":0,"player_choice":"Shed Blood","damage_taken":20,"max_hp_gain":5,"max_hp_loss":0,"event_name":"Forgotten Altar","floor":30,"gold_loss":0}],"is_beta":false,"boss_relics":[{"not_picked":["Fusion Hammer","Runic Dome"],"picked":"Tiny House"}],"items_purged_floors":[],"is_endless":false,"potions_floor_spawned":[3,4,10,11,16,24],"killed_by":"Automaton","ascension_level":3}}