{"host":"ydg0vn0pu4pubmdt","time":1611212743,"event":{"mods":["AchievementEnabler","BaseMod","Colored Map","Gold Saver","Minty Spire (QoL Compilation)","Quick Restart","SuperFastMode"],"gold_per_floor":[119,131,131,56,56,91,91,124,124,124,4,16,46,46,46,136,136,154,37,37,61,61,61,81,95,95,145,145,164,64,87,87,182,182,206,237,237,255,135,171,187,47,47,47,86,101,144,162,162,162],"floor_reached":51,"language":"KOR","playtime":2132,"items_purged":["Defend_G","Strike_G","Strike_G","Strike_G","Defend_G"],"score":1713,"play_id":"367dd2d8-838b-4910-bba5-7651aedc3852","local_time":"20210121160543","is_ascension_mode":true,"campfire_choices":[{"data":"Blade Dance","floor":7.0,"key":"SMITH"},{"floor":10.0,"key":"REST"},{"floor":15.0,"key":"REST"},{"data":"Prepared","floor":23.0,"key":"SMITH"},{"floor":28.0,"key":"REST"},{"floor":32.0,"key":"REST"},{"data":"Tactician","floor":44.0,"key":"SMITH"},{"data":"Prepared","floor":49.0,"key":"SMITH"}],"circlet_count":0,"master_deck":["AscendersBane","Defend_G","Defend_G","Survivor","Neutralize","Blade Dance+1","Escape Plan","Eviscerate","Prepared+1","Prepared+1","Backflip","Grand Finale","Acrobatics","Tactician+1","After Image","Acrobatics","Malaise"],"relics":["Ring of the Snake","Pantograph","The Courier","Shuriken","Bag of Preparation","Golden Idol","Empty Cage","Nloth\u0027s Gift","Paper Crane","Sozu","TungstenRod","Kunai","Art of War","StrikeDummy","PreservedInsect"],"acts_visited":["Exordium","TheCity","TheBeyond"],"potions_floor_usage":[],"damage_taken":[{"damage":0.0,"enemies":"Small Slimes","floor":1.0,"turns":1.0},{"damage":0.0,"enemies":"2 Louse","floor":2.0,"turns":1.0},{"damage":0.0,"enemies":"Gremlin Nob","floor":6.0,"turns":1.0},{"damage":46.0,"enemies":"Lagavulin","floor":8.0,"turns":9.0},{"damage":1.0,"enemies":"Cultist","floor":12.0,"turns":3.0},{"damage":17.0,"enemies":"3 Sentries","floor":13.0,"turns":5.0},{"damage":50.0,"enemies":"Slime Boss","floor":16.0,"turns":9.0},{"damage":15.0,"enemies":"3 Byrds","floor":18.0,"turns":5.0},{"damage":11.0,"enemies":"Shell Parasite","floor":21.0,"turns":3.0},{"damage":16.0,"enemies":"Snecko","floor":24.0,"turns":7.0},{"damage":0.0,"enemies":"Centurion and Healer","floor":25.0,"turns":5.0},{"damage":10.0,"enemies":"Sentry and Sphere","floor":29.0,"turns":5.0},{"damage":1.0,"enemies":"Chosen and Byrds","floor":31.0,"turns":5.0},{"damage":27.0,"enemies":"Collector","floor":33.0,"turns":8.0},{"damage":1.0,"enemies":"3 Shapes","floor":35.0,"turns":2.0},{"damage":0.0,"enemies":"Mind Bloom Boss Battle","floor":36.0,"turns":3.0},{"damage":0.0,"enemies":"3 Darklings","floor":38.0,"turns":3.0},{"damage":0.0,"enemies":"Reptomancer","floor":40.0,"turns":2.0},{"damage":0.0,"enemies":"4 Shapes","floor":41.0,"turns":1.0},{"damage":0.0,"enemies":"Nemesis","floor":45.0,"turns":1.0},{"damage":0.0,"enemies":"Sphere and 2 Shapes","floor":46.0,"turns":1.0},{"damage":0.0,"enemies":"Giant Head","floor":47.0,"turns":1.0},{"damage":0.0,"enemies":"Jaw Worm Horde","floor":48.0,"turns":1.0},{"damage":3,"enemies":"Time Eater","floor":50,"turns":6}],"seed_played":"1325779301484673019","potions_obtained":[{"floor":1.0,"key":"SpeedPotion"},{"floor":12.0,"key":"Energy Potion"},{"floor":16.0,"key":"Swift Potion"},{"floor":18.0,"key":"PowerPotion"},{"floor":29.0,"key":"SneckoOil"},{"floor":31.0,"key":"FairyPotion"}],"is_trial":false,"path_per_floor":["M","M","?","$","?","E","R","E","T","R","$","M","E","?","R","B",null,"M","$","?","M","?","R","M","M","T","?","R","M","$","M","R","B",null,"M","?","?","M","$","E","M","$","T","R","E","M","E","M","R","B",null],"character_chosen":"THE_SILENT","items_purchased":["Prepared","Grand Finale","Acrobatics"],"campfire_rested":4,"item_purchase_floors":[11,19,19],"current_hp_per_floor":[59,59,52,52,57,57,57,11,11,32,32,31,14,14,33,8,50,35,35,35,24,24,24,8,8,8,8,27,17,17,16,35,33,56,55,64,61,61,61,61,61,61,61,61,61,61,61,61,61,58],"gold":162,"neow_bonus":"THREE_ENEMY_KILL","is_daily":false,"chose_seed":false,"campfire_upgraded":4,"win_rate":0.0,"timestamp":1611212743,"path_taken":["M","M","?","$","?","E","R","E","T","R","$","M","E","?","R","BOSS","M","$","?","M","?","R","?","?","T","?","R","M","?","?","R","BOSS","M","?","?","M","$","E","M","?","T","R","E","M","E","M","R","BOSS"],"items_purchased_type":["Card","Card","Card"],"build_version":"2020-12-22","purchased_purges":5,"victory":true,"max_hp_per_floor":[66,66,66,66,71,71,71,71,71,71,71,71,71,64,64,64,64,64,64,64,64,64,64,64,64,64,64,64,64,64,64,64,64,64,64,64,61,61,61,61,61,61,61,61,61,61,61,61,61,61],"card_choices":[{"not_picked":["Escape Plan","Infinite Blades"],"picked":"Blade Dance","floor":1.0},{"not_picked":["Sucker Punch","Deflect","Poisoned Stab"],"picked":"SKIP","floor":2.0},{"not_picked":["Choke","Dagger Throw"],"picked":"Escape Plan","floor":6.0},{"not_picked":["Finisher","Tactician"],"picked":"Eviscerate","floor":8.0},{"not_picked":["Heel Hook","PiercingWail"],"picked":"Prepared","floor":12.0},{"not_picked":["Terror","Masterful Stab","Slice"],"picked":"SKIP","floor":13.0},{"not_picked":["Bouncing Flask","Leg Sweep"],"picked":"Backflip","floor":18.0},{"not_picked":["Outmaneuver","Underhanded Strike+1"],"picked":"Tactician","floor":21.0},{"not_picked":["Sucker Punch+1","Concentrate"],"picked":"After Image","floor":24.0},{"not_picked":["Burst","Cloak And Dagger","Dagger Spray"],"picked":"SKIP","floor":25.0},{"not_picked":["Tools of the Trade","Dagger Spray","All Out Attack"],"picked":"SKIP","floor":29.0},{"not_picked":["Flying Knee","Infinite Blades","Choke"],"picked":"SKIP","floor":31.0},{"not_picked":["Endless Agony","Deadly Poison","Sucker Punch+1"],"picked":"SKIP","floor":35.0},{"not_picked":["Terror","A Thousand Cuts","Blade Dance"],"picked":"SKIP","floor":38.0},{"not_picked":["Terror","Choke","Tools of the Trade"],"picked":"SKIP","floor":40.0},{"not_picked":["Tactician","Quick Slash"],"picked":"Acrobatics","floor":41.0},{"not_picked":["Setup","Riddle With Holes+1","Expertise"],"picked":"SKIP","floor":45.0},{"not_picked":["Endless Agony+1","Heel Hook","Dagger Throw"],"picked":"SKIP","floor":46.0},{"not_picked":["Escape Plan","Glass Knife","Malaise"],"picked":"SKIP","floor":47.0},{"not_picked":["Escape Plan","Glass Knife"],"picked":"Malaise","floor":47.0},{"not_picked":["Acrobatics","Dash","Expertise+1"],"picked":"SKIP","floor":48.0}],"player_experience":523623,"relics_obtained":[{"floor":6.0,"key":"Pantograph"},{"floor":8.0,"key":"The Courier"},{"floor":9.0,"key":"Shuriken"},{"floor":13.0,"key":"Bag of Preparation"},{"floor":26.0,"key":"Paper Crane"},{"floor":36.0,"key":"TungstenRod"},{"floor":40.0,"key":"Kunai"},{"floor":43.0,"key":"Art of War"},{"floor":45.0,"key":"StrikeDummy"},{"floor":47.0,"key":"PreservedInsect"}],"event_choices":[{"cards_removed":["Strike_G"],"damage_healed":0.0,"max_hp_gain":0.0,"max_hp_loss":0.0,"gold_gain":0.0,"event_name":"Golden Wing","player_choice":"Card Removal","floor":3.0,"gold_loss":0.0,"damage_taken":7.0},{"damage_healed":0.0,"max_hp_gain":5.0,"max_hp_loss":0.0,"gold_gain":0.0,"event_name":"Big Fish","player_choice":"Donut","floor":5.0,"gold_loss":0.0,"damage_taken":0.0},{"damage_healed":0.0,"max_hp_gain":0.0,"max_hp_loss":7.0,"gold_gain":0.0,"event_name":"Golden Idol","player_choice":"Lose Max HP","floor":14.0,"gold_loss":0.0,"damage_taken":0.0,"relics_obtained":["Golden Idol"]},{"damage_healed":0.0,"max_hp_gain":0.0,"max_hp_loss":0.0,"gold_gain":0.0,"event_name":"Ghosts","player_choice":"Ignored","floor":20.0,"gold_loss":0.0,"damage_taken":0.0},{"damage_healed":0.0,"max_hp_gain":0.0,"max_hp_loss":0.0,"gold_gain":0.0,"event_name":"N\u0027loth","player_choice":"Traded Relic","floor":22.0,"relics_lost":["NeowsBlessing"],"gold_loss":0.0,"damage_taken":0.0,"relics_obtained":["Nloth\u0027s Gift"]},{"damage_healed":0.0,"max_hp_gain":0.0,"max_hp_loss":0.0,"gold_gain":50.0,"event_name":"Nest","player_choice":"Stole From Cult","floor":27.0,"gold_loss":0.0,"damage_taken":0.0},{"damage_healed":0.0,"max_hp_gain":0.0,"max_hp_loss":0.0,"gold_gain":0.0,"event_name":"MindBloom","player_choice":"Fight","floor":36.0,"gold_loss":0.0,"damage_taken":0.0},{"damage_healed":0.0,"max_hp_gain":0.0,"max_hp_loss":3.0,"gold_gain":0.0,"event_name":"Winding Halls","player_choice":"Max HP","floor":37.0,"gold_loss":0.0,"damage_taken":0.0}],"is_beta":false,"boss_relics":[{"not_picked":["Philosopher\u0027s Stone","Runic Dome"],"picked":"Empty Cage"},{"not_picked":["Busted Crown","Calling Bell"],"picked":"Sozu"}],"items_purged_floors":[4,11,30,39,42],"is_endless":false,"potions_floor_spawned":[1,12,16,18,29,31,36,38,40,48],"ascension_level":19}}