{"host":"8i4doyxqctgl5qb0","time":1611240943,"event":{"mods":["AchievementEnabler","BaseMod","Block Reminder","Colored Powertips","Downfall","Minty Spire (QoL Compilation)","Permanent Neow","Potion Indicator Mod","Rare Cards Sparkle","StSLib","SuperFastMode","The Jungle"],"gold_per_floor":[0,19,29,129,129,129,129,129,140,15,15,47,60,45,56,56,56,56],"floor_reached":16,"language":"ZHS","playtime":672,"items_purged":["Normality"],"score":100,"play_id":"93c0db0e-4920-478c-bd1a-2e98d1550cda","local_time":"20210121225543","is_ascension_mode":false,"campfire_choices":[{"data":"hexamod:Float","floor":1.0,"key":"SMITH"},{"floor":8,"key":"RECALL"},{"data":"hexamod:Haunt","floor":11,"key":"SMITH"}],"circlet_count":0,"master_deck":["hexamod:Strike","hexamod:Strike","hexamod:Strike","hexamod:Strike","hexamod:Defend","hexamod:Defend","hexamod:Defend","hexamod:Defend","hexamod:Sear+1","hexamod:Float+1","hexamod:ShieldOfDarkness","hexamod:EmpoweredFlame+1","Shame","hexamod:Toasty+1","downfall:Malfunctioning","downfall:Malfunctioning","hexamod:SpectersWail","hexamod:Haunt+1","hexamod:FirstSeal","hexamod:ChargedBarrage","hexamod:FlameSwitch","hexamod:CatchUp"],"relics":["hexamod:SpiritBrand","Bird Faced Urn","Blue Candle","Akabeko"],"acts_visited":["Exordium"],"potions_floor_usage":[],"damage_taken":[{"damage":6.0,"enemies":"Jaw Worm","floor":2.0,"turns":3.0},{"damage":0.0,"enemies":"Small Slimes","floor":3.0,"turns":4.0},{"damage":9,"enemies":"2 Louse","floor":9,"turns":3},{"damage":2,"enemies":"downfall:FleeingMerchant","floor":10,"turns":4},{"damage":11,"enemies":"Gremlin Nob","floor":12,"turns":3},{"damage":2,"enemies":"Exordium Wildlife","floor":13,"turns":3},{"damage":6,"enemies":"downfall:FleeingMerchant","floor":14,"turns":4},{"damage":23,"enemies":"Exordium Thugs","floor":15,"turns":8},{"damage":59,"enemies":"SI_SHIV_ARCHETYPE","floor":16,"turns":9}],"seed_played":"-64073573316264693","potions_obtained":[{"floor":9,"key":"Ancient Potion"},{"floor":12,"key":"Energy Potion"}],"is_trial":false,"path_per_floor":["R","M","M","?","?","?","T","R","M","$","R","E","M","$","M","B"],"character_chosen":"THE_SPIRIT","items_purchased":["hexamod:FirstSeal"],"campfire_rested":0,"item_purchase_floors":[10],"current_hp_per_floor":[70,64,64,69,69,69,69,69,60,60,60,58,65,68,54,0,0,0],"gold":56,"neow_bonus":"ONE_RARE_RELIC","is_daily":false,"chose_seed":false,"campfire_upgraded":2,"win_rate":0.0,"timestamp":1611240943,"path_taken":["R","M","M","?","?","?","T","R","M","$","R","E","?","$","M","BOSS"],"items_purchased_type":["Card"],"build_version":"2020-12-22","purchased_purges":1,"victory":false,"max_hp_per_floor":[70,70,70,75,75,75,75,75,75,75,75,75,75,75,75,75,75,75],"card_choices":[{"not_picked":["hexamod:FastForward","hexamod:Firestarter"],"picked":"hexamod:ShieldOfDarkness","floor":2.0},{"not_picked":["hexamod:HeatMetal","hexamod:ThermalTransfer"],"picked":"hexamod:EmpoweredFlame","floor":3.0},{"not_picked":["hexamod:PowerFromBeyond","hexamod:FastForward"],"picked":"hexamod:SpectersWail","floor":9},{"not_picked":["hexamod:NightmareStrike","hexamod:SkipABeat"],"picked":"hexamod:Haunt","floor":10},{"not_picked":["hexamod:GhostLash","hexamod:NightmareStrike"],"picked":"hexamod:ChargedBarrage","floor":12},{"not_picked":["hexamod:FastForward","hexamod:GhostOfSpireFuture","hexamod:SuperheatedStrike"],"picked":"SKIP","floor":13},{"not_picked":["hexamod:EmpoweredFlame","hexamod:Rewind"],"picked":"hexamod:FlameSwitch","floor":14},{"not_picked":["hexamod:BacktrackSmack","hexamod:AdvancingGuard"],"picked":"hexamod:CatchUp","floor":15}],"player_experience":235686,"relics_obtained":[{"floor":12,"key":"Akabeko"}],"event_choices":[{"cards_removed":["Regret"],"damage_healed":0.0,"max_hp_gain":0.0,"max_hp_loss":0.0,"gold_gain":0.0,"event_name":"The Cleric","player_choice":"Card Removal","floor":5.0,"gold_loss":0.0,"damage_taken":0.0}],"is_beta":false,"boss_relics":[],"items_purged_floors":[10],"is_endless":false,"potions_floor_spawned":[9,12],"killed_by":"SI_SHIV_ARCHETYPE","ascension_level":0}}