{"host":"50qwps766cbz6ukm","time":1611212787,"event":{"mods":["BaseMod","Colored Map","Colored Powertips","DeckTracker","Highlight Path","Minty Spire (QoL Compilation)","Quick Restart","StSLib","SuperFastMode","Synergy Search"],"gold_per_floor":[115,115,128,148,148,148,181,181,208,224,243,283,54,77,77,197,197,211,21,44,44,44],"floor_reached":21,"language":"ENG","playtime":1076,"items_purged":["Strike_P"],"score":248,"play_id":"e9eb19b0-a07c-4789-91ca-005fa34a4282","local_time":"20210121090627","is_ascension_mode":true,"campfire_choices":[{"data":"Eruption","floor":6,"key":"SMITH"},{"data":"Protect","floor":8,"key":"SMITH"},{"floor":15,"key":"REST"}],"circlet_count":0,"master_deck":["Strike_P","Strike_P","Strike_P","Defend_P","Defend_P","Defend_P","Defend_P","Eruption+1","Vigilance","FollowUp","Protect+1","EmptyFist","Prostrate","ClearTheMind","Judgement","FlurryOfBlows","Evaluate","ClearTheMind","Consecrate","DeusExMachina","BattleHymn","CutThroughFate"],"relics":["HolyWater","NeowsBlessing","Golden Idol","Juzu Bracelet","Centennial Puzzle","Dream Catcher","Membership Card","CaptainsWheel"],"acts_visited":["Exordium","TheCity"],"potions_floor_usage":[7,12,16,18,21],"damage_taken":[{"damage":0,"enemies":"Small Slimes","floor":1,"turns":1},{"damage":0,"enemies":"Cultist","floor":3,"turns":1},{"damage":0,"enemies":"2 Louse","floor":4,"turns":1},{"damage":10,"enemies":"3 Sentries","floor":7,"turns":8},{"damage":9,"enemies":"Exordium Thugs","floor":10,"turns":5},{"damage":0,"enemies":"2 Fungi Beasts","floor":11,"turns":4},{"damage":12,"enemies":"Lagavulin","floor":12,"turns":5},{"damage":0,"enemies":"Blue Slaver","floor":14,"turns":2},{"damage":46,"enemies":"Slime Boss","floor":16,"turns":11},{"damage":43,"enemies":"Chosen","floor":18,"turns":7},{"damage":1,"enemies":"Spheric Guardian","floor":20,"turns":4},{"damage":12,"enemies":"Cultist and Chosen","floor":21,"turns":7}],"seed_played":"-7428301267582145342","potions_obtained":[{"floor":1,"key":"CultistPotion"},{"floor":2,"key":"BlessingOfTheForge"},{"floor":2,"key":"Strength Potion"},{"floor":2,"key":"EssenceOfSteel"},{"floor":10,"key":"Ambrosia"},{"floor":12,"key":"Block Potion"},{"floor":18,"key":"Fruit Juice"}],"is_trial":false,"path_per_floor":["M","?","M","M","?","R","E","R","T","M","M","E","$","M","R","B",null,"M","$","M","M"],"character_chosen":"WATCHER","items_purchased":["Membership Card","FlurryOfBlows","Evaluate","CaptainsWheel","BattleHymn"],"campfire_rested":1,"item_purchase_floors":[13,13,13,19,19],"current_hp_per_floor":[65,65,65,65,65,65,55,55,55,46,46,34,34,34,54,8,52,14,14,13,1,1],"gold":44,"neow_bonus":"THREE_ENEMY_KILL","is_daily":false,"chose_seed":false,"campfire_upgraded":2,"win_rate":0.0,"timestamp":1611212787,"path_taken":["M","?","?","M","?","R","E","R","T","M","M","E","$","M","R","BOSS","M","$","M","M"],"items_purchased_type":["Relic","Card","Card","Relic","Card"],"build_version":"2020-12-22","purchased_purges":1,"victory":false,"max_hp_per_floor":[72,72,72,72,67,67,67,67,67,67,67,67,67,67,67,67,67,72,72,72,72,72],"card_choices":[{"not_picked":["Nirvana","FlyingSleeves"],"picked":"FollowUp","floor":1},{"not_picked":["PathToVictory","Crescendo"],"picked":"Protect","floor":3},{"not_picked":["CrushJoints","FearNoEvil"],"picked":"EmptyFist","floor":4},{"not_picked":["PathToVictory","Collect"],"picked":"Prostrate","floor":7},{"not_picked":["ThirdEye","Meditate"],"picked":"ClearTheMind","floor":10},{"not_picked":["WheelKick","ThirdEye","Crescendo"],"picked":"SKIP","floor":11},{"not_picked":["Halt","ThirdEye"],"picked":"Judgement","floor":12},{"not_picked":["BowlingBash","CrushJoints"],"picked":"ClearTheMind","floor":14},{"not_picked":["Evaluate","CrushJoints"],"picked":"Consecrate","floor":15},{"not_picked":["Blasphemy","Omniscience"],"picked":"DeusExMachina","floor":16},{"not_picked":["FlyingSleeves","Meditate","ThirdEye+1"],"picked":"SKIP","floor":18},{"not_picked":["SashWhip","Crescendo"],"picked":"CutThroughFate","floor":20}],"player_experience":568496,"relics_obtained":[{"floor":7,"key":"Juzu Bracelet"},{"floor":9,"key":"Centennial Puzzle"},{"floor":12,"key":"Dream Catcher"}],"event_choices":[{"damage_healed":0,"gold_gain":0,"player_choice":"Got Potions","damage_taken":0,"max_hp_gain":0,"max_hp_loss":0,"event_name":"Lab","floor":2,"gold_loss":0},{"damage_healed":0,"gold_gain":0,"player_choice":"Lose Max HP","damage_taken":0,"relics_obtained":["Golden Idol"],"max_hp_gain":0,"max_hp_loss":5,"event_name":"Golden Idol","floor":5,"gold_loss":0}],"is_beta":false,"boss_relics":[{"not_picked":["Runic Pyramid","Fusion Hammer"],"picked":"HolyWater"}],"items_purged_floors":[13],"is_endless":false,"potions_floor_spawned":[1,10,12,14,18],"killed_by":"Cultist and Chosen","ascension_level":6}}