{"host":"mydft8i2zzydgggw","time":1611223506,"event":{"mods":["AchievementEnabler","BaseMod","BetterRewards","Colored Map","Colored Powertips","DeckTracker","Keyboard Shortcuts","Minty Spire (QoL Compilation)","Rare Cards Sparkle","StSLib","SuperFastMode","everything is the same but u backflip on backflip"],"gold_per_floor":[114,39,39,39,50,75,75,103,177,187,187,199,219,239,239,335,335,346,346,49,49,49,80,80,100,100,100,100],"floor_reached":27,"language":"KOR","playtime":560,"items_purged":["Strike_P"],"score":442,"play_id":"ccf839ca-453d-4271-a2c1-2ebdac452330","local_time":"20210121190506","is_ascension_mode":true,"campfire_choices":[{"data":"Eruption","floor":11,"key":"SMITH"},{"data":"MentalFortress","floor":15,"key":"SMITH"},{"floor":24,"key":"REST"}],"circlet_count":0,"master_deck":["Strike_P+1","Defend_P","Defend_P","Defend_P","Eruption+1","Vigilance","Halt+1","BowlingBash+1","Worship","Evaluate+1","EmptyFist","MentalFortress+1","FlurryOfBlows","DevaForm","EmptyMind","Tantrum","FearNoEvil","MentalFortress"],"relics":["PureWater","NeowsBlessing","CloakClasp","Anchor","WingedGreaves","Whetstone","Bottled Flame","Empty Cage","Ice Cream","War Paint","TeardropLocket"],"acts_visited":["Exordium","TheCity"],"potions_floor_usage":[14,16,16,18,23,27],"damage_taken":[{"damage":0,"enemies":"2 Louse","floor":1,"turns":1},{"damage":0,"enemies":"Jaw Worm","floor":5,"turns":1},{"damage":0,"enemies":"Lagavulin","floor":6,"turns":1},{"damage":30,"enemies":"3 Sentries","floor":8,"turns":5},{"damage":0,"enemies":"Small Slimes","floor":10,"turns":2},{"damage":0,"enemies":"Exordium Thugs","floor":12,"turns":4},{"damage":0,"enemies":"Looter","floor":13,"turns":2},{"damage":6,"enemies":"Blue Slaver","floor":14,"turns":2},{"damage":0,"enemies":"Slime Boss","floor":16,"turns":5},{"damage":16,"enemies":"Shell Parasite","floor":18,"turns":7},{"damage":55,"enemies":"Slavers","floor":23,"turns":9},{"damage":12,"enemies":"2 Thieves","floor":25,"turns":4},{"damage":27,"enemies":"Snake Plant","floor":27,"turns":3}],"seed_played":"4384111538178580651","potions_obtained":[{"floor":6,"key":"CultistPotion"},{"floor":10,"key":"Regen Potion"},{"floor":12,"key":"Ambrosia"},{"floor":13,"key":"Explosive Potion"},{"floor":16,"key":"Fruit Juice"},{"floor":18,"key":"Regen Potion"},{"floor":25,"key":"DistilledChaos"}],"is_trial":false,"path_per_floor":["M","$","?","T","M","E","?","E","T","M","R","M","M","M","R","B",null,"M","?","$","?","?","E","R","M","T","M"],"character_chosen":"WATCHER","items_purchased":["Ice Cream"],"campfire_rested":1,"item_purchase_floors":[20],"current_hp_per_floor":[65,65,65,65,65,65,65,35,35,35,35,35,35,34,34,34,63,52,52,52,52,52,12,35,23,23,0,0],"gold":100,"neow_bonus":"THREE_ENEMY_KILL","is_daily":false,"chose_seed":false,"campfire_upgraded":2,"win_rate":0.0,"timestamp":1611223506,"path_taken":["M","$","?","?","M","E","?","E","T","M","R","M","?","M","R","BOSS","M","?","$","?","?","E","R","M","T","M"],"items_purchased_type":["Relic"],"build_version":"2020-12-22","purchased_purges":1,"victory":false,"max_hp_per_floor":[72,72,72,72,72,72,72,72,72,72,72,72,72,72,72,72,72,77,77,77,77,77,77,77,77,77,77,77],"card_choices":[{"not_picked":["Crescendo","WaveOfTheHand"],"picked":"Halt","floor":1},{"not_picked":["Conclude","Protect"],"picked":"BowlingBash","floor":5},{"not_picked":["Alpha","Weave","Sanctity"],"picked":"SKIP","floor":6},{"not_picked":["Fasting2","Conclude"],"picked":"Worship","floor":8},{"not_picked":["Crescendo","Worship"],"picked":"Evaluate","floor":10},{"not_picked":["CrushJoints","Evaluate"],"picked":"EmptyFist","floor":12},{"not_picked":["BowlingBash","FollowUp"],"picked":"MentalFortress","floor":13},{"not_picked":["BattleHymn","CarveReality"],"picked":"FlurryOfBlows","floor":14},{"not_picked":["Blasphemy","Wish"],"picked":"DevaForm","floor":16},{"not_picked":["ForeignInfluence","Halt"],"picked":"EmptyMind","floor":18},{"not_picked":["Indignation","TalkToTheHand"],"picked":"FearNoEvil","floor":23},{"not_picked":["EmptyFist+1","CarveReality"],"picked":"MentalFortress","floor":25}],"player_experience":189390,"relics_obtained":[{"floor":4,"key":"CloakClasp"},{"floor":6,"key":"Anchor"},{"floor":8,"key":"Whetstone"},{"floor":9,"key":"Bottled Flame"},{"floor":23,"key":"War Paint"},{"floor":26,"key":"TeardropLocket"}],"event_choices":[{"damage_healed":0,"gold_gain":0,"player_choice":"Leave","damage_taken":0,"max_hp_gain":0,"max_hp_loss":0,"event_name":"The Cleric","floor":3,"gold_loss":0},{"damage_healed":0,"gold_gain":0,"player_choice":"Gave Potion","damage_taken":0,"relics_obtained":["WingedGreaves"],"max_hp_gain":0,"max_hp_loss":0,"event_name":"WeMeetAgain","floor":7,"gold_loss":0},{"damage_healed":0,"gold_gain":0,"player_choice":"Read","damage_taken":0,"max_hp_gain":0,"max_hp_loss":0,"event_name":"The Library","floor":19,"gold_loss":0,"cards_obtained":["Tantrum"]},{"damage_healed":0,"gold_gain":0,"player_choice":"Ignored","damage_taken":0,"max_hp_gain":0,"max_hp_loss":0,"event_name":"Vampires","floor":21,"gold_loss":0},{"cards_removed":["Defend_P"],"damage_healed":0,"gold_gain":0,"player_choice":"Purged","damage_taken":0,"max_hp_gain":0,"max_hp_loss":0,"event_name":"Purifier","floor":22,"gold_loss":0}],"is_beta":false,"boss_relics":[{"not_picked":["Ectoplasm","Coffee Dripper"],"picked":"Empty Cage"}],"items_purged_floors":[2],"is_endless":false,"potions_floor_spawned":[6,10,12,13,16,18,25],"killed_by":"Snake Plant","ascension_level":8}}