{"host":"ue7jlgf7uv134an9","time":1611197505,"event":{"mods":["BaseMod","Better Third Choice","Colored Map","Defuse TimeMaze Blight","Minty Spire (QoL Compilation)","Quick Restart","Rare Cards Sparkle","Relic Stats","StSLib","UnlockEverythingMod"],"gold_per_floor":[115,126,126,137,151,184,49,49,49,60,72,72,91,107,107,211,211,224,234,234,250,250,250,250,268,320,320,92,92,119,134,134,234,234,248,68,78,0,17,17,17,27,51,51,67,81,97,107,107,107,107],"floor_reached":50,"language":"ENG","playtime":1779,"items_purged":["Backstab","Strike_G"],"score":522,"play_id":"d2f0630a-2a49-412c-823a-6c3036be327b","local_time":"20210120215145","is_ascension_mode":false,"campfire_choices":[{"data":"Finisher","floor":12.0,"key":"SMITH"},{"data":"Blade Dance","floor":15.0,"key":"SMITH"},{"floor":23.0,"key":"REST"},{"data":"Dash","floor":29.0,"key":"SMITH"},{"floor":32.0,"key":"REST"},{"floor":40.0,"key":"REST"},{"floor":49,"key":"RECALL"}],"circlet_count":0,"master_deck":["Strike_G","Strike_G","Strike_G","Strike_G","Defend_G","Defend_G","Defend_G","Defend_G","Survivor","Neutralize","Blade Dance+1","Dash+1","Backstab","Cloak And Dagger","Corpse Explosion","Finisher+1","Dagger Spray","Dash+1","Dagger Spray","Glass Knife","Iron Wave","Leg Sweep","Cloak And Dagger+1","Dash+1","Bouncing Flask","Phantasmal Killer","Accuracy","Finisher+1","Die Die Die","Parasite","PiercingWail+1","Mind Blast","Bouncing Flask+1","Accuracy+1"],"relics":["Ring of the Snake","NeowsBlessing","Tough Bandages","Mango","Snecko Eye","Anchor","WingedGreaves","Fusion Hammer","Akabeko"],"acts_visited":["Exordium","TheCity","TheBeyond"],"potions_floor_usage":[50],"damage_taken":[{"damage":0.0,"enemies":"Small Slimes","floor":1.0,"turns":1.0},{"damage":0.0,"enemies":"Cultist","floor":2.0,"turns":1.0},{"damage":0.0,"enemies":"Jaw Worm","floor":4.0,"turns":1.0},{"damage":3.0,"enemies":"Large Slime","floor":5.0,"turns":7.0},{"damage":2.0,"enemies":"Gremlin Nob","floor":6.0,"turns":3.0},{"damage":0.0,"enemies":"Gremlin Gang","floor":10.0,"turns":3.0},{"damage":3.0,"enemies":"Blue Slaver","floor":11.0,"turns":2.0},{"damage":0.0,"enemies":"Lots of Slimes","floor":13.0,"turns":2.0},{"damage":0.0,"enemies":"Red Slaver","floor":14.0,"turns":2.0},{"damage":44.0,"enemies":"Slime Boss","floor":16.0,"turns":8.0},{"damage":9.0,"enemies":"2 Thieves","floor":18.0,"turns":2.0},{"damage":4.0,"enemies":"Chosen","floor":19.0,"turns":4.0},{"damage":11.0,"enemies":"Snecko","floor":21.0,"turns":3.0},{"damage":0.0,"enemies":"Snake Plant","floor":25.0,"turns":5.0},{"damage":17.0,"enemies":"Gremlin Leader","floor":30.0,"turns":6.0},{"damage":1.0,"enemies":"Cultist and Chosen","floor":31.0,"turns":4.0},{"damage":51.0,"enemies":"Automaton","floor":33.0,"turns":12.0},{"damage":11.0,"enemies":"3 Darklings","floor":35.0,"turns":3.0},{"damage":0.0,"enemies":"Orb Walker","floor":37.0,"turns":2.0},{"damage":25.0,"enemies":"Writhing Mass","floor":39.0,"turns":7.0},{"damage":0.0,"enemies":"Spire Growth","floor":42.0,"turns":3.0},{"damage":0.0,"enemies":"3 Darklings","floor":45.0,"turns":1.0},{"damage":31.0,"enemies":"Transient","floor":46.0,"turns":5.0},{"damage":0,"enemies":"Sphere and 2 Shapes","floor":47,"turns":4},{"damage":16,"enemies":"3 Darklings","floor":48,"turns":4},{"damage":71,"enemies":"Donu and Deca","floor":50,"turns":7}],"seed_played":"5864885098184264868","potions_obtained":[{"floor":1.0,"key":"LiquidMemories"},{"floor":5.0,"key":"Poison Potion"},{"floor":6.0,"key":"Swift Potion"},{"floor":11.0,"key":"FearPotion"},{"floor":13.0,"key":"FairyPotion"},{"floor":18.0,"key":"Dexterity Potion"},{"floor":35.0,"key":"Energy Potion"},{"floor":47,"key":"BlessingOfTheForge"}],"is_trial":false,"path_per_floor":["M","M","?","M","M","E","$","?","T","M","M","R","M","M","R","B",null,"M","M","?","M","?","R","?","M","T","?","$","R","E","M","R","B",null,"M","$","M","$","M","R","?","M","T","?","M","M","M","M","R","B"],"character_chosen":"THE_SILENT","items_purchased":["Corpse Explosion","Anchor","Accuracy","Die Die Die"],"campfire_rested":3,"item_purchase_floors":[7,28,36,38],"current_hp_per_floor":[70,70,75,75,72,70,70,70,84,84,81,81,81,81,81,37,89,80,76,76,65,48,76,76,76,76,76,76,76,59,58,86,35,94,83,83,83,83,58,86,86,86,86,86,86,55,55,39,39,0,0],"gold":107,"neow_bonus":"THREE_ENEMY_KILL","is_daily":false,"chose_seed":false,"campfire_upgraded":3,"win_rate":0.0,"timestamp":1611197505,"path_taken":["M","M","?","M","M","E","$","?","T","M","?","R","M","?","R","BOSS","M","M","?","?","?","R","?","?","T","?","$","R","E","M","R","BOSS","M","?","M","$","?","R","?","M","T","?","M","M","M","?","R","BOSS"],"items_purchased_type":["Card","Relic","Card","Card"],"build_version":"2020-12-22","purchased_purges":2,"victory":false,"max_hp_per_floor":[70,70,75,75,75,75,75,75,89,89,89,89,89,89,89,89,89,89,89,89,89,94,94,94,94,94,94,94,94,94,94,94,94,94,94,94,94,94,94,94,94,94,94,94,94,94,94,94,94,94,94],"relic_stats":{"Tough Bandages":[21],"counters":[26,102],"Snecko Eye":[126,114,137,156],"obtain_stats":[{"Tough Bandages":6,"Anchor":28,"NeowsBlessing":0,"Snecko Eye":17,"Mango":9,"WingedGreaves":30,"Fusion Hammer":34,"Akabeko":43,"Ring of the Snake":0},{"Tough Bandages":5,"Anchor":14,"NeowsBlessing":0,"Snecko Eye":10,"Mango":5,"WingedGreaves":15,"Fusion Hammer":17,"Akabeko":21,"Ring of the Snake":0},{"Tough Bandages":13,"Anchor":44,"NeowsBlessing":0,"Snecko Eye":30,"Mango":13,"WingedGreaves":50,"Fusion Hammer":66,"Akabeko":81,"Ring of the Snake":0}],"Ring of the Snake":[52]},"card_choices":[{"not_picked":["Calculated Gamble","Heel Hook"],"picked":"Blade Dance","floor":1.0},{"not_picked":["Caltrops","Dodge and Roll","Distraction"],"picked":"SKIP","floor":2.0},{"not_picked":["Sucker Punch","Crippling Poison"],"picked":"Dash","floor":4.0},{"not_picked":["PiercingWail","Flying Knee"],"picked":"Backstab","floor":5.0},{"not_picked":["Deflect","Reflex"],"picked":"Cloak And Dagger","floor":6.0},{"not_picked":["Eviscerate","Underhanded Strike"],"picked":"Finisher","floor":10.0},{"not_picked":["Infinite Blades","Poisoned Stab"],"picked":"Dagger Spray","floor":11.0},{"not_picked":["Tactician","Acrobatics"],"picked":"Dash","floor":13.0},{"not_picked":["Blade Dance","Distraction"],"picked":"Dagger Spray","floor":14.0},{"not_picked":["Adrenaline","Wraith Form v2"],"picked":"Glass Knife","floor":16.0},{"not_picked":["Deadly Poison","Underhanded Strike+1","Calculated Gamble"],"picked":"SKIP","floor":18.0},{"not_picked":["Backflip+1","Quick Slash"],"picked":"Backstab","floor":19.0},{"not_picked":["Masterful Stab","Blur"],"picked":"Leg Sweep","floor":21.0},{"not_picked":["Acrobatics","Backflip+1"],"picked":"Cloak And Dagger+1","floor":25.0},{"not_picked":["Blade Dance","Deflect","Sucker Punch"],"picked":"SKIP","floor":30.0},{"not_picked":["Setup","Burst"],"picked":"Bouncing Flask","floor":31.0},{"not_picked":["Tools of the Trade","Wraith Form v2"],"picked":"Phantasmal Killer","floor":33.0},{"not_picked":["All Out Attack","Masterful Stab+1","Flechettes"],"picked":"SKIP","floor":35.0},{"not_picked":["Deflect+1","Slice"],"picked":"Finisher+1","floor":37.0},{"not_picked":["Prepared","Poisoned Stab+1"],"picked":"PiercingWail+1","floor":39.0},{"not_picked":["Sadistic Nature","Bandage Up"],"picked":"Mind Blast","floor":41.0},{"not_picked":["Dodge and Roll+1","Underhanded Strike","Backflip"],"picked":"SKIP","floor":42.0},{"not_picked":["Prepared+1","Sucker Punch+1"],"picked":"Bouncing Flask+1","floor":45.0},{"not_picked":["Backstab","Deflect+1"],"picked":"Accuracy+1","floor":46.0},{"not_picked":["Deadly Poison","Dagger Throw+1","Prepared+1"],"picked":"SKIP","floor":47},{"not_picked":["Deflect+1","Finisher","Sucker Punch"],"picked":"SKIP","floor":48}],"player_experience":62700,"relics_obtained":[{"floor":6.0,"key":"Tough Bandages"},{"floor":9.0,"key":"Mango"},{"floor":30.0,"key":"WingedGreaves"},{"floor":43.0,"key":"Akabeko"}],"event_choices":[{"damage_healed":0.0,"max_hp_gain":5.0,"max_hp_loss":0.0,"gold_gain":0.0,"event_name":"Big Fish","player_choice":"Donut","floor":3.0,"gold_loss":0.0,"damage_taken":0.0},{"damage_healed":0.0,"max_hp_gain":0.0,"max_hp_loss":0.0,"gold_gain":0.0,"event_name":"Upgrade Shrine","player_choice":"Upgraded","floor":8.0,"gold_loss":0.0,"damage_taken":0.0,"cards_upgraded":["Dash"]},{"cards_removed":["Defend_G"],"damage_healed":0.0,"max_hp_gain":0.0,"max_hp_loss":0.0,"gold_gain":0.0,"event_name":"NoteForYourself","player_choice":"Took Card","floor":20.0,"gold_loss":0.0,"damage_taken":0.0,"cards_obtained":["Iron Wave"]},{"damage_healed":0.0,"max_hp_gain":5.0,"max_hp_loss":0.0,"gold_gain":0.0,"event_name":"Forgotten Altar","player_choice":"Shed Blood","floor":22.0,"gold_loss":0.0,"damage_taken":22.0},{"damage_healed":0.0,"max_hp_gain":0.0,"max_hp_loss":0.0,"gold_gain":0.0,"event_name":"Lab","player_choice":"Got Potions","floor":24.0,"gold_loss":0.0,"damage_taken":0.0},{"damage_healed":0.0,"max_hp_gain":0.0,"max_hp_loss":0.0,"gold_gain":0.0,"event_name":"Duplicator","player_choice":"Copied","floor":27.0,"gold_loss":0.0,"damage_taken":0.0,"cards_obtained":["Dash"]},{"damage_healed":0.0,"max_hp_gain":0.0,"max_hp_loss":0.0,"gold_gain":0.0,"event_name":"SensoryStone","player_choice":"Memory 1","floor":41.0,"gold_loss":0.0,"damage_taken":0.0},{"damage_healed":0.0,"max_hp_gain":0.0,"max_hp_loss":0.0,"gold_gain":0.0,"event_name":"The Woman in Blue","player_choice":"Bought 0 Potions","floor":44.0,"gold_loss":0.0,"damage_taken":0.0}],"is_beta":false,"boss_relics":[{"not_picked":["Runic Dome","Ring of the Serpent"],"picked":"Snecko Eye"},{"not_picked":["Pandora\u0027s Box","Coffee Dripper"],"picked":"Fusion Hammer"}],"items_purged_floors":[28,36],"is_endless":false,"potions_floor_spawned":[1,5,6,11,13,18,19,30,35,45,47],"killed_by":"Donu and Deca","ascension_level":0}}