{"host":"mbj2cbgnaexp1bjw","time":1611226014,"event":{"mods":["BaseMod","DNKmod","Downfall","Friendly Minions","Grow up Mod","Highlight Path","Minty Spire (QoL Compilation)","Remove Card Discount Mod","Spicy Shops","StSLib"],"gold_per_floor":[1012,1029,63,78,253,283,283,283,283,283,308,352,352,386,386,514,514,527,552,552,565,273,316,341,380,450,450,470,470,470,73,73,193,193,206,206,219,219,239,272,272,316,394,413,413,451,451,56,56,56,56,56,23,57,57],"floor_reached":56,"language":"ZHS","playtime":3505,"items_purged":["bronze:Strike","bronze:Strike","bronze:Strike","bronze:Strike","bronze:Defend","bronze:Defend","bronze:Defend","bronze:Defend","Doubt","bronze:Overheat","bronze:Verify","bronze:Replicate+1","bronze:DelayedSlice","bronze:Virus","bronze:Shield+1","bronze:Shield","bronze:DigitalCarnage"],"score":1541,"play_id":"d8e61d98-556f-4c95-9c8b-7a2a14b5fb31","local_time":"20210121184654","is_ascension_mode":false,"campfire_choices":[{"data":"bronze:Goto","floor":8.0,"key":"SMITH"},{"data":"bronze:Replicate","floor":10.0,"key":"SMITH"},{"data":"bronze:BugBarrage","floor":13.0,"key":"SMITH"},{"floor":15.0,"key":"RECALL"},{"data":"bronze:ItsAFeature","floor":27.0,"key":"SMITH"},{"data":"RitualDagger","floor":32.0,"key":"SMITH"},{"data":"bronze:MaxOutput","floor":41.0,"key":"SMITH"},{"data":"bronze:Flail","floor":45.0,"key":"SMITH"},{"data":"bronze:WhirlingStrike","floor":49.0,"key":"SMITH"},{"data":"bronze:Verify","floor":52.0,"key":"SMITH"}],"circlet_count":0,"master_deck":["bronze:Goto+1","bronze:Frontload","bronze:Verify+1","bronze:MaxOutput+1","bronze:BugBarrage+1","bronze:ClassDefault","bronze:ChosenStrike","bronze:ClassDefault+1","bronze:DelayedGuard+1","bronze:ItsAFeature+1","bronze:BuggyMess+1","bronze:ChildClass+1","bronze:Deprecate+1","bronze:Mutator+1","RitualDagger+1","bronze:Optimize+1","bronze:Shell+1","bronze:HardenedForm+1","bronze:MaxOutput+1","bronze:BuggyMess+1","bronze:Shield+1","bronze:Flail+1","bronze:Boost+1","Apotheosis+1","bronze:WhirlingStrike+1","bronze:Iterate"],"relics":["bronze:PlatinumCore","NeowsBlessing","Medical Kit","Shuriken","Vajra","Nunchaku","Prayer Wheel","Golden Idol","Toxic Egg 2","Bronze Scales","FaceOfCleric","Ornamental Fan","Letter Opener","Frozen Egg 2","Pear","Membership Card","Ice Cream","Busted Crown","InkBottle","Mercury Hourglass","Mummified Hand","MealTicket","Calipers","Question Card","Centennial Puzzle"],"acts_visited":["Exordium","TheCity","TheBeyond","TheEnding"],"potions_floor_usage":[55,55,55,55,55,55],"damage_taken":[{"damage":0.0,"enemies":"Cultist","floor":1.0,"turns":1.0},{"damage":0.0,"enemies":"2 Louse","floor":2.0,"turns":1.0},{"damage":0.0,"enemies":"Small Slimes","floor":4.0,"turns":1.0},{"damage":0.0,"enemies":"Gremlin Nob","floor":6.0,"turns":3.0},{"damage":0.0,"enemies":"2 Fungi Beasts","floor":11.0,"turns":1.0},{"damage":9.0,"enemies":"Lagavulin","floor":12.0,"turns":2.0},{"damage":4.0,"enemies":"Gremlin Nob","floor":14.0,"turns":1.0},{"damage":0.0,"enemies":"Hexaghost","floor":16.0,"turns":2.0},{"damage":0.0,"enemies":"Chosen","floor":18.0,"turns":2.0},{"damage":12.0,"enemies":"Shell Parasite","floor":19.0,"turns":1.0},{"damage":0.0,"enemies":"Snecko","floor":21.0,"turns":2.0},{"damage":14.0,"enemies":"Gremlin Leader","floor":23.0,"turns":4.0},{"damage":21.0,"enemies":"Snake Plant","floor":24.0,"turns":2.0},{"damage":0.0,"enemies":"Slavers","floor":25.0,"turns":4.0},{"damage":0.0,"enemies":"Shelled Parasite and Fungi","floor":28.0,"turns":2.0},{"damage":7.0,"enemies":"Champ","floor":33.0,"turns":4.0},{"damage":0.0,"enemies":"3 Shapes","floor":35.0,"turns":3.0},{"damage":10.0,"enemies":"Orb Walker","floor":37.0,"turns":3.0},{"damage":24.0,"enemies":"Jaw Worm Horde","floor":39.0,"turns":4.0},{"damage":18.0,"enemies":"Nemesis","floor":40.0,"turns":9.0},{"damage":0.0,"enemies":"Giant Head","floor":42.0,"turns":5.0},{"damage":0.0,"enemies":"3 Darklings","floor":44.0,"turns":2.0},{"damage":2.0,"enemies":"Nemesis","floor":46.0,"turns":3.0},{"damage":3.0,"enemies":"Awakened One","floor":50.0,"turns":5.0},{"damage":21,"enemies":"Shield and Spear","floor":54,"turns":4},{"damage":10,"enemies":"The Heart","floor":55,"turns":5}],"seed_played":"-7735717647829132368","potions_obtained":[{"floor":4.0,"key":"EntropicBrew"},{"floor":6.0,"key":"Regen Potion"},{"floor":12.0,"key":"Swift Potion"},{"floor":25.0,"key":"champ:CounterPotion"},{"floor":37.0,"key":"PowerPotion"},{"floor":42.0,"key":"bronze:BurnAndBuffPotion"}],"is_trial":false,"path_per_floor":["M","M","$","M","?","E","?","R","T","R","M","E","R","E","R","B",null,"M","M","?","M","$","E","M","E","T","R","M","?","?","$","R","B",null,"M","?","M","?","M","E","R","E","T","M","R","E","?","$","R","B",null,"R","$","E","B",null],"character_chosen":"THE_AUTOMATON","items_purchased":["Medical Kit","Shuriken","Vajra","Nunchaku","bronze:Verify","bronze:Shield","Ornamental Fan","bronze:BuggyMess+1","Membership Card","Ice Cream","bronze:Optimize+1","bronze:Shell+1","Apotheosis+1","Calipers","bronze:WhirlingStrike","Question Card","bronze:Iterate"],"campfire_rested":0,"item_purchase_floors":[3,3,3,3,3,3,22,22,31,31,31,31,48,48,48,48,53],"current_hp_per_floor":[120,130,140,150,160,170,138,148,158,168,178,179,189,195,205,215,280,290,288,298,309,319,316,311,322,342,352,363,373,377,387,397,401,466,477,487,488,483,470,463,473,484,494,505,515,524,534,559,569,577,619,629,639,629,642],"gold":57,"neow_bonus":"THREE_ENEMY_KILL","is_daily":false,"chose_seed":false,"campfire_upgraded":9,"win_rate":0.0,"timestamp":1611226014,"path_taken":["M","?","$","M","?","E","?","R","T","R","M","E","R","E","R","BOSS","M","M","?","?","$","E","M","E","T","R","M","?","?","$","R","BOSS","M","?","M","?","M","E","R","E","T","M","R","E","?","$","R","BOSS","R","$","E","BOSS"],"items_purchased_type":["Relic","Relic","Relic","Relic","Card","Card","Relic","Card","Relic","Relic","Card","Card","Card","Relic","Card","Relic","Card"],"build_version":"2020-12-22","purchased_purges":17,"victory":true,"max_hp_per_floor":[120,130,140,150,160,170,180,190,200,210,220,230,240,250,260,270,280,290,300,310,321,331,342,353,364,384,394,405,415,425,435,445,456,466,477,487,498,483,494,505,515,526,536,547,557,568,578,588,598,609,619,629,639,650,661],"card_choices":[{"not_picked":["bronze:BuggyMess","bronze:FineTuning"],"picked":"bronze:Frontload","floor":1.0},{"not_picked":["bronze:BugBarrage","bronze:Branch"],"picked":"bronze:DelayedSlice","floor":2.0},{"not_picked":["bronze:Repair","bronze:NullPointer"],"picked":"bronze:MaxOutput","floor":4.0},{"not_picked":["bronze:Frontload","bronze:Turbo"],"picked":"bronze:BugBarrage","floor":6.0},{"not_picked":["bronze:GetLatest","bronze:Overload"],"picked":"bronze:Overheat","floor":11.0},{"not_picked":["bronze:Turbo","bronze:BugBarrage"],"picked":"bronze:Backtrace","floor":11.0},{"not_picked":["bronze:BugBarrage","bronze:Backtrace"],"picked":"bronze:ClassDefault","floor":12.0},{"not_picked":["bronze:Invalidate+1","bronze:ChildClass+1"],"picked":"bronze:ChosenStrike","floor":14.0},{"not_picked":["bronze:Break","bronze:BurnOut"],"picked":"bronze:Verify","floor":16.0},{"not_picked":["bronze:Shield+1","bronze:Deprecate+1"],"picked":"bronze:ClassDefault+1","floor":18.0},{"not_picked":["bronze:Return+1","bronze:OilSpill","bronze:Philosophize+1"],"picked":"SKIP","floor":18.0},{"not_picked":["bronze:BugBarrage+1","bronze:WildBeam+1"],"picked":"bronze:Shield+1","floor":19.0},{"not_picked":["bronze:WildBeam","bronze:Iterate"],"picked":"bronze:DelayedGuard+1","floor":19.0},{"not_picked":["bronze:DigitalCarnage","bronze:Backtrace"],"picked":"bronze:ItsAFeature","floor":21.0},{"not_picked":["bronze:DigitalCarnage+1","bronze:Overheat"],"picked":"bronze:Virus","floor":21.0},{"not_picked":["bronze:OilSpill+1","bronze:CutThrough"],"picked":"bronze:Branch","floor":23.0},{"not_picked":["bronze:Deprecate+1","bronze:ItsAFeature"],"picked":"bronze:ChildClass+1","floor":24.0},{"not_picked":["bronze:Backtrace","bronze:Philosophize+1"],"picked":"bronze:Deprecate+1","floor":24.0},{"not_picked":["bronze:DigitalCarnage","bronze:CutThrough+1","bronze:Safeguard+1"],"picked":"SKIP","floor":25.0},{"not_picked":["bronze:Branch","bronze:BitShift+1"],"picked":"bronze:Mutator+1","floor":28.0},{"not_picked":["bronze:DelayedGuard+1","bronze:BugBarrage","bronze:BuggyMess+1"],"picked":"SKIP","floor":28.0},{"not_picked":["bronze:Verify+1","bronze:ShipIt"],"picked":"bronze:HardenedForm+1","floor":33.0},{"not_picked":["bronze:Branch+1"],"picked":"SKIP","floor":35.0},{"not_picked":["bronze:DigitalCarnage+1"],"picked":"SKIP","floor":35.0},{"not_picked":["bronze:DigitalCarnage"],"picked":"SKIP","floor":37.0},{"not_picked":["bronze:OilSpill"],"picked":"SKIP","floor":37.0},{"not_picked":[],"picked":"bronze:MaxOutput+1","floor":39.0},{"not_picked":[],"picked":"bronze:BuggyMess+1","floor":39.0},{"not_picked":["bronze:ItsAFeature+1"],"picked":"SKIP","floor":40.0},{"not_picked":[],"picked":"bronze:Shield+1","floor":42.0},{"not_picked":[],"picked":"bronze:Flail","floor":44.0},{"not_picked":["bronze:Branch+1"],"picked":"SKIP","floor":44.0},{"not_picked":[],"picked":"bronze:Boost+1","floor":46.0},{"not_picked":["bronze:CutThrough","bronze:DelayedGuard+1"],"picked":"SKIP","floor":54}],"player_experience":100151,"relics_obtained":[{"floor":6.0,"key":"Prayer Wheel"},{"floor":12.0,"key":"Toxic Egg 2"},{"floor":14.0,"key":"Bronze Scales"},{"floor":23.0,"key":"Letter Opener"},{"floor":25.0,"key":"Frozen Egg 2"},{"floor":26.0,"key":"Pear"},{"floor":40.0,"key":"InkBottle"},{"floor":42.0,"key":"Mercury Hourglass"},{"floor":43.0,"key":"Mummified Hand"},{"floor":46.0,"key":"MealTicket"},{"floor":54,"key":"Centennial Puzzle"}],"event_choices":[{"damage_healed":0.0,"max_hp_gain":0.0,"max_hp_loss":0.0,"gold_gain":175.0,"event_name":"Liars Game","player_choice":"AGREE","floor":5.0,"gold_loss":0.0,"damage_taken":0.0,"cards_obtained":["Doubt"]},{"damage_healed":0.0,"max_hp_gain":0.0,"max_hp_loss":0.0,"gold_gain":0.0,"event_name":"Golden Idol","player_choice":"Take Damage","floor":7.0,"gold_loss":0.0,"damage_taken":42.0,"relics_obtained":["Golden Idol"]},{"damage_healed":0.0,"max_hp_gain":0.0,"max_hp_loss":0.0,"gold_gain":0.0,"event_name":"FaceTrader","player_choice":"Trade","floor":20.0,"gold_loss":0.0,"damage_taken":0.0,"relics_obtained":["FaceOfCleric"]},{"damage_healed":0.0,"max_hp_gain":0.0,"max_hp_loss":0.0,"gold_gain":0.0,"event_name":"Vampires","player_choice":"Ignored","floor":29.0,"gold_loss":0.0,"damage_taken":0.0},{"damage_healed":0.0,"max_hp_gain":0.0,"max_hp_loss":0.0,"gold_gain":0.0,"event_name":"Nest","player_choice":"Joined the Cult","floor":30.0,"gold_loss":0.0,"damage_taken":6.0,"cards_obtained":["RitualDagger"]},{"cards_removed":["bronze:Branch"],"damage_healed":0.0,"max_hp_gain":0.0,"max_hp_loss":0.0,"gold_gain":0.0,"event_name":"Falling","player_choice":"Removed Attack","floor":36.0,"gold_loss":0.0,"damage_taken":0.0},{"damage_healed":0.0,"max_hp_gain":0.0,"max_hp_loss":25.0,"gold_gain":0.0,"event_name":"Winding Halls","player_choice":"Max HP","floor":38.0,"gold_loss":0.0,"damage_taken":0.0}],"is_beta":false,"boss_relics":[{"not_picked":["SlaversCollar","Coffee Dripper"],"picked":"bronze:PlatinumCore"},{"not_picked":["bronze:MakeshiftBattery","Tiny House"],"picked":"Busted Crown"}],"items_purged_floors":[3,3,3,3,3,3,3,3,22,31,31,31,31,48,53,53,53],"is_endless":false,"potions_floor_spawned":[4,6,12,14,16,21,25,28,37,42,46,54],"ascension_level":0}}