{"host":"yb2vosf5gpvgythe","time":1611204448,"event":{"mods":["BaseMod","Downfall","Minty Spire (QoL Compilation)","StSLib","egg"],"gold_per_floor":[99,111,28,28,47,47,47,47,47,47,61,80,255,255,273,371,371,371,386,397,497,0,27,27,46,46,46,46],"floor_reached":26,"language":"ENG","playtime":1311,"items_purged":["downfall:Bewildered"],"score":346,"play_id":"9950b5a8-9973-4f28-81e5-e78a1156e325","local_time":"20210120234728","is_ascension_mode":false,"campfire_choices":[{"data":"Guardian:TwinSlam","floor":1,"key":"SMITH"},{"data":"Guardian:MultiBeam","floor":8,"key":"SMITH"},{"data":"Guardian:CrystalBeam","floor":10,"key":"SMITH"},{"data":"Guardian:SentryBeam","floor":18,"key":"SMITH"}],"circlet_count":0,"master_deck":["Guardian:Strike_Guardian","Guardian:Strike_Guardian","Guardian:Defend_Guardian","Guardian:Defend_Guardian","Guardian:Defend_Guardian","Guardian:Defend_Guardian","Guardian:CurlUp","Guardian:TwinSlam+1","Guardian:BronzeOrb","Guardian:MultiBeam+1","Guardian:CrystalBeam+1","Guardian:PrismaticBarrier","Regret","Guardian:SentryBeam+1","Guardian:AncientConstruct","Guardian:Gem_Blue","Guardian:TemporalShield","Decay","Injury","Writhe","Guardian:BaubleBeam","downfall:Bewildered","downfall:Haunted","Guardian:MultiBeam+1","Guardian:TimeSifter","Guardian:Gem_Yellow","Guardian:TemporalStrike","Guardian:Gem_Green"],"relics":["Guardian:ModeShifter","Bag of Marbles","Velvet Choker","Darkstone Periapt","DollysMirror","MealTicket","Blue Candle"],"acts_visited":["Exordium","TheCity"],"potions_floor_usage":[16,16,22,26],"damage_taken":[{"damage":5,"enemies":"Small Slimes","floor":2,"turns":4},{"damage":0,"enemies":"downfall:FleeingMerchant","floor":3,"turns":4},{"damage":1,"enemies":"Jaw Worm","floor":5,"turns":3},{"damage":0,"enemies":"Cultist","floor":6,"turns":1},{"damage":0,"enemies":"3 Louse","floor":11,"turns":1},{"damage":0,"enemies":"Gremlin Gang","floor":12,"turns":1},{"damage":4,"enemies":"Blue Slaver","floor":15,"turns":4},{"damage":73,"enemies":"IC_STATUS_ARCHETYPE","floor":16,"turns":14},{"damage":9,"enemies":"Spheric Guardian","floor":19,"turns":4},{"damage":9,"enemies":"Shell Parasite","floor":20,"turns":4},{"damage":4,"enemies":"downfall:FleeingMerchant","floor":22,"turns":4},{"damage":16,"enemies":"Snake Plant","floor":25,"turns":3},{"damage":92,"enemies":"Gremlin Leader","floor":26,"turns":7}],"seed_played":"2058791096925792023","potions_obtained":[{"floor":2,"key":"Dexterity Potion"},{"floor":5,"key":"Block Potion"},{"floor":12,"key":"AttackPotion"},{"floor":16,"key":"SneckoOil"},{"floor":25,"key":"Energy Potion"}],"is_trial":false,"path_per_floor":["R","M","$","?","M","M","T","R","?","R","M","M","?","?","M","B",null,"R","M","M","?","$","T","T","M","E"],"character_chosen":"GUARDIAN","items_purchased":["Guardian:Gem_Purple","DollysMirror","Guardian:TimeSifter","Guardian:Gem_Yellow","Guardian:TemporalStrike"],"campfire_rested":0,"item_purchase_floors":[3,22,22,22,22],"current_hp_per_floor":[88,83,83,83,82,82,82,82,82,82,82,82,82,82,78,5,88,88,79,70,111,107,107,107,91,0,0,0],"gold":46,"neow_bonus":"TEN_PERCENT_HP_BONUS","is_daily":false,"chose_seed":false,"campfire_upgraded":4,"win_rate":0.0,"timestamp":1611204448,"path_taken":["R","M","$","?","M","M","T","R","?","R","M","?","?","?","M","BOSS","R","M","?","?","$","?","T","?","E"],"items_purchased_type":["Card","Relic","Card","Card","Card"],"build_version":"2020-12-22","purchased_purges":1,"victory":false,"max_hp_per_floor":[88,88,88,88,88,88,88,88,88,88,88,88,88,88,88,88,88,88,88,88,129,129,129,129,129,129,129,129],"card_choices":[{"not_picked":["Guardian:Repulse","Guardian:PrismaticBeam"],"picked":"Guardian:BronzeOrb","floor":2},{"not_picked":["Guardian:RefractedBeam","Guardian:Recover"],"picked":"Guardian:MultiBeam","floor":3},{"not_picked":["Guardian:MultiBeam","Guardian:DecasProtection"],"picked":"Guardian:Gem_Blue","floor":5},{"not_picked":["Guardian:EvasiveProtocol","Guardian:ShieldCharger"],"picked":"Guardian:CrystalBeam","floor":6},{"not_picked":["Guardian:CrystalBeam","Guardian:PrimingBeam"],"picked":"Guardian:PrismaticBarrier","floor":11},{"not_picked":["Guardian:Incinerate","Guardian:Gem_Green"],"picked":"Guardian:Gem_Red","floor":12},{"not_picked":["Guardian:RollAttack","Guardian:Emergency"],"picked":"Guardian:SentryBeam","floor":15},{"not_picked":["Guardian:BaubleBeam","Guardian:RevengeProtocol"],"picked":"Guardian:AncientConstruct","floor":16},{"not_picked":["Guardian:Suspension","Guardian:CrystalBeam"],"picked":"Guardian:Gem_Blue","floor":19},{"not_picked":["Guardian:PrimingBeam+1","Guardian:BronzeOrb"],"picked":"Guardian:TemporalShield","floor":20},{"not_picked":["Guardian:PolyBeam","Guardian:BronzeArmor","Guardian:RefractedBeam"],"picked":"SKIP","floor":22},{"not_picked":["Guardian:PrimingBeam","Guardian:PolyBeam"],"picked":"Guardian:Gem_Green","floor":25}],"player_experience":431273,"relics_obtained":[{"floor":7,"key":"Bag of Marbles"},{"floor":23,"key":"MealTicket"},{"floor":24,"key":"Blue Candle"}],"event_choices":[{"cards_removed":["Iron Wave"],"damage_healed":0,"gold_gain":0,"player_choice":"Took Card","damage_taken":0,"max_hp_gain":0,"max_hp_loss":0,"event_name":"NoteForYourself","floor":9,"gold_loss":0,"cards_obtained":["Iron Wave"]}],"is_beta":false,"boss_relics":[{"not_picked":["bronze:MakeshiftBattery","Cursed Key"],"picked":"Velvet Choker"}],"items_purged_floors":[22],"is_endless":false,"potions_floor_spawned":[2,5,12,16,25],"killed_by":"Gremlin Leader","ascension_level":0}}