{"host":"13o02hya6v6rzuva","time":1611225211,"event":{"mods":["BaseMod","Minty Spire (QoL Compilation)","Relic Stats"],"gold_per_floor":[117,292,292,306,1,1,1,29,29,63,63,63,95,115,115,115,115],"floor_reached":16,"language":"ENG","playtime":447,"items_purged":[],"score":180,"play_id":"b6d3c17e-e602-4e0f-9955-5128b7b9e041","local_time":"20210121113331","is_ascension_mode":true,"campfire_choices":[{"data":"Bash","floor":6,"key":"SMITH"},{"floor":12,"key":"REST"},{"data":"Heavy Blade","floor":15,"key":"SMITH"}],"circlet_count":0,"master_deck":["AscendersBane","Strike_R","Strike_R","Strike_R","Strike_R","Strike_R","Defend_R","Defend_R","Defend_R","Defend_R","Bash+1","Heavy Blade+1","Wild Strike","Pommel Strike","Bludgeon","Clothesline","Spot Weakness","Sword Boomerang"],"relics":["Burning Blood","Sling","Tiny Chest","Akabeko","Centennial Puzzle","Blue Candle"],"acts_visited":["Exordium"],"potions_floor_usage":[8,14],"damage_taken":[{"damage":5,"enemies":"Cultist","floor":1,"turns":4},{"damage":15,"enemies":"Small Slimes","floor":4,"turns":3},{"damage":26,"enemies":"Gremlin Nob","floor":8,"turns":4},{"damage":20,"enemies":"3 Sentries","floor":10,"turns":5},{"damage":15,"enemies":"Gremlin Nob","floor":13,"turns":4},{"damage":2,"enemies":"Jaw Worm","floor":14,"turns":3},{"damage":50,"enemies":"Hexaghost","floor":16,"turns":7}],"seed_played":"890499699602379784","potions_obtained":[{"floor":1,"key":"ElixirPotion"},{"floor":4,"key":"Weak Potion"},{"floor":14,"key":"Fruit Juice"}],"is_trial":false,"path_per_floor":["M","?","?","M","$","R","$","E","T","E","$","R","E","M","R","B"],"character_chosen":"IRONCLAD","items_purchased":["Sling","Tiny Chest"],"campfire_rested":1,"item_purchase_floors":[5,5],"current_hp_per_floor":[73,73,66,57,57,57,57,37,37,23,23,47,38,47,47,0,0],"gold":115,"neow_bonus":"THREE_CARDS","is_daily":false,"chose_seed":false,"campfire_upgraded":2,"win_rate":0.0,"timestamp":1611225211,"path_taken":["M","?","?","M","?","R","$","E","T","E","$","R","E","M","R","BOSS"],"items_purchased_type":["Relic","Relic"],"build_version":"2020-12-22","purchased_purges":0,"victory":false,"max_hp_per_floor":[80,80,80,80,80,80,80,80,80,80,80,80,80,85,85,85,85],"relic_stats":{"Centennial Puzzle":[9],"counters":[7,30],"Blue Candle":[0],"Tiny Chest":0,"obtain_stats":[{"Centennial Puzzle":10,"Blue Candle":13,"Tiny Chest":5,"Sling":5,"Burning Blood":0,"Akabeko":8},{"Centennial Puzzle":4,"Blue Candle":5,"Tiny Chest":2,"Sling":2,"Burning Blood":0,"Akabeko":3},{"Centennial Puzzle":16,"Blue Candle":20,"Tiny Chest":7,"Sling":7,"Burning Blood":0,"Akabeko":11}],"Burning Blood":36},"card_choices":[{"not_picked":["Iron Wave","True Grit"],"picked":"Heavy Blade","floor":0},{"not_picked":["Sever Soul","Entrench"],"picked":"Wild Strike","floor":1},{"not_picked":["Pummel","Anger"],"picked":"Pommel Strike","floor":4},{"not_picked":["Anger","Body Slam"],"picked":"Bludgeon","floor":8},{"not_picked":["Twin Strike","Cleave"],"picked":"Clothesline","floor":10},{"not_picked":["Dual Wield","Seeing Red"],"picked":"Spot Weakness","floor":13},{"not_picked":["Cleave","Headbutt"],"picked":"Sword Boomerang","floor":14}],"player_experience":1141986,"relics_obtained":[{"floor":8,"key":"Akabeko"},{"floor":10,"key":"Centennial Puzzle"},{"floor":13,"key":"Blue Candle"}],"event_choices":[{"damage_healed":0,"gold_gain":175,"player_choice":"AGREE","damage_taken":0,"max_hp_gain":0,"max_hp_loss":0,"event_name":"Liars Game","floor":2,"gold_loss":0,"cards_obtained":["Doubt"]},{"cards_removed":["Doubt"],"damage_healed":0,"gold_gain":0,"player_choice":"Card Removal","damage_taken":7,"max_hp_gain":0,"max_hp_loss":0,"event_name":"Golden Wing","floor":3,"gold_loss":0}],"is_beta":false,"boss_relics":[],"items_purged_floors":[],"is_endless":false,"potions_floor_spawned":[1,4,14],"killed_by":"Hexaghost","ascension_level":11}}