{"host":"s41rn2jhghpwfrvz","time":1611249898,"event":{"mods":["BaseMod","Minty Spire (QoL Compilation)","Quick Restart","Relic Stats","SuperFastMode"],"gold_per_floor":[117,133,58,68,68,68,99,125,193,208,241,251,286,301,301,375,425,439,454,454,454,474,500,511,545,572,606,620,635,664,407,407,484,484,496,496,506,67,97,125,162,174,174],"floor_reached":42,"language":"ENG","playtime":1496,"items_purged":["Deflect","Protect"],"score":1821,"play_id":"32de1c02-bb65-44cd-b68c-76408526265c","local_time":"20210121192458","daily_mods":["SealedDeck","Diverse","DeadlyEvents"],"is_ascension_mode":true,"campfire_choices":[{"data":"Wallop","floor":6,"key":"SMITH"},{"data":"Pommel Strike","floor":15,"key":"SMITH"},{"data":"Turbo","floor":32,"key":"SMITH"}],"circlet_count":0,"master_deck":["AscendersBane","Turbo+1","Prepared","Acrobatics","Beam Cell","Pommel Strike+1","Genetic Algorithm+1","Reflex+1","Scrawl","Flash of Steel"],"relics":["Burning Blood","Ginger","Bag of Marbles","Gremlin Horn","InkBottle","Happy Flower","Tiny House","Singing Bowl","Toy Ornithopter","Bag of Preparation","Mummified Hand","TungstenRod","TheAbacus","Fusion Hammer","Turnip","Ornamental Fan","MawBank","Oddly Smooth Stone"],"acts_visited":["Exordium","TheCity","TheBeyond"],"potions_floor_usage":[],"damage_taken":[{"damage":0,"enemies":"2 Louse","floor":1,"turns":3},{"damage":0,"enemies":"Cultist","floor":2,"turns":3},{"damage":7,"enemies":"Jaw Worm","floor":4,"turns":2},{"damage":0,"enemies":"Lagavulin","floor":7,"turns":5},{"damage":20,"enemies":"3 Sentries","floor":8,"turns":8},{"damage":0,"enemies":"Red Slaver","floor":10,"turns":1},{"damage":0,"enemies":"Lagavulin","floor":11,"turns":3},{"damage":0,"enemies":"Gremlin Gang","floor":12,"turns":2},{"damage":3,"enemies":"3 Sentries","floor":13,"turns":5},{"damage":0,"enemies":"3 Louse","floor":14,"turns":2},{"damage":5,"enemies":"Hexaghost","floor":16,"turns":6},{"damage":0,"enemies":"Shell Parasite","floor":18,"turns":2},{"damage":0,"enemies":"Chosen","floor":19,"turns":3},{"damage":0,"enemies":"Snake Plant","floor":22,"turns":2},{"damage":0,"enemies":"Gremlin Leader","floor":23,"turns":2},{"damage":0,"enemies":"Snecko","floor":24,"turns":2},{"damage":0,"enemies":"Slavers","floor":25,"turns":1},{"damage":0,"enemies":"Book of Stabbing","floor":27,"turns":3},{"damage":0,"enemies":"Centurion and Healer","floor":28,"turns":2},{"damage":0,"enemies":"Cultist and Chosen","floor":29,"turns":1},{"damage":0,"enemies":"Slavers","floor":30,"turns":1},{"damage":0,"enemies":"Automaton","floor":33,"turns":3},{"damage":0,"enemies":"Orb Walker","floor":35,"turns":1},{"damage":0,"enemies":"3 Darklings","floor":37,"turns":1},{"damage":0,"enemies":"Reptomancer","floor":39,"turns":1},{"damage":0,"enemies":"Nemesis","floor":40,"turns":1},{"damage":0,"enemies":"Giant Head","floor":41,"turns":1},{"damage":0,"enemies":"Writhing Mass","floor":42,"turns":1}],"seed_played":"7251259885405599333","potions_obtained":[{"floor":2,"key":"ElixirPotion"},{"floor":7,"key":"GamblersBrew"},{"floor":11,"key":"Explosive Potion"},{"floor":17,"key":"AttackPotion"},{"floor":37,"key":"Ancient Potion"}],"is_trial":true,"path_per_floor":["M","M","$","M","?","R","E","E","T","M","E","M","E","M","R","B",null,"M","M","?","$","M","E","M","E","T","E","M","M","E","$","R","B",null,"M","?","M","$","E","E","E","M"],"character_chosen":"IRONCLAD","items_purchased":["TheAbacus","Turnip","Flash of Steel"],"campfire_rested":0,"item_purchase_floors":[31,38,38],"current_hp_per_floor":[74,75,75,74,74,74,75,61,61,67,73,75,75,75,75,75,80,80,80,80,80,80,82,84,86,86,88,90,92,94,94,94,94,94,96,96,98,98,100,102,104,104,104],"gold":174,"neow_bonus":"","is_daily":false,"chose_seed":false,"campfire_upgraded":3,"win_rate":0.0,"timestamp":1611249898,"path_taken":["M","M","$","M","?","R","E","?","T","M","E","M","E","M","R","BOSS","M","M","?","$","M","E","M","E","T","E","M","M","E","$","R","BOSS","M","?","M","?","?","E","?","M"],"items_purchased_type":["Relic","Relic","Card"],"build_version":"2020-12-22","purchased_purges":2,"victory":false,"max_hp_per_floor":[75,75,75,75,75,75,75,75,75,75,75,75,75,75,75,75,80,80,80,80,80,80,82,84,86,86,88,90,92,94,94,94,94,94,96,96,98,98,100,102,104,104,104],"relic_stats":{"Gremlin Horn":[20,21],"Happy Flower":[12],"Singing Bowl":24,"counters":[28,68],"Bag of Preparation":[22],"Ginger":[7],"MawBank":24,"Burning Blood":42,"TheAbacus":[1182],"Mummified Hand":[0],"Ornamental Fan":[80],"Turnip":[0],"obtain_stats":[{"Tiny House":17,"Gremlin Horn":9,"Happy Flower":13,"Singing Bowl":23,"Oddly Smooth Stone":41,"Bag of Preparation":26,"Ginger":7,"MawBank":40,"Burning Blood":0,"TheAbacus":31,"Mummified Hand":27,"Ornamental Fan":39,"Fusion Hammer":34,"Turnip":38,"Bag of Marbles":8,"InkBottle":11,"Toy Ornithopter":25,"TungstenRod":30},{"Tiny House":11,"Gremlin Horn":5,"Happy Flower":9,"Singing Bowl":15,"Oddly Smooth Stone":27,"Bag of Preparation":17,"Ginger":4,"MawBank":26,"Burning Blood":0,"TheAbacus":21,"Mummified Hand":18,"Ornamental Fan":25,"Fusion Hammer":22,"Turnip":24,"Bag of Marbles":5,"InkBottle":7,"Toy Ornithopter":17,"TungstenRod":21},{"Tiny House":40,"Gremlin Horn":21,"Happy Flower":32,"Singing Bowl":49,"Oddly Smooth Stone":67,"Bag of Preparation":52,"Ginger":13,"MawBank":66,"Burning Blood":0,"TheAbacus":59,"Mummified Hand":55,"Ornamental Fan":65,"Fusion Hammer":62,"Turnip":64,"Bag of Marbles":21,"InkBottle":25,"Toy Ornithopter":52,"TungstenRod":59}],"InkBottle":[48],"Toy Ornithopter":0,"TungstenRod":0},"card_choices":[{"not_picked":["Defragment","Skim"],"picked":"Reflex","floor":1},{"not_picked":["Flex","Dodge and Roll","Blood for Blood"],"picked":"SKIP","floor":2},{"not_picked":["Evaluate","Perfected Strike","Doom and Gloom"],"picked":"SKIP","floor":4},{"not_picked":["Perfected Strike","Blur","Skim"],"picked":"SKIP","floor":7},{"not_picked":["BowlingBash","WheelKick","Infernal Blade"],"picked":"SKIP","floor":8},{"not_picked":["Catalyst","Cleave","Hologram"],"picked":"SKIP","floor":10},{"not_picked":["Outmaneuver","Cold Snap","Havoc"],"picked":"SKIP","floor":11},{"not_picked":["Quick Slash","Cloak And Dagger","Intimidate"],"picked":"SKIP","floor":12},{"not_picked":["Establishment","Leap","Heatsinks"],"picked":"SKIP","floor":13},{"not_picked":["Caltrops","Wild Strike","Flex"],"picked":"SKIP","floor":14},{"not_picked":["Vengeance","Skewer","CutThroughFate"],"picked":"SKIP","floor":18},{"not_picked":["Wild Strike","Echo Form","Skim"],"picked":"SKIP","floor":19},{"not_picked":["Evaluate","Gash","Accuracy"],"picked":"SKIP","floor":22},{"not_picked":["Perfected Strike","Reprogram","Streamline"],"picked":"Singing Bowl","floor":23},{"not_picked":["JustLucky","Anger+1","Phantasmal Killer"],"picked":"Singing Bowl","floor":24},{"not_picked":["Coolheaded","FlyingSleeves","Havoc+1"],"picked":"Singing Bowl","floor":25},{"not_picked":["Crescendo","Pommel Strike","Devotion"],"picked":"Singing Bowl","floor":27},{"not_picked":["Combust","Sentinel","Bane"],"picked":"Singing Bowl","floor":28},{"not_picked":["Study","FollowUp","Leap"],"picked":"Singing Bowl","floor":29},{"not_picked":["Underhanded Strike","All For One","Intimidate+1"],"picked":"Singing Bowl","floor":30},{"not_picked":["Storm of Steel","Venomology"],"picked":"Scrawl","floor":33},{"not_picked":["Sucker Punch","Sunder","Wild Strike"],"picked":"Singing Bowl","floor":35},{"not_picked":["Warcry","Consecrate","Choke"],"picked":"Singing Bowl","floor":37},{"not_picked":["Flechettes+1","Perseverance","Predator"],"picked":"Singing Bowl","floor":39},{"not_picked":["Pray","Dagger Throw","Gash"],"picked":"Singing Bowl","floor":40},{"not_picked":["MentalFortress","Wild Strike","Doom and Gloom"],"picked":"Singing Bowl","floor":41}],"player_experience":1822107,"relics_obtained":[{"floor":7,"key":"Ginger"},{"floor":8,"key":"Bag of Marbles"},{"floor":9,"key":"Gremlin Horn"},{"floor":11,"key":"InkBottle"},{"floor":13,"key":"Happy Flower"},{"floor":23,"key":"Singing Bowl"},{"floor":25,"key":"Toy Ornithopter"},{"floor":26,"key":"Bag of Preparation"},{"floor":27,"key":"Mummified Hand"},{"floor":30,"key":"TungstenRod"},{"floor":39,"key":"Ornamental Fan"},{"floor":40,"key":"MawBank"},{"floor":41,"key":"Oddly Smooth Stone"}],"event_choices":[{"damage_healed":0,"gold_gain":0,"player_choice":"Upgraded","damage_taken":0,"max_hp_gain":0,"max_hp_loss":0,"event_name":"Upgrade Shrine","floor":5,"gold_loss":0,"cards_upgraded":["Genetic Algorithm"]},{"cards_removed":["Skewer"],"damage_healed":0,"gold_gain":0,"player_choice":"Elegance","damage_taken":0,"max_hp_gain":0,"max_hp_loss":0,"event_name":"Back to Basics","floor":20,"gold_loss":0},{"cards_removed":["Wallop"],"damage_healed":0,"gold_gain":0,"player_choice":"Removed Attack","damage_taken":0,"max_hp_gain":0,"max_hp_loss":0,"event_name":"Falling","floor":36,"gold_loss":0}],"is_beta":false,"boss_relics":[{"not_picked":["Velvet Choker","Runic Cube"],"picked":"Tiny House"},{"not_picked":["SacredBark","Sozu"],"picked":"Fusion Hammer"}],"items_purged_floors":[3,31],"is_endless":false,"potions_floor_spawned":[2,7,11,12,22,25,28,29,35,37],"killed_by":"Writhing Mass","ascension_level":20}}