{"host":"TheShotgunBoss","time":1611254750,"event":{"mods":["AchievementEnabler","Always Whale","Aspiration","BaseMod","Beaked The Cultist","Colored Map","Colored Powertips","Colorless Booster Pack","Conspire","Downfall","Energized Spire","FetchMod","GifTheSpireLib","Halation","Hubris","Infinite Spire","Jedi Mod","Minty Spire (QoL Compilation)","Poor People Problems","Quick Restart","RNG!","Relic Sorter","SacredBarkPlus","Shop Mod","Spikes Relics","StSLib","Stuff the Spire","The Blue Laboratory","The Construct","Uncapped","Unceasing Turn Reminder","everything is the same but u backflip on backflip","vexMod","??????REMEMod"],"gold_per_floor":[99,118,118,118,28,28,28,40,40,69,81,81,108,127,139,264,264,264,274,293,293,293,93,93,125,125,140,165,177,77,90,108,209,209,209,228,245,245,245,245,245,245],"floor_reached":40,"language":"ENG","playtime":1786,"items_purged":["Slimebound:Strike_Slimebound"],"score":720,"play_id":"4e63db07-540c-4be0-87a5-63ead8490721","local_time":"20210121134550","is_ascension_mode":true,"campfire_choices":[{"data":"Slimebound:CheckThePlaybook","floor":1,"key":"SMITH"},{"data":"Slimebound:BestDefense","floor":9,"key":"SMITH"},{"floor":12,"key":"REST"},{"floor":18,"key":"RECALL"},{"data":"infinitespire:FutureSight","floor":23,"key":"SMITH"},{"data":"Slimebound:SlimeSpikes","floor":30,"key":"SMITH"},{"data":"Slimebound:SlimeSpikes","floor":35,"key":"SMITH"}],"circlet_count":0,"master_deck":["Slimebound:Tackle","Slimebound:Defend_Slimebound","Slimebound:Defend_Slimebound","Slimebound:Defend_Slimebound","Slimebound:Defend_Slimebound","Slimebound:Split","Slimebound:CorrosiveSpit","Slimebound:CheckThePlaybook+1","Slimebound:BestDefense+1","infinitespire:FutureSight+1","Slimebound:SlimeSpikes+1","Slimebound:SlimeSpikes+1","Slimebound:GoopTackle","Slimebound:GoopSpray","Slimebound:SlimeSpikes","Slimebound:Tackle+1","Slimebound:Tackle+1","Slimebound:Tackle+1","Slimebound:SlimeSpikes"],"relics":["Slimebound:AbsorbEndCombat","vexMod:BigBerry","REME_ComplimentaryCards","conspire:BottledYoYo","infinitespire:FocusingShard","aspiration:ChemicalBlood","MutagenicStrength","downfall:HeartBlessingRed","downfall:HeartBlessingGreen","Anchor","StuffTheSpire:Nightcore","downfall:HeartBlessingBlue","Runic Dome","halation:PinkSoulGem"],"acts_visited":["Exordium","TheCity","TheBeyond"],"potions_floor_usage":[16,16,19,33,33,40,40,40],"damage_taken":[{"damage":8,"enemies":"Small Slimes","floor":2,"turns":4},{"damage":16,"enemies":"downfall:FleeingMerchant","floor":5,"turns":4},{"damage":0,"enemies":"2 Louse","floor":8,"turns":2},{"damage":12,"enemies":"3 Sentries","floor":10,"turns":6},{"damage":18,"enemies":"infinitespire:Voidling","floor":11,"turns":6},{"damage":13,"enemies":"Gremlin Nob","floor":13,"turns":2},{"damage":6,"enemies":"Large Slime","floor":14,"turns":6},{"damage":0,"enemies":"2 Fungi Beasts","floor":15,"turns":4},{"damage":18,"enemies":"SI_SHIV_ARCHETYPE","floor":16,"turns":7},{"damage":6,"enemies":"Spheric Guardian","floor":19,"turns":3},{"damage":18,"enemies":"3 Cultists","floor":20,"turns":6},{"damage":4,"enemies":"Gremlin Leader","floor":25,"turns":3},{"damage":12,"enemies":"Shelled Parasite and Fungi","floor":27,"turns":4},{"damage":33,"enemies":"REME_1_Revenger","floor":28,"turns":5},{"damage":6,"enemies":"Centurion and Healer","floor":29,"turns":5},{"damage":11,"enemies":"Sentry and Sphere","floor":31,"turns":5},{"damage":3,"enemies":"Chosen and Byrds","floor":32,"turns":4},{"damage":13,"enemies":"WA_ARCHETYPE_CALM","floor":33,"turns":5},{"damage":5,"enemies":"3 Shapes","floor":36,"turns":3},{"damage":2,"enemies":"Orb Walker","floor":37,"turns":2},{"damage":109,"enemies":"beaked:SuperParasite","floor":40,"turns":9}],"seed_played":"-7769111704767896160","potions_obtained":[{"floor":2,"key":"blueLaboratory:NullPotion"},{"floor":11,"key":"Slimebound:ThreeZeroPotion"},{"floor":14,"key":"blueLaboratory:BubblePotion"},{"floor":16,"key":"jedi:wingpotion"},{"floor":20,"key":"hexamod:SoulburnPotion"},{"floor":27,"key":"BlessingOfTheForge"},{"floor":29,"key":"champ:CounterPotion"},{"floor":31,"key":"DuplicationPotion"},{"floor":33,"key":"EntropicBrew"},{"floor":37,"key":"blueLaboratory:RememoryPotion"},{"floor":40,"key":"blueLaboratory:ImpenetrablePotion"}],"is_trial":false,"path_per_floor":["R","M","?","?","$","?","T","M","R","E","M","R","E","M","M","B",null,"R","M","M","?","?","R","T","E","?","M","E","M","R","M","M","B",null,"R","M","M","?","?","E"],"character_chosen":"SLIMEBOUND","items_purchased":[],"campfire_rested":1,"item_purchase_floors":[],"current_hp_per_floor":[65,61,61,45,35,35,35,35,35,23,27,46,33,31,35,25,95,95,91,81,81,81,81,81,83,83,75,46,48,58,49,48,39,105,105,102,100,100,100,0,0,0],"gold":245,"neow_bonus":"ONE_RANDOM_RARE_CARD","is_daily":false,"chose_seed":false,"campfire_upgraded":5,"win_rate":0.0,"timestamp":1611254750,"path_taken":["R","M","?","?","$","?","T","?","R","E","M","R","E","M","M","BOSS","R","M","M","?","?","R","T","E","?","M","E","M","R","M","M","BOSS","R","M","M","?","?","E"],"items_purchased_type":[],"build_version":"2020-12-18","purchased_purges":1,"victory":false,"max_hp_per_floor":[65,65,65,65,65,65,65,65,65,65,65,65,65,65,65,65,95,95,95,95,95,95,95,95,95,95,95,95,95,105,105,105,105,105,105,105,105,105,105,105,105,105],"card_choices":[{"not_picked":["Slimebound:SlimeTap","Slimebound:SplitBruiser"],"picked":"Slimebound:BestDefense","floor":2},{"not_picked":["infinitespire:SealOfDarkness+","infinitespire:NeuralNetwork"],"picked":"infinitespire:FutureSight","floor":4},{"not_picked":["Slimebound:Prepare","Slimebound:LeechingTouch"],"picked":"Slimebound:SlimeSpikes","floor":5},{"not_picked":["Slimebound:FinishingTackle","Slimebound:MegaLick"],"picked":"Slimebound:SlimeSpikes","floor":8},{"not_picked":["Slimebound:SlimeTap","Slimebound:FinishingTackle","Slimebound:Recollect"],"picked":"SKIP","floor":10},{"not_picked":["Slimebound:Repurpose","Slimebound:SlimeSpikes"],"picked":"Slimebound:GoopTackle","floor":11},{"not_picked":["Slimebound:Replication","Slimebound:Gluttony","Slimebound:ComboTackle"],"picked":"SKIP","floor":13},{"not_picked":["Slimebound:FinishingTackle","Slimebound:LeechEnergy"],"picked":"Slimebound:GoopSpray","floor":14},{"not_picked":["Slimebound:BestDefense","Slimebound:SplitAcid"],"picked":"Slimebound:SlimeSpikes","floor":15},{"not_picked":["Slimebound:RejuvenatingLick+1","Slimebound:GrowthPunch","Slimebound:LeechingTouch"],"picked":"SKIP","floor":19},{"not_picked":["Slimebound:TongueLash+1","Slimebound:ItLooksTasty+1","Slimebound:FinishingTackle+1"],"picked":"SKIP","floor":20},{"not_picked":["Slimebound:GrowthPunch+1","Slimebound:FirmFortitude","Slimebound:ComboTackle"],"picked":"SKIP","floor":25},{"not_picked":["Slimebound:SlimeBrawl+1","Slimebound:ItLooksTasty","Slimebound:SplitAcid"],"picked":"SKIP","floor":27},{"not_picked":["Slimebound:LivingWall","Slimebound:PressTheAttack"],"picked":"Slimebound:SlimeSpikes","floor":28},{"not_picked":["Slimebound:LeechingTouch+1","Slimebound:Dissolve+1","Slimebound:SplitLeeching"],"picked":"SKIP","floor":29},{"not_picked":["Slimebound:SplitAcid","Slimebound:SlimeBarrage","Slimebound:GrowthPunch"],"picked":"SKIP","floor":31},{"not_picked":["Slimebound:ProtectTheBoss","Slimebound:FinishingTackle","Slimebound:LeechEnergy"],"picked":"SKIP","floor":32},{"not_picked":["Slimebound:LivingWall","Slimebound:PressTheAttack+1","Slimebound:SplitLeeching"],"picked":"SKIP","floor":36},{"not_picked":["Slimebound:Prepare+1","Slimebound:HungryTackle","Slimebound:Teamwork"],"picked":"SKIP","floor":37}],"player_experience":278931,"relics_obtained":[{"floor":7,"key":"conspire:BottledYoYo"},{"floor":10,"key":"infinitespire:FocusingShard"},{"floor":13,"key":"aspiration:ChemicalBlood"},{"floor":25,"key":"Anchor"},{"floor":28,"key":"StuffTheSpire:Nightcore"}],"event_choices":[{"damage_healed":0,"gold_gain":0,"player_choice":"Inject Mutagens","damage_taken":0,"relics_obtained":["MutagenicStrength"],"max_hp_gain":0,"max_hp_loss":0,"event_name":"Drug Dealer","floor":22,"gold_loss":0},{"damage_healed":0,"gold_gain":0,"player_choice":"Leave","damage_taken":0,"max_hp_gain":0,"max_hp_loss":0,"event_name":"conspire:Investor","floor":38,"gold_loss":0}],"is_beta":true,"boss_relics":[{"not_picked":["Tiny House","aspiration:RitualDagger"],"picked":"vexMod:BigBerry"},{"not_picked":["halation:PlatinumPhoenix","energizedSpire:MagnifyingGlass"],"picked":"Runic Dome"}],"items_purged_floors":[5],"is_endless":false,"potions_floor_spawned":[2,11,14,15,16,20,27,29,32,33,37],"killed_by":"beaked:SuperParasite","ascension_level":2}}