{"host":"nnxvcju6x1qybncj","time":1611240275,"event":{"mods":["BaseMod","Block Reminder","Curses Come First","Custom Start","Dark Map","Displayed Cursed Tome","Downfall","Evolution","Jorbs\u0027s Wanderer Trilogy","Minty Spire (QoL Compilation)","Quick Restart","Relic Stats","StSLib"],"gold_per_floor":[118,118,8,19,35,35,63,63,111,111,111,19,31,49,49,122,122,141,141,141],"floor_reached":19,"language":"ENG","playtime":841,"items_purged":[],"score":276,"play_id":"0c5405ea-ea1d-4a92-a7a4-af4ca148ab53","local_time":"20210121154435","is_ascension_mode":true,"campfire_choices":[{"data":"Accuracy","floor":6,"key":"SMITH"},{"data":"Cloak And Dagger","floor":10,"key":"SMITH"},{"data":"Accuracy","floor":15,"key":"SMITH"}],"circlet_count":0,"master_deck":["AscendersBane","Dagger Spray","Flying Knee","Dagger Spray","Defend_G","Defend_G","Defend_G","Defend_G","Defend_G","Survivor","Neutralize","CurseOfTheBell","Riddle With Holes","Accuracy+1","Blur","Blade Dance","Cloak And Dagger+1","Dash","Deadly Poison","Dark Shackles","Malaise","Accuracy+1","Bullet Time","PiercingWail"],"relics":["EVO:Axolotl","Calling Bell","Blood Vial","Gremlin Horn","Bird Faced Urn","Boot","Snake Skull","Sozu"],"acts_visited":["Exordium","TheCity"],"potions_floor_usage":[7,16],"damage_taken":[{"damage":0,"enemies":"Small Slimes","floor":1,"turns":3},{"damage":1,"enemies":"Cultist","floor":4,"turns":5},{"damage":2,"enemies":"Jaw Worm","floor":5,"turns":3},{"damage":10,"enemies":"Lagavulin","floor":7,"turns":8},{"damage":17,"enemies":"Exordium Thugs","floor":13,"turns":3},{"damage":15,"enemies":"Exordium Wildlife","floor":14,"turns":4},{"damage":11,"enemies":"Hexaghost","floor":16,"turns":9},{"damage":36,"enemies":"Spheric Guardian","floor":18,"turns":6},{"damage":37,"enemies":"Masked Bandits","floor":19,"turns":3}],"seed_played":"3952911028800829336","potions_obtained":[{"floor":4,"key":"EssenceOfSteel"},{"floor":14,"key":"Poison Potion"}],"is_trial":false,"path_per_floor":["M","?","$","M","M","R","E","?","T","R","?","$","M","M","R","B",null,"M","?"],"character_chosen":"THE_SILENT","items_purchased":["Accuracy","Blur","Dark Shackles"],"campfire_rested":0,"item_purchase_floors":[3,3,12],"current_hp_per_floor":[65,70,70,69,70,70,60,60,60,60,60,60,47,36,36,31,60,30,0,0],"gold":141,"neow_bonus":"BOSS_RELIC","is_daily":false,"chose_seed":false,"campfire_upgraded":3,"win_rate":0.0,"timestamp":1611240275,"path_taken":["M","?","$","?","M","R","E","?","T","R","?","$","M","?","R","BOSS","M","?"],"items_purchased_type":["Card","Card","Card"],"build_version":"2020-12-22","purchased_purges":0,"victory":false,"max_hp_per_floor":[70,70,70,70,70,70,70,70,70,70,70,70,70,70,70,70,70,70,70,70],"relic_stats":{"Blood Vial":13,"Sozu":0,"Gremlin Horn":[2,2],"counters":[9,44],"Bird Faced Urn":[18],"Snake Skull":[5],"Boot":[51],"obtain_stats":[{"Calling Bell":0,"Blood Vial":0,"Sozu":17,"Gremlin Horn":0,"Bird Faced Urn":0,"Snake Skull":9,"EVO:Axolotl":0,"Boot":7,"Ring of the Snake":0},{"Calling Bell":0,"Blood Vial":0,"Sozu":7,"Gremlin Horn":0,"Bird Faced Urn":0,"Snake Skull":4,"EVO:Axolotl":0,"Boot":4,"Ring of the Snake":0},{"Calling Bell":0,"Blood Vial":0,"Sozu":35,"Gremlin Horn":0,"Bird Faced Urn":0,"Snake Skull":19,"EVO:Axolotl":0,"Boot":19,"Ring of the Snake":0}]},"card_choices":[{"not_picked":["Masterful Stab","Sucker Punch"],"picked":"Riddle With Holes","floor":1},{"not_picked":["Cloak And Dagger","Expertise"],"picked":"Blade Dance","floor":4},{"not_picked":["Dagger Spray","Quick Slash"],"picked":"Cloak And Dagger","floor":5},{"not_picked":["Outmaneuver","Heel Hook"],"picked":"Dash","floor":7},{"not_picked":["Underhanded Strike","Dagger Spray"],"picked":"Malaise","floor":13},{"not_picked":["PiercingWail","Terror"],"picked":"Accuracy","floor":14},{"not_picked":["Phantasmal Killer","Venomology"],"picked":"Bullet Time","floor":16},{"not_picked":["Flying Knee","Dodge and Roll"],"picked":"PiercingWail","floor":18}],"player_experience":698683,"relics_obtained":[{"floor":0,"key":"Blood Vial"},{"floor":0,"key":"Gremlin Horn"},{"floor":0,"key":"Bird Faced Urn"},{"floor":7,"key":"Boot"},{"floor":9,"key":"Snake Skull"}],"event_choices":[{"cards_removed":["Dagger Spray"],"damage_healed":5,"gold_gain":0,"player_choice":"Offered Common","damage_taken":0,"max_hp_gain":0,"max_hp_loss":0,"event_name":"Bonfire Elementals","floor":2,"gold_loss":0},{"cards_removed":["Dagger Spray"],"damage_healed":5,"gold_gain":0,"player_choice":"Offered Special","damage_taken":0,"max_hp_gain":0,"max_hp_loss":0,"event_name":"Bonfire Elementals","floor":2,"gold_loss":0},{"damage_healed":0,"gold_gain":0,"player_choice":"Ignored","damage_taken":0,"max_hp_gain":0,"max_hp_loss":0,"event_name":"Liars Game","floor":8,"gold_loss":0},{"damage_healed":0,"gold_gain":0,"cards_transformed":["Flying Knee"],"player_choice":"Transformed","damage_taken":0,"max_hp_gain":0,"max_hp_loss":0,"event_name":"Transmorgrifier","floor":11,"gold_loss":0,"cards_obtained":["Deadly Poison"]},{"damage_healed":0,"gold_gain":0,"player_choice":"Fought Bandits","damage_taken":0,"max_hp_gain":0,"max_hp_loss":0,"event_name":"Masked Bandits","floor":19,"gold_loss":0}],"is_beta":false,"boss_relics":[{"not_picked":["Fusion Hammer","Coffee Dripper"],"picked":"Sozu"}],"items_purged_floors":[],"is_endless":false,"potions_floor_spawned":[4,14],"killed_by":"Masked Bandits","ascension_level":13}}