{"host":"daa8jqyg4gqfaysm","time":1611253503,"event":{"mods":["BaseMod","Colored Powertips","Minty Spire (QoL Compilation)","StSLib"],"gold_per_floor":[109,19,39,39,56,56,75,75,75,75,90,125,125,158,158,261,261,271,40,60,79,90,121,121,121,146,146,163,197,197,229,229,328,328,344,42,53,67,120,120,152,152,227,261,279,259,294,308,308,308,308,308,2,36,36,36],"floor_reached":55,"language":"ENG","playtime":3544,"items_purged":["Strike_P","Strike_P"],"score":1155,"play_id":"afa018f8-f9d0-422c-b4c2-4d1423fc5827","local_time":"20210122022503","is_ascension_mode":true,"campfire_choices":[{"data":"TalkToTheHand","floor":6,"key":"SMITH"},{"data":"SignatureMove","floor":8,"key":"SMITH"},{"data":"ThirdEye","floor":10,"key":"SMITH"},{"data":"CutThroughFate","floor":13,"key":"SMITH"},{"data":"Vigilance","floor":15,"key":"SMITH"},{"floor":25,"key":"REST"},{"floor":27,"key":"RECALL"},{"floor":30,"key":"REST"},{"floor":32,"key":"REST"},{"floor":40,"key":"REST"},{"floor":42,"key":"REST"},{"floor":49,"key":"REST"},{"floor":52,"key":"REST"}],"circlet_count":0,"master_deck":["Strike_P","Strike_P","Defend_P+1","Defend_P+1","Defend_P","Defend_P","Eruption","Vigilance+1","CrushJoints+1","TalkToTheHand+1","ThirdEye+1","CutThroughFate+1","Crescendo","SignatureMove+1","EmptyBody+1","JustLucky","DeusExMachina+1","ClearTheMind","Conclude","Nirvana","SpiritShield","FollowUp","Evaluate","JustLucky","ThirdEye","LessonLearned","CurseOfTheBell","EmptyBody+1","EmptyFist+1","LikeWater+1","TalkToTheHand","Wallop+1"],"relics":["Runic Pyramid","Sundial","Meat on the Bone","Incense Burner","Fusion Hammer","Prayer Wheel","Orichalcum","Bag of Marbles","Happy Flower","Calling Bell","Regal Pillow","Gremlin Horn","FossilizedHelix","War Paint","Centennial Puzzle","CaptainsWheel","Du-Vu Doll","PreservedInsect","Art of War","Bronze Scales","TeardropLocket"],"acts_visited":["Exordium","TheCity","TheBeyond","TheEnding"],"potions_floor_usage":[7,16,16,21,29,29,39,44,47,50,50,55,55],"damage_taken":[{"damage":0,"enemies":"Cultist","floor":1,"turns":3},{"damage":0,"enemies":"Small Slimes","floor":3,"turns":4},{"damage":0,"enemies":"2 Louse","floor":5,"turns":3},{"damage":23,"enemies":"Gremlin Gang","floor":7,"turns":5},{"damage":2,"enemies":"Exordium Thugs","floor":11,"turns":4},{"damage":11,"enemies":"3 Sentries","floor":12,"turns":7},{"damage":16,"enemies":"Lagavulin","floor":14,"turns":4},{"damage":19,"enemies":"Slime Boss","floor":16,"turns":6},{"damage":16,"enemies":"2 Thieves","floor":18,"turns":3},{"damage":0,"enemies":"Spheric Guardian","floor":20,"turns":3},{"damage":9,"enemies":"Snake Plant","floor":21,"turns":4},{"damage":2,"enemies":"Snecko","floor":22,"turns":5},{"damage":15,"enemies":"Book of Stabbing","floor":23,"turns":4},{"damage":8,"enemies":"Centurion and Healer","floor":28,"turns":10},{"damage":13,"enemies":"Gremlin Leader","floor":29,"turns":5},{"damage":17,"enemies":"Slavers","floor":31,"turns":3},{"damage":38,"enemies":"Champ","floor":33,"turns":11},{"damage":37,"enemies":"3 Darklings","floor":35,"turns":6},{"damage":0,"enemies":"Orb Walker","floor":37,"turns":2},{"damage":9,"enemies":"4 Shapes","floor":38,"turns":6},{"damage":15,"enemies":"2 Orb Walkers","floor":39,"turns":5},{"damage":2,"enemies":"Nemesis","floor":41,"turns":9},{"damage":11,"enemies":"Giant Head","floor":44,"turns":9},{"damage":19,"enemies":"Writhing Mass","floor":45,"turns":7},{"damage":0,"enemies":"Nemesis","floor":47,"turns":3},{"damage":1,"enemies":"Transient","floor":48,"turns":5},{"damage":42,"enemies":"Awakened One","floor":50,"turns":24},{"damage":12,"enemies":"Shield and Spear","floor":54,"turns":6},{"damage":65,"enemies":"The Heart","floor":55,"turns":9}],"seed_played":"-5434683624638026513","potions_obtained":[{"floor":3,"key":"Weak Potion"},{"floor":7,"key":"Fire Potion"},{"floor":14,"key":"Fire Potion"},{"floor":18,"key":"Ancient Potion"},{"floor":20,"key":"FearPotion"},{"floor":23,"key":"SneckoOil"},{"floor":24,"key":"Swift Potion"},{"floor":35,"key":"FearPotion"},{"floor":38,"key":"GamblersBrew"},{"floor":41,"key":"AttackPotion"},{"floor":44,"key":"LiquidMemories"},{"floor":47,"key":"Ancient Potion"}],"is_trial":false,"path_per_floor":["M","$","M","?","M","R","M","R","T","R","M","E","R","E","R","B",null,"M","$","M","M","M","E","?","R","T","R","M","E","R","E","R","B",null,"M","$","M","M","?","R","E","R","T","E","M","?","E","M","R","B",null,"R","$","E","B"],"character_chosen":"WATCHER","items_purchased":["TalkToTheHand","ThirdEye","Conclude","SkillPotion","Nirvana","War Paint","Centennial Puzzle","Strength Potion","Bronze Scales"],"campfire_rested":7,"item_purchase_floors":[2,2,19,19,19,36,36,53,53],"current_hp_per_floor":[65,65,65,65,65,65,42,42,42,42,40,29,29,25,25,18,59,43,43,43,46,44,41,41,62,62,62,54,41,62,45,66,40,64,39,39,39,42,39,72,70,72,72,61,42,42,42,41,72,42,65,72,72,60,0,0],"gold":36,"neow_bonus":"BOSS_RELIC","is_daily":false,"chose_seed":false,"campfire_upgraded":5,"win_rate":0.0,"timestamp":1611253503,"path_taken":["M","?","?","?","M","R","M","R","T","R","M","E","R","E","R","BOSS","M","$","M","M","M","E","?","R","T","R","M","E","R","E","R","BOSS","M","$","M","M","?","R","E","R","T","E","M","?","E","M","R","BOSS","R","$","E","BOSS"],"items_purchased_type":["Card","Card","Card","Potion","Card","Relic","Relic","Potion","Relic"],"build_version":"2020-12-22","purchased_purges":2,"victory":false,"max_hp_per_floor":[72,72,72,72,72,72,72,72,72,72,72,72,72,72,72,72,72,72,72,72,72,72,72,72,72,72,72,72,72,72,72,72,72,72,72,72,72,72,72,72,72,72,72,72,72,72,72,72,72,72,72,72,72,72,72,72],"card_choices":[{"not_picked":["PathToVictory","MentalFortress"],"picked":"CrushJoints","floor":1},{"not_picked":["WindmillStrike","MentalFortress"],"picked":"CutThroughFate","floor":3},{"not_picked":["CutThroughFate","Judgement"],"picked":"Crescendo","floor":5},{"not_picked":["ReachHeaven","MentalFortress"],"picked":"SignatureMove","floor":7},{"not_picked":["PathToVictory","Evaluate"],"picked":"EmptyBody","floor":11},{"not_picked":["SignatureMove","MasterReality"],"picked":"JustLucky","floor":12},{"not_picked":["Crescendo","Indignation","Protect"],"picked":"SKIP","floor":14},{"not_picked":["MasterReality","Brilliance"],"picked":"DeusExMachina","floor":16},{"not_picked":["FlyingSleeves","Consecrate"],"picked":"ClearTheMind","floor":18},{"not_picked":["CrushJoints","FlyingSleeves"],"picked":"SpiritShield","floor":20},{"not_picked":["FlurryOfBlows","ClearTheMind"],"picked":"FollowUp","floor":21},{"not_picked":["Halt","SandsOfTime","BowlingBash"],"picked":"SKIP","floor":22},{"not_picked":["BattleHymn","ClearTheMind","ReachHeaven"],"picked":"SKIP","floor":23},{"not_picked":["Perseverance","JustLucky"],"picked":"Evaluate","floor":28},{"not_picked":["FollowUp","PathToVictory+1"],"picked":"JustLucky","floor":28},{"not_picked":["Protect","WindmillStrike+1"],"picked":"ThirdEye","floor":29},{"not_picked":["Prostrate+1","PathToVictory+1","Study"],"picked":"SKIP","floor":31},{"not_picked":["Prostrate+1","PathToVictory+1","Study"],"picked":"SKIP","floor":31},{"not_picked":["Scrawl","Omniscience"],"picked":"LessonLearned","floor":33},{"not_picked":["WaveOfTheHand+1","FollowUp"],"picked":"EmptyBody+1","floor":35},{"not_picked":["Perseverance","Halt","Prostrate+1"],"picked":"SKIP","floor":35},{"not_picked":["FlyingSleeves+1","FlurryOfBlows+1"],"picked":"EmptyFist+1","floor":37},{"not_picked":["FollowUp+1","CrushJoints","Wallop"],"picked":"SKIP","floor":37},{"not_picked":["FlurryOfBlows","Tantrum"],"picked":"LikeWater+1","floor":38},{"not_picked":["ForeignInfluence+1","Weave+1","Vault"],"picked":"SKIP","floor":38},{"not_picked":["WreathOfFlame","Study+1","Collect+1"],"picked":"SKIP","floor":41},{"not_picked":["Prostrate","WaveOfTheHand"],"picked":"TalkToTheHand","floor":44},{"not_picked":["Vengeance+1","CrushJoints","FlyingSleeves+1"],"picked":"SKIP","floor":45},{"not_picked":["Fasting2","Protect+1","ClearTheMind"],"picked":"SKIP","floor":45},{"not_picked":["BowlingBash","Fasting2","MentalFortress+1"],"picked":"SKIP","floor":47},{"not_picked":["Brilliance","FlyingSleeves+1"],"picked":"Wallop+1","floor":48},{"not_picked":["Sanctity+1","Weave","BowlingBash"],"picked":"SKIP","floor":48},{"not_picked":["Weave+1","ForeignInfluence+1","BowlingBash"],"picked":"SKIP","floor":54}],"player_experience":848307,"relics_obtained":[{"floor":9,"key":"Sundial"},{"floor":12,"key":"Meat on the Bone"},{"floor":14,"key":"Incense Burner"},{"floor":23,"key":"Prayer Wheel"},{"floor":26,"key":"Orichalcum"},{"floor":29,"key":"Bag of Marbles"},{"floor":31,"key":"Happy Flower"},{"floor":34,"key":"Regal Pillow"},{"floor":34,"key":"Gremlin Horn"},{"floor":34,"key":"FossilizedHelix"},{"floor":39,"key":"CaptainsWheel"},{"floor":41,"key":"Du-Vu Doll"},{"floor":44,"key":"PreservedInsect"},{"floor":47,"key":"Art of War"},{"floor":54,"key":"TeardropLocket"}],"event_choices":[{"damage_healed":0,"gold_gain":0,"player_choice":"Upgraded","damage_taken":0,"max_hp_gain":0,"max_hp_loss":0,"event_name":"Upgrade Shrine","floor":4,"gold_loss":0,"cards_upgraded":["CrushJoints"]},{"damage_healed":0,"gold_gain":0,"player_choice":"Got Potions","damage_taken":0,"max_hp_gain":0,"max_hp_loss":0,"event_name":"Lab","floor":24,"gold_loss":0},{"damage_healed":0,"gold_gain":0,"player_choice":"Fight","damage_taken":0,"max_hp_gain":0,"max_hp_loss":0,"event_name":"Mysterious Sphere","floor":39,"gold_loss":0},{"damage_healed":0,"gold_gain":0,"player_choice":"Bought 1 Potion","damage_taken":0,"max_hp_gain":0,"max_hp_loss":0,"event_name":"The Woman in Blue","floor":46,"gold_loss":0}],"is_beta":false,"boss_relics":[{"not_picked":["Tiny House","Busted Crown"],"picked":"Fusion Hammer"},{"not_picked":["Velvet Choker","VioletLotus"],"picked":"Calling Bell"}],"items_purged_floors":[19,53],"is_endless":false,"potions_floor_spawned":[3,7,14,18,20,23,28,35,38,41,44,47,48],"killed_by":"The Heart","ascension_level":8}}