{"host":"mi9s3oixpfie23oh","time":1611218664,"event":{"mods":["AchievementEnabler","BaseMod","DeckTracker","Minty Spire (QoL Compilation)","Permanent Neow","Quick Restart","StSLib"],"gold_per_floor":[119,131,143,163,88,88,104,104,159,171,230,230,261,261,261,362,362,377,406,420,437,365,396,396,486,486,486,41,41,41,60,60,60,60],"floor_reached":33,"language":"ENG","playtime":1775,"items_purged":["Strike_G"],"score":348,"play_id":"b5cbb0e6-d069-4c22-bedb-f587a31663ec","local_time":"20210121104424","is_ascension_mode":true,"campfire_choices":[{"data":"Neutralize","floor":6.0,"key":"SMITH"},{"data":"Dagger Spray","floor":8.0,"key":"SMITH"},{"data":"Deadly Poison","floor":15.0,"key":"SMITH"},{"data":"Deadly Poison","floor":24.0,"key":"SMITH"},{"floor":27.0,"key":"REST"},{"data":"Bullet Time","floor":29.0,"key":"SMITH"},{"floor":32.0,"key":"REST"}],"circlet_count":0,"master_deck":["Strike_G","Strike_G+1","Defend_G+1","Defend_G+1","Defend_G","Defend_G","Defend_G+1","Survivor","Neutralize+1","Bane+1","Backstab","Poisoned Stab+1","Dagger Spray+1","Backstab","All Out Attack+1","Deadly Poison+1","Bullet Time+1","Deadly Poison+1","Escape Plan","Poisoned Stab","Deadly Poison+1","Expertise","Corpse Explosion","Blur"],"relics":["Ring of the Snake","War Paint","Whetstone","Question Card","Juzu Bracelet","Empty Cage","Red Mask","Smiling Mask","Bottled Flame","Gremlin Horn","Boot"],"acts_visited":["Exordium","TheCity"],"potions_floor_usage":[],"damage_taken":[{"damage":1.0,"enemies":"Jaw Worm","floor":1.0,"turns":4.0},{"damage":0.0,"enemies":"2 Louse","floor":2.0,"turns":3.0},{"damage":0.0,"enemies":"Small Slimes","floor":3.0,"turns":3.0},{"damage":3.0,"enemies":"Blue Slaver","floor":4.0,"turns":4.0},{"damage":0.0,"enemies":"Large Slime","floor":7.0,"turns":5.0},{"damage":0.0,"enemies":"Red Slaver","floor":10.0,"turns":3.0},{"damage":9.0,"enemies":"Lagavulin Event","floor":11.0,"turns":5.0},{"damage":0.0,"enemies":"Gremlin Nob","floor":13.0,"turns":2.0},{"damage":30.0,"enemies":"The Guardian","floor":16.0,"turns":8.0},{"damage":10.0,"enemies":"Spheric Guardian","floor":18.0,"turns":4.0},{"damage":0.0,"enemies":"Masked Bandits","floor":19.0,"turns":2.0},{"damage":0.0,"enemies":"2 Thieves","floor":20.0,"turns":3.0},{"damage":2.0,"enemies":"Cultist and Chosen","floor":21.0,"turns":5.0},{"damage":4.0,"enemies":"Gremlin Leader","floor":23.0,"turns":7.0},{"damage":6.0,"enemies":"Centurion and Healer","floor":31.0,"turns":3.0},{"damage":72,"enemies":"Collector","floor":33,"turns":7}],"seed_played":"2549869515260939520","potions_obtained":[{"floor":2.0,"key":"Weak Potion"},{"floor":3.0,"key":"Energy Potion"},{"floor":4.0,"key":"Explosive Potion"},{"floor":18.0,"key":"BlessingOfTheForge"},{"floor":23.0,"key":"CunningPotion"}],"is_trial":false,"path_per_floor":["M","M","M","M","$","R","M","R","T","M","?","?","E","?","R","B",null,"M","?","M","M","$","E","R","?","T","R","$","R","?","M","R","B"],"character_chosen":"THE_SILENT","items_purchased":["Poisoned Stab","SpeedPotion","Gremlin Horn","Expertise","Boot"],"campfire_rested":2,"item_purchase_floors":[22,22,28,28,28],"current_hp_per_floor":[69,69,69,66,66,66,66,66,66,66,57,57,57,43,43,13,70,60,60,60,58,58,54,54,42,42,63,63,63,63,57,70,0,0],"gold":60,"neow_bonus":"RANDOM_COMMON_RELIC","is_daily":false,"chose_seed":false,"campfire_upgraded":5,"win_rate":0.0,"timestamp":1611218664,"path_taken":["M","M","M","M","$","R","M","R","T","M","?","?","E","?","R","BOSS","BOSS","M","?","M","M","$","E","R","?","T","R","$","R","?","M","R","BOSS"],"items_purchased_type":["Card","Potion","Relic","Card","Relic"],"build_version":"2020-12-22","purchased_purges":1,"victory":false,"max_hp_per_floor":[70,70,70,70,70,70,70,70,70,70,70,70,70,70,70,70,70,70,70,70,70,70,70,70,70,70,70,70,70,70,70,70,70,70],"card_choices":[{"not_picked":["Deflect","Riddle With Holes","Dash"],"picked":"SKIP","floor":1.0},{"not_picked":["Underhanded Strike","Slice"],"picked":"Bane","floor":2.0},{"not_picked":["Slice","Eviscerate"],"picked":"Backstab","floor":3.0},{"not_picked":["Deflect","Bane"],"picked":"Poisoned Stab","floor":4.0},{"not_picked":["Cloak And Dagger","Endless Agony"],"picked":"Dagger Spray","floor":7.0},{"not_picked":["Setup","Riddle With Holes"],"picked":"Backstab","floor":10.0},{"not_picked":["Flying Knee","Blade Dance"],"picked":"All Out Attack","floor":11.0},{"not_picked":["Infinite Blades","Caltrops","Calculated Gamble"],"picked":"Deadly Poison","floor":13.0},{"not_picked":["Unload","Storm of Steel","Envenom"],"picked":"Bullet Time","floor":16.0},{"not_picked":["Deflect","Dagger Throw","Eviscerate"],"picked":"Deadly Poison","floor":18.0},{"not_picked":["Sucker Punch","Skewer","Blade Dance+1"],"picked":"Escape Plan","floor":19.0},{"not_picked":["Caltrops","Flying Knee","Finisher","Outmaneuver"],"picked":"SKIP","floor":20.0},{"not_picked":["Blade Dance","Storm of Steel","Deflect+1","Prepared"],"picked":"SKIP","floor":21.0},{"not_picked":["Poisoned Stab","Flying Knee","Prepared"],"picked":"Deadly Poison+1","floor":23.0},{"not_picked":["Reflex+1","Outmaneuver","Distraction+1"],"picked":"Blur","floor":31.0}],"player_experience":336395,"relics_obtained":[{"floor":9.0,"key":"Whetstone"},{"floor":11.0,"key":"Question Card"},{"floor":13.0,"key":"Juzu Bracelet"},{"floor":19.0,"key":"Red Mask"},{"floor":23.0,"key":"Smiling Mask"},{"floor":26.0,"key":"Bottled Flame"}],"event_choices":[{"damage_healed":0.0,"max_hp_gain":0.0,"max_hp_loss":0.0,"gold_gain":30.0,"event_name":"Dead Adventurer","player_choice":"Searched \u00272\u0027 times","floor":11.0,"gold_loss":0.0,"damage_taken":0.0},{"damage_healed":0.0,"max_hp_gain":0.0,"max_hp_loss":0.0,"gold_gain":0.0,"event_name":"Living Wall","player_choice":"Grow","floor":12.0,"gold_loss":0.0,"damage_taken":0.0,"cards_upgraded":["All Out Attack"]},{"damage_healed":0.0,"max_hp_gain":0.0,"max_hp_loss":0.0,"gold_gain":0.0,"event_name":"Shining Light","player_choice":"Entered Light","floor":14.0,"gold_loss":0.0,"damage_taken":14.0,"cards_upgraded":["Bane","Defend_G"]},{"damage_healed":0.0,"max_hp_gain":0.0,"max_hp_loss":0.0,"gold_gain":0.0,"event_name":"Masked Bandits","player_choice":"Fought Bandits","floor":19.0,"gold_loss":0.0,"damage_taken":0.0},{"damage_healed":0.0,"max_hp_gain":0.0,"max_hp_loss":0.0,"gold_gain":90.0,"event_name":"Knowing Skull","player_choice":"GOLD ","floor":25.0,"potions_obtained":[],"gold_loss":0.0,"damage_taken":12.0,"cards_obtained":[]},{"damage_healed":0.0,"max_hp_gain":0.0,"max_hp_loss":0.0,"gold_gain":0.0,"event_name":"The Library","player_choice":"Read","floor":30.0,"gold_loss":0.0,"damage_taken":0.0,"cards_obtained":["Corpse Explosion"]}],"is_beta":false,"boss_relics":[{"not_picked":["Calling Bell","Fusion Hammer"],"picked":"Empty Cage"}],"items_purged_floors":[5],"is_endless":false,"potions_floor_spawned":[2,3,4,10,18,23],"killed_by":"Collector","ascension_level":4}}