{"host":"g61l9u03ah4b44ex","time":1611250402,"event":{"mods":["Aspiration","BaseMod","Better Altar","Better Match","Better Sensory Stone","Better Skull","Better Third Choice","Conspire","Downfall","Hubris","Minty Spire (QoL Compilation)","Robot Space Explorer","Spicy Shops","StSLib","The Marked","Waifu the Spire"],"gold_per_floor":[99,99,99,15,165,190,190,217,217,317,335,370,18,30,43,147,147,147,157,176,192,192,226,276,276,276,306,316,345,145,155,167,269,269,269,281,297,313,313,313,313,213,224,224,274,56,56,83,99,99,99,124,64,64,64,64],"floor_reached":57,"language":"ENG","playtime":4523,"items_purged":["downfall:Icky","bronze:Strike","bronze:Strike"],"score":1484,"play_id":"0000dcee-6a3d-41a8-9e84-6ee07577ec92","local_time":"20210122013322","is_ascension_mode":true,"campfire_choices":[{"data":"bronze:Replicate","floor":1.0,"key":"SMITH"},{"data":"bronze:Virus","floor":9.0,"key":"SMITH"},{"floor":18.0,"key":"RECALL"},{"floor":30,"key":"REST"},{"floor":35,"key":"REST"},{"floor":42,"key":"REST"},{"floor":47,"key":"REST"},{"floor":54,"key":"REST"}],"circlet_count":0,"master_deck":["bronze:Strike","bronze:Defend","bronze:Defend","bronze:Defend","bronze:Defend","bronze:Replicate+1","bronze:Goto","bronze:DelayedGuard","bronze:Constructor","bronze:Flail","bronze:Boost","bronze:Virus+1","bronze:CutThrough","bronze:Branch","bronze:ClassDefault","bronze:DelayedGuard","bronze:InfiniteBeams","bronze:Format","bronze:DelayedSlice","bronze:Shell","bronze:CloningBeam","bronze:Branch+1","bronze:ClassDefault","bronze:Constructor+1","bronze:Refactor","bronze:Iterate+1","bronze:Mutator","Evolve","Spot Weakness+1","bronze:Shield","Shrug It Off+1","bronze:BuggyMess+1","Shockwave+1","Battle Trance","bronze:OilSpill+1","bronze:InfiniteBeams"],"relics":["bronze:BronzeCore","downfall:HeartsMalice","Ancient Tea Set","conspire:TopHat","Mummified Hand","Potion Belt","aspiration:FetidBarrel","Fusion Hammer","Vajra","hubris:SlimyHat","Enchiridion","Regal Pillow","aspiration:StickyExplosives_weak","hubris:DeckOfHolding","downfall:HeartBlessingRed","downfall:HeartBlessingGreen","aspiration:IroncladSkillbook","hubris:Icosahedron","downfall:HeartBlessingBlue","hubris:Towel","FossilizedHelix","Bronze Scales","Guardian:PocketSentry","conspire:Dentures"],"acts_visited":["Exordium","TheCity","TheBeyond","TheEnding"],"potions_floor_usage":[33,33,45,50,56,56,56,56],"damage_taken":[{"damage":0.0,"enemies":"Small Slimes","floor":2.0,"turns":1.0},{"damage":0.0,"enemies":"downfall:FleeingMerchant","floor":4.0,"turns":1.0},{"damage":0.0,"enemies":"Lagavulin","floor":6.0,"turns":1.0},{"damage":0.0,"enemies":"3 Sentries","floor":8.0,"turns":5.0},{"damage":3.0,"enemies":"downfall:LadyInBlue","floor":10.0,"turns":5.0},{"damage":0.0,"enemies":"2 Louse","floor":11.0,"turns":2.0},{"damage":0.0,"enemies":"Lagavulin","floor":12.0,"turns":3.0},{"damage":0.0,"enemies":"downfall:FleeingMerchant","floor":13.0,"turns":4.0},{"damage":0.0,"enemies":"conspire:RoseBush","floor":14.0,"turns":3.0},{"damage":3.0,"enemies":"3 Louse","floor":15.0,"turns":2.0},{"damage":4.0,"enemies":"IC_STATUS_ARCHETYPE","floor":16.0,"turns":6.0},{"damage":0.0,"enemies":"Spheric Guardian","floor":19.0,"turns":4.0},{"damage":0.0,"enemies":"conspire:FuzzyDice","floor":20.0,"turns":3.0},{"damage":0.0,"enemies":"Centurion and Healer","floor":21.0,"turns":4.0},{"damage":0.0,"enemies":"Gremlin Leader","floor":23.0,"turns":8.0},{"damage":0,"enemies":"conspire:Head Lice","floor":27,"turns":5},{"damage":0,"enemies":"3 Cultists","floor":28,"turns":3},{"damage":10,"enemies":"conspire:SneckoGhost","floor":29,"turns":6},{"damage":0,"enemies":"Chosen and Byrds","floor":31,"turns":4},{"damage":5,"enemies":"Snake Plant","floor":32,"turns":4},{"damage":0,"enemies":"SI_MIRROR_ARCHETYPE","floor":33,"turns":4},{"damage":7,"enemies":"3 Shapes","floor":36,"turns":3},{"damage":10,"enemies":"Orb Walker","floor":37,"turns":2},{"damage":12,"enemies":"Sphere and 2 Shapes","floor":38,"turns":3},{"damage":38,"enemies":"4 Shapes","floor":43,"turns":3},{"damage":14,"enemies":"2 Orb Walkers","floor":45,"turns":4},{"damage":0,"enemies":"downfall:FleeingMerchant","floor":46,"turns":4},{"damage":0,"enemies":"3 Darklings","floor":49,"turns":4},{"damage":19,"enemies":"DF_ARCHETYPE_ORBS","floor":50,"turns":6},{"damage":8,"enemies":"downfall:CharBossMerchant","floor":52,"turns":8},{"damage":0,"enemies":"downfall:NeowBoss","floor":55,"turns":9},{"damage":10,"enemies":"downfall:NeowBossFinal","floor":56,"turns":6}],"seed_played":"3581201729455831138","potions_obtained":[{"floor":8.0,"key":"FearPotion"},{"floor":10.0,"key":"LiquidMemories"},{"floor":10.0,"key":"Regen Potion"},{"floor":10.0,"key":"FearPotion"},{"floor":10.0,"key":"LiquidMemories"},{"floor":14.0,"key":"Ancient Potion"},{"floor":15.0,"key":"DistilledChaos"},{"floor":20.0,"key":"FearPotion"},{"floor":27,"key":"bronze:FreeFunctionsPotion"},{"floor":29,"key":"Slimebound:ThreeZeroPotion"},{"floor":31,"key":"LiquidMemories"},{"floor":33,"key":"Explosive Potion"},{"floor":38,"key":"EssenceOfSteel"},{"floor":43,"key":"bronze:FreeFunctionsPotion"},{"floor":45,"key":"sneckomod:MuddlingPotion"},{"floor":52,"key":"Swift Potion"}],"is_trial":false,"path_per_floor":["R","M","?","$","?","E","T","E","R","?","M","E","$","M","M","B",null,"R","M","M","M","?","E","T","?","?","E","M","E","R","M","M","B",null,"R","M","M","M","?","?","T","R","M","?","?","$","R","T","M","B",null,"E","$","R","B","B",null],"character_chosen":"THE_AUTOMATON","items_purchased":["bronze:Constructor","bronze:Flail","bronze:DelayedGuard","Fruit Juice","Bronze Scales","bronze:InfiniteBeams"],"campfire_rested":5,"item_purchase_floors":[4,4,13,13,46,53],"current_hp_per_floor":[70,70,70,70,70,70,70,70,70,67,67,67,72,72,69,65,75,75,75,75,75,75,75,75,59,59,59,59,49,75,75,70,70,75,75,72,66,58,58,58,58,85,51,51,41,45,85,85,85,70,85,81,81,85,85,79],"gold":64,"neow_bonus":"THREE_ENEMY_KILL","is_daily":false,"chose_seed":false,"campfire_upgraded":2,"win_rate":0.0,"timestamp":1611250402,"path_taken":["R","M","?","$","?","E","T","E","R","?","M","E","$","?","M","BOSS","R","M","M","M","?","E","T","?","?","E","M","E","R","M","M","BOSS","R","M","M","M","?","?","T","R","M","?","?","$","R","?","M","BOSS","E","$","R","BOSS","BOSS"],"items_purchased_type":["Card","Card","Card","Potion","Relic","Card"],"build_version":"2020-12-22","purchased_purges":3,"victory":true,"max_hp_per_floor":[70,70,70,70,70,70,70,70,70,70,70,70,75,75,75,75,75,75,75,75,75,75,75,75,75,75,75,75,75,75,75,75,75,75,75,75,75,75,75,75,75,85,85,85,85,85,85,85,85,85,85,85,85,85,85,85],"card_choices":[{"not_picked":["bronze:Return","bronze:ItsAFeature"],"picked":"bronze:DelayedGuard","floor":2.0},{"not_picked":["bronze:ThunderWave","bronze:Deprecate","bronze:Shield"],"picked":"SKIP","floor":4.0},{"not_picked":["bronze:Safeguard","bronze:Repair"],"picked":"bronze:Boost","floor":6.0},{"not_picked":["bronze:AlphaBuild","bronze:Philosophize"],"picked":"bronze:Virus","floor":8.0},{"not_picked":["bronze:Philosophize","bronze:BronzeArmor"],"picked":"bronze:CutThrough","floor":10.0},{"not_picked":["bronze:CutThrough","bronze:Separator","bronze:Deprecate"],"picked":"SKIP","floor":11.0},{"not_picked":["bronze:Invalidate","bronze:Boost"],"picked":"bronze:Branch","floor":12.0},{"not_picked":["bronze:Shield","bronze:OilSpill"],"picked":"bronze:ClassDefault","floor":13.0},{"not_picked":["bronze:Branch","bronze:BronzeArmor","bronze:Turbo"],"picked":"SKIP","floor":14.0},{"not_picked":["bronze:ForLoop","bronze:Iterate"],"picked":"bronze:InfiniteBeams","floor":15.0},{"not_picked":["bronze:InfiniteLoop","bronze:BurnOut"],"picked":"bronze:Format","floor":16.0},{"not_picked":["bronze:WildBeam","bronze:InfiniteBeams+1"],"picked":"bronze:DelayedSlice","floor":19.0},{"not_picked":["bronze:Return","bronze:FollowUp"],"picked":"bronze:Shell","floor":20.0},{"not_picked":["bronze:ForLoop","bronze:OilSpill"],"picked":"bronze:CloningBeam","floor":21.0},{"not_picked":["bronze:Invalidate+1","bronze:NullPointer"],"picked":"bronze:Branch+1","floor":23},{"not_picked":["bronze:DigitalCarnage","bronze:ChosenStrike+1"],"picked":"bronze:ClassDefault","floor":27},{"not_picked":["bronze:Philosophize","bronze:Repair","bronze:Allocate"],"picked":"SKIP","floor":28},{"not_picked":["bronze:NullPointer+1","bronze:BugBarrage+1"],"picked":"bronze:Constructor+1","floor":29},{"not_picked":["bronze:FineTuning","bronze:OilSpill"],"picked":"bronze:Refactor","floor":31},{"not_picked":["bronze:Shell","bronze:WildBeam+1"],"picked":"bronze:Iterate+1","floor":32},{"not_picked":["bronze:CleanCode","bronze:Break"],"picked":"bronze:Mutator","floor":33},{"not_picked":["Shrug It Off+1","bronze:Overheat+1","bronze:Turbo"],"picked":"Evolve","floor":36},{"not_picked":["Heavy Blade","bronze:Deprecate+1","bronze:Repulsor"],"picked":"Spot Weakness+1","floor":37},{"not_picked":["Pommel Strike","Perfected Strike+1","bronze:Branch"],"picked":"bronze:Shield","floor":38},{"not_picked":["Sentinel","Whirlwind","bronze:ForceShield"],"picked":"Shrug It Off+1","floor":43},{"not_picked":["bronze:Shell","conspire:Charge+1","bronze:Repulsor"],"picked":"bronze:BuggyMess+1","floor":45},{"not_picked":["bronze:WildBeam","bronze:Turbo","bronze:RecursiveStrike"],"picked":"Shockwave+1","floor":46},{"not_picked":["Hemokinesis+1","Entrench","bronze:CloningBeam"],"picked":"Battle Trance","floor":49},{"not_picked":["bronze:WildBeam+1","Cleave+1","Offering"],"picked":"bronze:OilSpill+1","floor":52}],"player_experience":858130,"relics_obtained":[{"floor":6.0,"key":"Ancient Tea Set"},{"floor":7.0,"key":"conspire:TopHat"},{"floor":8.0,"key":"Mummified Hand"},{"floor":10.0,"key":"Potion Belt"},{"floor":12.0,"key":"aspiration:FetidBarrel"},{"floor":23,"key":"Vajra"},{"floor":24,"key":"hubris:SlimyHat"},{"floor":25,"key":"Enchiridion"},{"floor":27,"key":"aspiration:StickyExplosives_weak"},{"floor":29,"key":"hubris:DeckOfHolding"},{"floor":45,"key":"FossilizedHelix"},{"floor":48,"key":"Guardian:PocketSentry"},{"floor":52,"key":"conspire:Dentures"}],"event_choices":[{"cards_removed":["bronze:Strike"],"damage_healed":0.0,"max_hp_gain":0.0,"max_hp_loss":0.0,"gold_gain":0.0,"event_name":"The Cleric","player_choice":"Card Removal","floor":3.0,"gold_loss":0.0,"damage_taken":0.0},{"damage_healed":0.0,"max_hp_gain":0.0,"max_hp_loss":0.0,"gold_gain":0.0,"event_name":"Vampires","player_choice":"Ignored","floor":22.0,"gold_loss":0.0,"damage_taken":0.0},{"damage_healed":0,"gold_gain":0,"player_choice":"Fight","damage_taken":0,"max_hp_gain":0,"max_hp_loss":0,"event_name":"Mysterious Sphere","floor":45,"gold_loss":0}],"is_beta":false,"boss_relics":[{"not_picked":["hubris:BlackHole","aspiration:SilentSkillbook"],"picked":"Fusion Hammer"},{"not_picked":["hubris:ScarierMask","Velvet Choker"],"picked":"aspiration:IroncladSkillbook"}],"items_purged_floors":[13,13,46],"is_endless":false,"potions_floor_spawned":[8,10,14,15,20,27,29,31,33,38,43,45,52],"ascension_level":1}}