{"host":"9kesdg97wkrx2bva","time":1611188216,"event":{"mods":["AchievementEnabler","BaseMod","Colored Map","GifTheSpireLib","Infinite Spire","Minty Spire (QoL Compilation)","Replay The Spire","StSLib"],"gold_per_floor":[118,135,154,54,34,34,45,74,98,109,121,121,121,139,139,212,212,230,245,73,73,73,73,73,103,129,129,140,140,140],"floor_reached":29,"language":"ENG","playtime":1011,"items_purged":["Strike_G","Strike_G"],"score":417,"play_id":"2059b9c5-5b48-4881-8151-98d96af395d0","local_time":"20210120181656","is_ascension_mode":true,"campfire_choices":[{"data":"Survivor","floor":6,"key":"SMITH"},{"floor":12,"key":"REST"},{"floor":15,"key":"REST"},{"data":"Replay:Poison Smokescreen","floor":23,"key":"SMITH"},{"data":"Replay:Bag of Tricks","floor":27,"key":"SMITH"}],"circlet_count":0,"master_deck":["AscendersBane","Strike_G","Defend_G","Defend_G","Defend_G","Defend_G","Survivor+1","Neutralize","Bane","PiercingWail","Dagger Spray","Deadly Poison","Poisoned Stab","Deadly Poison","Deadly Poison","Quick Slash","After Image+1","Replay:Poison Smokescreen+1","Noxious Fumes","Replay:Bag of Tricks+1","Slice+1"],"relics":["Ring of the Serpent","infinitespire:PuzzleCube","Lantern","Ring of Hypnosis","Replay:Wax Seal","Orichalcum"],"acts_visited":["Exordium","TheCity"],"potions_floor_usage":[8,8,16,19,29],"damage_taken":[{"damage":8,"enemies":"infinitespire:Voidling","floor":1,"turns":5},{"damage":2,"enemies":"Cultist","floor":2,"turns":4},{"damage":6,"enemies":"2 Louse","floor":3,"turns":3},{"damage":0,"enemies":"Red Slaver","floor":7,"turns":3},{"damage":11,"enemies":"Replay:BlueRogue","floor":8,"turns":6},{"damage":6,"enemies":"Large Slime","floor":10,"turns":7},{"damage":6,"enemies":"Exordium Thugs","floor":11,"turns":4},{"damage":1,"enemies":"Looter","floor":14,"turns":3},{"damage":22,"enemies":"Hexaghost","floor":16,"turns":9},{"damage":0,"enemies":"Chosen","floor":18,"turns":4},{"damage":6,"enemies":"3 Byrds","floor":19,"turns":3},{"damage":36,"enemies":"Slavers","floor":25,"turns":7},{"damage":10,"enemies":"Centurion and Healer","floor":28,"turns":7},{"damage":4,"enemies":"Shelled Parasite and Fungi","floor":29,"turns":1}],"seed_played":"-7765583556120734041","potions_obtained":[{"floor":2,"key":"ColorlessPotion"},{"floor":3,"key":"Poison Potion"},{"floor":7,"key":"Dexterity Potion"},{"floor":11,"key":"Swift Potion"},{"floor":16,"key":"Explosive Potion"},{"floor":19,"key":"FearPotion"}],"is_trial":false,"path_per_floor":["M","M","M","$","?","R","M","E","T","M","M","R","?","M","R_BF","B",null,"M","M","$","?","$","R","?","E","T","R","M","M"],"character_chosen":"THE_SILENT","items_purchased":["Deadly Poison","Noxious Fumes"],"campfire_rested":2,"item_purchase_floors":[4,20],"current_hp_per_floor":[36,34,28,28,28,28,28,17,17,11,5,24,24,23,42,20,55,55,49,49,49,49,49,49,13,13,13,3,0,0],"gold":140,"neow_bonus":"REMOVE_TWO","is_daily":false,"chose_seed":false,"campfire_upgraded":3,"win_rate":0.0,"timestamp":1611188216,"path_taken":["M","?","?","$","?","R","M","E","T","?","M","R","?","?","R_BF","BOSS","M","M","$","?","?","R","?","E","T","R","M","M"],"items_purchased_type":["Card","Card"],"build_version":"2020-12-22","purchased_purges":2,"victory":false,"max_hp_per_floor":[66,66,66,66,66,66,66,66,66,66,66,66,66,66,66,66,66,66,66,66,66,66,66,66,66,66,66,66,66,66],"card_choices":[{"not_picked":["Predator","Sucker Punch"],"picked":"Bane","floor":1},{"not_picked":["Cloak And Dagger","Acrobatics"],"picked":"PiercingWail","floor":2},{"not_picked":["Dodge and Roll","Cloak And Dagger"],"picked":"Dagger Spray","floor":3},{"not_picked":["Terror","Poison Darts"],"picked":"Poisoned Stab","floor":7},{"not_picked":["Slice","Flying Knee"],"picked":"Deadly Poison","floor":8},{"not_picked":["Draining Mist","Deflect"],"picked":"Deadly Poison","floor":10},{"not_picked":["Cloak And Dagger","Caltrops"],"picked":"Quick Slash","floor":11},{"not_picked":["Flying Knee","Flechettes","Hidden Blade"],"picked":"SKIP","floor":14},{"not_picked":["Storm of Steel","A Thousand Cuts"],"picked":"After Image","floor":16},{"not_picked":["Cloak And Dagger","Dagger Throw"],"picked":"Replay:Poison Smokescreen","floor":18},{"not_picked":["ReplayTheSpireMod:Tripwire","Flechettes+1","Outmaneuver"],"picked":"SKIP","floor":19},{"not_picked":["Flying Knee","Expertise"],"picked":"Replay:Bag of Tricks","floor":25},{"not_picked":["Sucker Punch","Leg Sweep"],"picked":"Slice+1","floor":28}],"player_experience":945489,"relics_obtained":[{"floor":8,"key":"infinitespire:PuzzleCube"},{"floor":9,"key":"Lantern"},{"floor":24,"key":"Ring of Hypnosis"},{"floor":25,"key":"Replay:Wax Seal"},{"floor":26,"key":"Orichalcum"}],"event_choices":[{"damage_healed":0,"gold_gain":0,"player_choice":"Bought 1 Potion","damage_taken":0,"max_hp_gain":0,"max_hp_loss":0,"event_name":"The Woman in Blue","floor":5,"gold_loss":0},{"cards_removed":["Strike_G"],"damage_healed":0,"gold_gain":0,"player_choice":"Offered Basic","damage_taken":0,"max_hp_gain":0,"max_hp_loss":0,"event_name":"Bonfire Elementals","floor":13,"gold_loss":0},{"damage_healed":0,"gold_gain":0,"player_choice":"Upgraded","damage_taken":0,"max_hp_gain":0,"max_hp_loss":0,"event_name":"Upgrade Shrine","floor":21,"gold_loss":0,"cards_upgraded":["After Image"]}],"is_beta":false,"boss_relics":[{"not_picked":["Astrolabe","Painkiller Herb"],"picked":"Ring of the Serpent"}],"items_purged_floors":[4,20],"is_endless":false,"potions_floor_spawned":[2,3,7,11,16,19],"killed_by":"Shelled Parasite and Fungi","ascension_level":14}}