{"host":"obplhmlw33xb91v8","time":1611251757,"event":{"mods":["AchievementEnabler","BaseMod","Block Reminder","Curses Come First","Dio Mod","Evolution","Friendly Minions","HololiveMod","Koishi","Minty Spire (QoL Compilation)","Quick Restart","Reimu??????","Relic Stats","Remilia??????","Shop Mod","Spicy Shops","StSLib","The Alterego","The Gatherer","The IronCluck","The Servant 0.9.4","The Wild Card","TheSwordswoman","Uncapped","Waifu the Spire","Yakumo Yukari mod","Yohane!","Youmu??????","Yuyuko","egg"],"gold_per_floor":[117,69,83,93,109,109,123,52,77,77,77,77,47,59,59,159,159,173,188,44,64,64,64,82,102,102,131,131,131,131],"floor_reached":29,"language":"ENG","playtime":2109,"items_purged":[],"score":237,"play_id":"19a94822-16df-442e-94c8-7c7cbc26fe41","local_time":"20210121125557","is_ascension_mode":false,"campfire_choices":[{"floor":6,"key":"REST"},{"floor":11,"key":"REST"},{"floor":15,"key":"REST"},{"floor":28,"key":"REST"}],"circlet_count":0,"master_deck":["blazmod:Strike","blazmod:Strike","blazmod:Strike","blazmod:Strike","blazmod:Defend","blazmod:Defend","blazmod:Defend","blazmod:Defend","blazmod:ButterflyEffect","blazmod:Kyokasuigetsu","blazmod:KatanaStrike","blazmod:Trasient","blazmod:KatanaStrike","blazmod:FleetOfFoot","blazmod:Observant","blazmod:MyEverything","theWildCard:Scathach","blazmod:TandenKatsu","blazmod:TrueSelf","blazmod:GlasswingWaltz","blazmod:Trasient+1","blazmod:PhysicalEndurance+1","blazmod:Setsuna","blazmod:TandenKatsu","blazmod:SecondSight+1"],"relics":["blazmod:Venustas","EVO:Axolotl","NeowsBlessing","Omamori","MealTicket","Sozu","Medical Kit","Lantern","Bag of Marbles"],"acts_visited":["Exordium","TheCity"],"potions_floor_usage":[7,16],"damage_taken":[{"damage":0,"enemies":"Cultist","floor":1,"turns":2},{"damage":0,"enemies":"Jaw Worm","floor":3,"turns":1},{"damage":0,"enemies":"Small Slimes","floor":4,"turns":1},{"damage":27,"enemies":"Exordium Wildlife","floor":5,"turns":5},{"damage":13,"enemies":"Red Slaver","floor":7,"turns":6},{"damage":0,"enemies":"Looter","floor":13,"turns":4},{"damage":0,"enemies":"3 Louse","floor":14,"turns":1},{"damage":25,"enemies":"The Guardian","floor":16,"turns":13},{"damage":10,"enemies":"2 Thieves","floor":18,"turns":5},{"damage":1,"enemies":"Chosen","floor":19,"turns":4},{"damage":6,"enemies":"Snecko","floor":21,"turns":4},{"damage":0,"enemies":"Shelled Parasite and Fungi","floor":24,"turns":4},{"damage":8,"enemies":"Sentry and Sphere","floor":25,"turns":6},{"damage":10,"enemies":"Slavers","floor":27,"turns":6},{"damage":31,"enemies":"Book of Stabbing","floor":29,"turns":4}],"seed_played":"7233034900451766985","potions_obtained":[{"floor":1,"key":"BlessingOfTheForge"},{"floor":5,"key":"SkillPotion"},{"floor":7,"key":"Block Potion"},{"floor":16,"key":"CultistPotion"}],"is_trial":false,"path_per_floor":["M","$","M","M","M","R","M","$","T","?","R","?","M","M","R","B",null,"M","M","$","M","?","?","M","M","T","E","R","E"],"character_chosen":"THE_SWORDSWOMAN","items_purchased":["blazmod:Trasient","Omamori","Medical Kit"],"campfire_rested":4,"item_purchase_floors":[2,8,20],"current_hp_per_floor":[40,40,40,40,13,25,12,12,12,12,24,24,24,24,36,11,40,30,29,40,34,34,34,34,26,26,16,28,0,0],"gold":131,"neow_bonus":"THREE_ENEMY_KILL","is_daily":false,"chose_seed":false,"campfire_upgraded":0,"win_rate":0.0,"timestamp":1611251757,"path_taken":["M","$","M","M","M","R","M","$","T","?","R","?","M","?","R","BOSS","M","M","$","M","?","?","M","M","T","E","R","E"],"items_purchased_type":["Card","Relic","Relic"],"build_version":"2020-12-22","purchased_purges":0,"victory":false,"max_hp_per_floor":[40,40,40,40,40,40,40,40,40,40,40,40,40,40,40,40,40,40,40,40,40,40,40,40,40,40,40,40,40,40],"relic_stats":{"Sozu":2,"counters":[15,66],"MealTicket":11,"Medical Kit":[0],"obtain_stats":[{"Sozu":17,"blazmod:Venustas":0,"Lantern":26,"NeowsBlessing":0,"MealTicket":12,"Omamori":8,"Bag of Marbles":27,"EVO:Axolotl":0,"Medical Kit":20},{"Sozu":8,"blazmod:Venustas":0,"Lantern":13,"NeowsBlessing":0,"MealTicket":5,"Omamori":5,"Bag of Marbles":14,"EVO:Axolotl":0,"Medical Kit":10},{"Sozu":33,"blazmod:Venustas":0,"Lantern":56,"NeowsBlessing":0,"MealTicket":15,"Omamori":15,"Bag of Marbles":62,"EVO:Axolotl":0,"Medical Kit":42}]},"card_choices":[{"not_picked":["blazmod:ButterFlutter","blazmod:TravelJournal"],"picked":"blazmod:KatanaStrike","floor":1},{"not_picked":["blazmod:ButterFlutter","blazmod:OpenSpirit"],"picked":"blazmod:KatanaStrike","floor":3},{"not_picked":["blazmod:Lockswords","blazmod:SidewaySolace"],"picked":"blazmod:FleetOfFoot","floor":4},{"not_picked":["blazmod:BladeOfEnlightenment","blazmod:KatanaStrike"],"picked":"blazmod:Observant","floor":5},{"not_picked":["blazmod:MentalFocus","blazmod:LoveAndHonor"],"picked":"blazmod:MyEverything","floor":7},{"not_picked":["blazmod:PhysicalEndurance","blazmod:MentalFocus"],"picked":"blazmod:TandenKatsu","floor":13},{"not_picked":["blazmod:HarmonyComplete","blazmod:FleetOfFoot"],"picked":"blazmod:TrueSelf","floor":14},{"not_picked":["blazmod:SeismicSlash","blazmod:NaturesBeauty"],"picked":"blazmod:GlasswingWaltz","floor":16},{"not_picked":["blazmod:Valiance","blazmod:BoulderFlash"],"picked":"blazmod:Trasient+1","floor":18},{"not_picked":["blazmod:FlashRock","blazmod:ButterFlutter+1"],"picked":"blazmod:PhysicalEndurance+1","floor":19},{"not_picked":["blazmod:HarmonyComplete","blazmod:BoulderFlash+1"],"picked":"blazmod:Setsuna","floor":21},{"not_picked":["blazmod:SidewaySolace","blazmod:MentalFocus+1"],"picked":"blazmod:SecondSight+1","floor":24},{"not_picked":["blazmod:Trasient+1","blazmod:SidewaySolace","blazmod:FlashRock"],"picked":"SKIP","floor":25},{"not_picked":["blazmod:Valiance","blazmod:BladeOfEnlightenment","blazmod:ApexLegends+1"],"picked":"SKIP","floor":27}],"player_experience":252093,"relics_obtained":[{"floor":12,"key":"MealTicket"},{"floor":26,"key":"Lantern"},{"floor":27,"key":"Bag of Marbles"}],"event_choices":[{"damage_healed":0,"gold_gain":0,"player_choice":"Relic","damage_taken":0,"max_hp_gain":0,"max_hp_loss":0,"event_name":"Wheel of Change","floor":12,"gold_loss":0},{"damage_healed":0,"gold_gain":0,"player_choice":"Read","damage_taken":0,"max_hp_gain":0,"max_hp_loss":0,"event_name":"The Library","floor":22,"gold_loss":0,"cards_obtained":["blazmod:TandenKatsu"]}],"is_beta":false,"boss_relics":[{"not_picked":["Runic Dome","Coffee Dripper"],"picked":"Sozu"}],"items_purged_floors":[],"is_endless":false,"potions_floor_spawned":[1,5,7,16,19,24],"killed_by":"Book of Stabbing","ascension_level":0}}