{"host":"haq22x9zdvtvc76a","time":1611191365,"event":{"mods":["BaseMod","Downfall","Minty Spire (QoL Compilation)","StSLib"],"gold_per_floor":[99,109,284,297,297,328,328,228,228,228,247,247,265,290,305,401,401,401,411,411,411,428,528,528,538,738,757,757,773,773,807,824,925,925,925,938,938,938,949,949,972,972,972,990,1008,670,670,670,690,690],"floor_reached":51,"language":"ENG","playtime":5718,"items_purged":["champ:Defend"],"score":802,"play_id":"96f5d354-705a-47ae-92e0-d79ae97b0f25","local_time":"20210120200925","is_ascension_mode":false,"campfire_choices":[{"floor":1,"key":"RECALL"},{"data":"champ:Duel","floor":8,"key":"SMITH"},{"data":"champ:Backstep","floor":10,"key":"SMITH"},{"data":"champ:Improvising","floor":18,"key":"SMITH"},{"data":"champ:Taunt","floor":28,"key":"SMITH"},{"data":"champ:HoldFirm","floor":30,"key":"SMITH"},{"data":"champ:UltimateStance","floor":35,"key":"SMITH"},{"data":"champ:EnragedBash","floor":40,"key":"SMITH"},{"data":"champ:ArenaPreparation","floor":42,"key":"SMITH"},{"data":"champ:StanceDance","floor":47,"key":"SMITH"}],"circlet_count":0,"master_deck":["champ:Defend+1","champ:Defend+1","champ:Execute","champ:Taunt+1","champ:Backstep+1","champ:Duel+1","champ:FocusedBerserking","champ:AdrenalArmor","champ:EnragedBash+1","champ:Improvising+1","champ:ShieldThrow","champ:SetATrap+1","champ:Endure+1","champ:Circumvent+1","champ:FlashCut+1","champ:StanceDance+1","champ:FocusedDefense+1","champ:GutPunch","champ:ArenaPreparation+1","champ:BringItOn","champ:HoldFirm+1","champ:FalseCounter+1","champ:UltimateStance+1","champ:ShieldWall","expansioncontent:Chronoboost"],"relics":["champ:ChampionCrown","sneckomod:BlankCard","Mummified Hand","downfall:HeartBlessingRed","War Paint","Astrolabe","champ:BlackKnightHelmet","hexamod:CandleOfCauterizing","Pear","Tiny Chest","Sozu","Lantern","Pantograph","InkBottle"],"acts_visited":["Exordium","TheCity","TheBeyond"],"potions_floor_usage":[14,27,33,50],"damage_taken":[{"damage":23,"enemies":"Jaw Worm","floor":2,"turns":4},{"damage":12,"enemies":"Small Slimes","floor":4,"turns":5},{"damage":14,"enemies":"Gremlin Nob","floor":6,"turns":5},{"damage":10,"enemies":"Cultist","floor":11,"turns":2},{"damage":5,"enemies":"Blue Slaver","floor":13,"turns":2},{"damage":29,"enemies":"3 Sentries","floor":14,"turns":7},{"damage":28,"enemies":"Lots of Slimes","floor":15,"turns":4},{"damage":52,"enemies":"SI_SHIV_ARCHETYPE","floor":16,"turns":5},{"damage":25,"enemies":"Chosen","floor":19,"turns":4},{"damage":35,"enemies":"Snake Plant","floor":22,"turns":3},{"damage":57,"enemies":"Snake Plant","floor":23,"turns":6},{"damage":40,"enemies":"Snecko","floor":25,"turns":3},{"damage":70,"enemies":"Snecko","floor":26,"turns":5},{"damage":35,"enemies":"Chosen and Byrds","floor":27,"turns":4},{"damage":25,"enemies":"Centurion and Healer","floor":29,"turns":4},{"damage":31,"enemies":"Gremlin Leader","floor":31,"turns":4},{"damage":5,"enemies":"Shelled Parasite and Fungi","floor":32,"turns":3},{"damage":85,"enemies":"DF_ARCHETYPE_CLAW","floor":33,"turns":6},{"damage":20,"enemies":"Orb Walker","floor":36,"turns":3},{"damage":45,"enemies":"3 Shapes","floor":39,"turns":4},{"damage":50,"enemies":"Transient","floor":44,"turns":5},{"damage":15,"enemies":"Spire Growth","floor":45,"turns":3},{"damage":50,"enemies":"downfall:FleeingMerchant","floor":46,"turns":4},{"damage":60,"enemies":"Jaw Worm Horde","floor":49,"turns":4},{"damage":158,"enemies":"WA_ARCHETYPE_DIVINITY","floor":50,"turns":7}],"seed_played":"-9191300058670245423","potions_obtained":[{"floor":2,"key":"LiquidMemories"},{"floor":6,"key":"BlessingOfTheForge"},{"floor":14,"key":"SpeedPotion"},{"floor":19,"key":"Dexterity Potion"},{"floor":22,"key":"Fire Potion"},{"floor":25,"key":"Energy Potion"},{"floor":33,"key":"Fruit Juice"}],"is_trial":false,"path_per_floor":["R","M","?","M","?","E","T","R","?","R","M","?","M","E","M","B",null,"R","M","?","?","M","?","T","M","?","M","R","M","R","E","M","B",null,"R","M","?","?","M","R","T","R","T","M","M","$","R","?","M","B",null],"character_chosen":"THE_CHAMP","items_purchased":["InkBottle"],"campfire_rested":0,"item_purchase_floors":[46],"current_hp_per_floor":[99,96,96,94,94,90,90,90,90,90,90,90,90,86,83,81,99,99,99,79,79,79,67,77,62,57,57,57,57,57,51,51,35,119,119,119,119,119,109,109,109,109,109,109,109,104,104,104,104,36],"gold":690,"neow_bonus":"TEN_PERCENT_HP_BONUS","is_daily":false,"chose_seed":false,"campfire_upgraded":9,"win_rate":0.0,"timestamp":1611191365,"path_taken":["R","M","?","M","?","E","T","R","?","R","M","?","M","E","M","BOSS","R","M","?","?","?","?","T","M","?","M","R","M","R","E","M","BOSS","R","M","?","?","?","R","T","R","?","?","M","$","R","?","M","BOSS"],"items_purchased_type":["Relic"],"build_version":"2020-12-22","purchased_purges":1,"victory":true,"max_hp_per_floor":[99,99,99,99,99,99,99,99,99,99,99,99,99,99,99,99,99,99,99,104,104,104,104,114,114,114,114,114,114,114,114,114,119,119,119,119,119,119,119,119,119,119,119,119,119,119,119,119,119,119],"card_choices":[{"not_picked":["champ:PreciseThrust","champ:DefensiveShout"],"picked":"champ:Backstep","floor":2},{"not_picked":["champ:StanceDance","champ:GladiatorStyle"],"picked":"champ:Duel","floor":4},{"not_picked":["champ:Encircle","champ:CalledShot"],"picked":"champ:PreciseThrust","floor":6},{"not_picked":["champ:FanOfKnives","champ:CrownThrow"],"picked":"champ:FocusedBerserking","floor":11},{"not_picked":["champ:IgnorePain","champ:Shatter"],"picked":"champ:AdrenalArmor","floor":13},{"not_picked":["champ:GutPunch","champ:RapidStrikes"],"picked":"champ:EnragedBash","floor":14},{"not_picked":["champ:Backstep","champ:FlashCut"],"picked":"champ:Improvising","floor":15},{"not_picked":["champ:Improvising","champ:IgnorePain"],"picked":"champ:ShieldThrow","floor":16},{"not_picked":["champ:AdrenalArmor","champ:Encircle"],"picked":"champ:FlashCut+1","floor":19},{"not_picked":["champ:Shatter+1","champ:CrownThrow"],"picked":"champ:FocusedDefense+1","floor":22},{"not_picked":["champ:TornadoPunch+1","champ:FlashCut+1"],"picked":"champ:GutPunch","floor":23},{"not_picked":["champ:Backstep","champ:DefensiveShout"],"picked":"champ:ArenaPreparation","floor":25},{"not_picked":["champ:AdrenalArmor","champ:PreciseThrust"],"picked":"champ:BringItOn","floor":27},{"not_picked":["champ:GladiatorStyle","champ:BladeFlurry"],"picked":"champ:HoldFirm","floor":29},{"not_picked":["champ:GutPunch","champ:PerfectedStrike+1"],"picked":"champ:FalseCounter+1","floor":31},{"not_picked":["champ:BerserkersShout","champ:StanceDance","champ:FanOfKnives"],"picked":"SKIP","floor":32},{"not_picked":["champ:GladiatorForm","champ:CheapShot"],"picked":"champ:UltimateStance","floor":33},{"not_picked":["champ:Shatter+1","champ:CrookedStrike"],"picked":"champ:ShieldWall","floor":36},{"not_picked":["champ:BerserkersShout+1","champ:FanOfKnives+1","champ:SetATrap"],"picked":"SKIP","floor":39},{"not_picked":["champ:BerserkersShout","champ:StanceDance+1","champ:BladeFlurry+1"],"picked":"SKIP","floor":44},{"not_picked":["champ:ArenaPreparation","champ:EnragedBash+1","champ:Haymaker"],"picked":"SKIP","floor":45},{"not_picked":["champ:FocusedDefense","champ:StanceDance+1","champ:AdrenalArmor"],"picked":"SKIP","floor":46},{"not_picked":["expansioncontent:PrepareCrush","expansioncontent:GuardianWhirl"],"picked":"expansioncontent:Chronoboost","floor":48},{"not_picked":["champ:AdrenalArmor+1","champ:GutPunch","champ:BringItOn+1"],"picked":"SKIP","floor":49}],"player_experience":1614685,"relics_obtained":[{"floor":6,"key":"sneckomod:BlankCard"},{"floor":7,"key":"Mummified Hand"},{"floor":14,"key":"War Paint"},{"floor":23,"key":"champ:BlackKnightHelmet"},{"floor":23,"key":"hexamod:CandleOfCauterizing"},{"floor":24,"key":"Pear"},{"floor":31,"key":"Tiny Chest"},{"floor":41,"key":"Lantern"},{"floor":43,"key":"Pantograph"}],"event_choices":[{"cards_removed":["Doubt"],"damage_healed":0,"gold_gain":0,"player_choice":"Card Removal","damage_taken":0,"max_hp_gain":0,"max_hp_loss":0,"event_name":"The Cleric","floor":5,"gold_loss":0},{"cards_removed":["champ:PreciseThrust"],"damage_healed":0,"gold_gain":0,"player_choice":"Removed Attack","damage_taken":0,"max_hp_gain":0,"max_hp_loss":0,"event_name":"Falling","floor":37,"gold_loss":0},{"cards_removed":["champ:IronFortress"],"damage_healed":0,"gold_gain":0,"player_choice":"Offered Uncommon","damage_taken":0,"max_hp_gain":0,"max_hp_loss":0,"event_name":"Bonfire Elementals","floor":38,"gold_loss":0}],"is_beta":false,"boss_relics":[{"not_picked":["Calling Bell","SlaversCollar"],"picked":"Astrolabe"},{"not_picked":["Runic Dome","Pandora\u0027s Box"],"picked":"Sozu"}],"items_purged_floors":[46],"is_endless":false,"potions_floor_spawned":[2,6,14,19,22,25,26,33,36,44],"ascension_level":0}}