{"host":"d3wn6ylxoasccvbu","time":1611196080,"event":{"mods":["BaseMod","Better Debug","Downfall","Minty Spire (QoL Compilation)","StSLib"],"gold_per_floor":[115,135,66,85,95,125,125,138,186,212,212,212,312,330,330,330,330],"floor_reached":16,"language":"ENG","playtime":917,"items_purged":[],"score":118,"play_id":"d3a0f05a-e027-4bd8-b8d9-e483d9cb3fd4","local_time":"20210120212800","is_ascension_mode":true,"campfire_choices":[{"data":"Defragment","floor":7,"key":"SMITH"},{"data":"Defragment","floor":11,"key":"SMITH"},{"floor":15,"key":"REST"}],"circlet_count":0,"master_deck":["Strike_B","Strike_B","Strike_B","Strike_B","Defend_B","Defend_B","Defend_B","Defend_B","Zap","Dualcast","Leap","Sweeping Beam","Defragment+1","Go for the Eyes","Conserve Battery","Defragment+1"],"relics":["Cracked Core","NeowsBlessing","Bottled Flame","Juzu Bracelet","Kunai","Blood Vial"],"acts_visited":["Exordium"],"potions_floor_usage":[6,8,10],"damage_taken":[{"damage":0,"enemies":"Small Slimes","floor":1,"turns":1},{"damage":0,"enemies":"2 Louse","floor":2,"turns":1},{"damage":0,"enemies":"Cultist","floor":4,"turns":1},{"damage":1,"enemies":"Exordium Wildlife","floor":5,"turns":3},{"damage":21,"enemies":"Gremlin Nob","floor":6,"turns":5},{"damage":3,"enemies":"Lots of Slimes","floor":8,"turns":3},{"damage":21,"enemies":"Lagavulin","floor":10,"turns":8},{"damage":11,"enemies":"3 Louse","floor":14,"turns":3},{"damage":27,"enemies":"Hexaghost","floor":16,"turns":9}],"seed_played":"-5367243236568261088","potions_obtained":[{"floor":4,"key":"BlessingOfTheForge"},{"floor":6,"key":"ColorlessPotion"},{"floor":8,"key":"FocusPotion"},{"floor":14,"key":"SteroidPotion"}],"is_trial":false,"path_per_floor":["M","M","$","M","M","E","R","M","T","E","R","?","?","M","R","B"],"character_chosen":"DEFECT","items_purchased":["Defragment"],"campfire_rested":1,"item_purchase_floors":[3],"current_hp_per_floor":[75,75,75,75,74,53,53,50,50,29,29,11,11,2,24,0,0],"gold":330,"neow_bonus":"THREE_ENEMY_KILL","is_daily":false,"chose_seed":false,"campfire_upgraded":2,"win_rate":0.0,"timestamp":1611196080,"path_taken":["M","M","$","M","M","E","R","M","T","E","R","?","?","M","R","BOSS"],"items_purchased_type":["Card"],"build_version":"2020-12-22","purchased_purges":0,"victory":false,"max_hp_per_floor":[75,75,75,75,75,75,75,75,75,75,75,75,75,75,75,75,75],"card_choices":[{"not_picked":["Hologram","Steam"],"picked":"Leap","floor":1},{"not_picked":["Hologram","Rebound"],"picked":"Sweeping Beam","floor":2},{"not_picked":["Sweeping Beam","Core Surge"],"picked":"Go for the Eyes","floor":4},{"not_picked":["Go for the Eyes","Turbo"],"picked":"Conserve Battery","floor":5},{"not_picked":["Blizzard","Beam Cell","Stack"],"picked":"SKIP","floor":6},{"not_picked":["Blizzard","Reinforced Body","Streamline"],"picked":"SKIP","floor":8},{"not_picked":["Sunder","Cold Snap"],"picked":"Defragment","floor":10},{"not_picked":["Hologram","Rebound","Tempest"],"picked":"SKIP","floor":14}],"player_experience":78725,"relics_obtained":[{"floor":6,"key":"Bottled Flame"},{"floor":9,"key":"Juzu Bracelet"},{"floor":10,"key":"Kunai"}],"event_choices":[{"damage_healed":0,"gold_gain":0,"player_choice":"Success","damage_taken":18,"relics_obtained":["Blood Vial"],"max_hp_gain":0,"max_hp_loss":0,"event_name":"Scrap Ooze","floor":12,"gold_loss":0},{"damage_healed":0,"gold_gain":100,"player_choice":"Pray","damage_taken":0,"max_hp_gain":0,"max_hp_loss":0,"event_name":"Golden Shrine","floor":13,"gold_loss":0}],"is_beta":false,"boss_relics":[],"items_purged_floors":[],"is_endless":false,"potions_floor_spawned":[4,6,8,14],"killed_by":"Hexaghost","ascension_level":1}}