{"host":"z4nt7tdd4gjrinn7","time":1611192706,"event":{"mods":["100% Spire Juice","BaseMod","Minty Spire (QoL Compilation)","StSLib"],"gold_per_floor":[113,123,123,52,69,104,104,104,104,129,129,146,162,337,337,435,435,447,458,151,151,168,168,168],"floor_reached":23,"language":"ENG","playtime":1907,"items_purged":[],"score":201,"play_id":"93c4464c-7ec1-450a-a485-faaac17f244d","local_time":"20210120203146","is_ascension_mode":false,"campfire_choices":[{"floor":7,"key":"REST"},{"floor":15,"key":"REST"}],"circlet_count":0,"master_deck":["Strike_B","Strike_B","Strike_B","Strike_B","Defend_B","Defend_B","Defend_B","Defend_B","Zap","Dualcast","Conserve Battery","Go for the Eyes","Self Repair+1","Capacitor","Conserve Battery","Ball Lightning","Sweeping Beam","Multi-Cast","Doubt","Amplify","Loop","Chill+1","Sweeping Beam+1"],"relics":["FrozenCore","Question Card","Gremlin Horn","Pen Nib","Blue Candle","Torii"],"acts_visited":["Exordium","TheCity"],"potions_floor_usage":[12,12,16,19,23],"damage_taken":[{"damage":10,"enemies":"Small Slimes","floor":1,"turns":3},{"damage":0,"enemies":"Cultist","floor":2,"turns":3},{"damage":0,"enemies":"Jaw Worm","floor":5,"turns":3},{"damage":24,"enemies":"Lagavulin","floor":6,"turns":9},{"damage":32,"enemies":"3 Sentries","floor":10,"turns":8},{"damage":12,"enemies":"Exordium Thugs","floor":12,"turns":4},{"damage":10,"enemies":"Looter","floor":13,"turns":3},{"damage":80,"enemies":"Hexaghost","floor":16,"turns":12},{"damage":24,"enemies":"Shell Parasite","floor":18,"turns":12},{"damage":28,"enemies":"Chosen","floor":19,"turns":6},{"damage":4,"enemies":"Snake Plant","floor":22,"turns":9},{"damage":70,"enemies":"Gremlin Leader","floor":23,"turns":7}],"seed_played":"7256370196814048753","potions_obtained":[{"floor":1,"key":"GamblersBrew"},{"floor":3,"key":"FocusPotion"},{"floor":3,"key":"BlessingOfTheForge"},{"floor":3,"key":"Explosive Potion"},{"floor":12,"key":"FairyPotion"},{"floor":13,"key":"FearPotion"},{"floor":18,"key":"ColorlessPotion"}],"is_trial":false,"path_per_floor":["M","M","?","$","M","E","R","?","T","E","T","M","M","?","R","B",null,"M","M","$","?","M","E"],"character_chosen":"DEFECT","items_purchased":["Self Repair","Torii"],"campfire_rested":2,"item_purchase_floors":[4,20],"current_hp_per_floor":[72,72,72,72,79,62,82,87,87,62,62,57,54,54,80,33,87,77,56,56,56,62,0,0],"gold":168,"neow_bonus":"TEN_PERCENT_HP_BONUS","is_daily":false,"chose_seed":false,"campfire_upgraded":0,"win_rate":0.0,"timestamp":1611192706,"path_taken":["M","M","?","$","?","E","R","?","T","E","?","?","M","?","R","BOSS","M","M","$","?","M","E"],"items_purchased_type":["Card","Relic"],"build_version":"2020-12-22","purchased_purges":0,"victory":false,"max_hp_per_floor":[82,82,82,82,82,82,82,87,87,87,87,87,87,87,87,87,87,87,87,87,87,87,87,87],"card_choices":[{"not_picked":["Reprogram","Barrage"],"picked":"Conserve Battery","floor":1},{"not_picked":["Steam","Undo"],"picked":"Go for the Eyes","floor":2},{"not_picked":["Steam Power","Stack"],"picked":"Capacitor","floor":5},{"not_picked":["Steam","Rebound"],"picked":"Conserve Battery","floor":6},{"not_picked":["Hologram","Defragment","Barrage"],"picked":"Ball Lightning","floor":10},{"not_picked":["Beam Cell","Hologram","Compile Driver"],"picked":"Sweeping Beam","floor":12},{"not_picked":["Barrage","Scrape","Glacier"],"picked":"Multi-Cast","floor":13},{"not_picked":["Buffer","Rainbow","Biased Cognition"],"picked":"Amplify","floor":16},{"not_picked":["Glacier+1","Defragment","FTL+1"],"picked":"Loop","floor":18},{"not_picked":["Redo","Go for the Eyes","Steam Power"],"picked":"Chill+1","floor":19},{"not_picked":["Reinforced Body","Streamline","Loop"],"picked":"Sweeping Beam+1","floor":22}],"player_experience":137163,"relics_obtained":[{"floor":6,"key":"Question Card"},{"floor":9,"key":"Gremlin Horn"},{"floor":10,"key":"Pen Nib"},{"floor":11,"key":"Blue Candle"}],"event_choices":[{"damage_healed":0,"gold_gain":0,"player_choice":"Got Potions","damage_taken":0,"max_hp_gain":0,"max_hp_loss":0,"event_name":"Lab","floor":3,"gold_loss":0},{"damage_healed":0,"gold_gain":0,"player_choice":"Donut","damage_taken":0,"max_hp_gain":5,"max_hp_loss":0,"event_name":"Big Fish","floor":8,"gold_loss":0},{"damage_healed":0,"gold_gain":175,"player_choice":"AGREE","damage_taken":0,"max_hp_gain":0,"max_hp_loss":0,"event_name":"Liars Game","floor":14,"gold_loss":0,"cards_obtained":["Doubt"]},{"damage_healed":0,"gold_gain":0,"player_choice":"Forge","damage_taken":0,"max_hp_gain":0,"max_hp_loss":0,"event_name":"Accursed Blacksmith","floor":21,"gold_loss":0,"cards_upgraded":["Self Repair"]}],"is_beta":false,"boss_relics":[{"not_picked":["Cursed Key","SacredBark"],"picked":"FrozenCore"}],"items_purged_floors":[],"is_endless":false,"potions_floor_spawned":[1,12,13,18],"killed_by":"Gremlin Leader","ascension_level":0}}