{"host":"kvo7eymyd21g9abd","time":1611189055,"event":{"mods":["AchievementEnabler","BaseMod","Bestiary","Colored Map","Minty Spire (QoL Compilation)","StSLib"],"gold_per_floor":[109,109,124,144,160,160,179,209,209,209,209,225,225,239,239,344,344,355,53,63,63,63,63,63,63,63],"floor_reached":25,"language":"ENG","playtime":852,"items_purged":[],"score":279,"play_id":"d2599621-6090-48aa-abb8-e2d8d54eb261","local_time":"20210120193055","is_ascension_mode":true,"campfire_choices":[{"floor":6,"key":"RECALL"},{"floor":11,"key":"REST"},{"floor":13,"key":"REST"},{"floor":15,"key":"REST"},{"floor":23,"key":"REST"}],"circlet_count":0,"master_deck":["Survivor","Neutralize","Dagger Spray","Dagger Throw","Underhanded Strike","Dagger Throw","Adrenaline","Leg Sweep","A Thousand Cuts","Dash","Dagger Throw","Prepared","Bullet Time","All Out Attack","Malaise","Deflect","After Image","Eviscerate","Bite","Bite","Bite","Bite","Bite","RitualDagger"],"relics":["SacredBark","Bird Faced Urn","Pandora\u0027s Box","Strange Spoon"],"acts_visited":["Exordium","TheCity"],"potions_floor_usage":[8,12,16,16,25,25,25],"damage_taken":[{"damage":5,"enemies":"Small Slimes","floor":1,"turns":4},{"damage":11,"enemies":"Cultist","floor":3,"turns":5},{"damage":0,"enemies":"2 Louse","floor":4,"turns":3},{"damage":8,"enemies":"Looter","floor":5,"turns":3},{"damage":9,"enemies":"Blue Slaver","floor":7,"turns":4},{"damage":34,"enemies":"Lagavulin","floor":8,"turns":6},{"damage":0,"enemies":"2 Fungi Beasts","floor":12,"turns":2},{"damage":14,"enemies":"Looter","floor":14,"turns":3},{"damage":43,"enemies":"Slime Boss","floor":16,"turns":8},{"damage":12,"enemies":"Shell Parasite","floor":18,"turns":5},{"damage":20,"enemies":"Chosen","floor":20,"turns":9},{"damage":62,"enemies":"Gremlin Leader","floor":25,"turns":4}],"seed_played":"7559535796207824070","potions_obtained":[{"floor":7,"key":"AttackPotion"},{"floor":8,"key":"Explosive Potion"},{"floor":12,"key":"LiquidMemories"},{"floor":14,"key":"Swift Potion"},{"floor":18,"key":"LiquidBronze"}],"is_trial":false,"path_per_floor":["M","?","M","M","M","R","M","E","T","?","R","M","R","M","R","B",null,"M","$","M","?","?","R","?","E"],"character_chosen":"THE_SILENT","items_purchased":["GamblersBrew","Strange Spoon","GamblersBrew"],"campfire_rested":4,"item_purchase_floors":[19,19,19],"current_hp_per_floor":[65,65,54,54,46,46,37,3,3,3,24,26,47,35,56,15,56,48,48,34,34,34,55,49,0,0],"gold":63,"neow_bonus":"BOSS_RELIC","is_daily":false,"chose_seed":false,"campfire_upgraded":0,"win_rate":0.0,"timestamp":1611189055,"path_taken":["M","?","M","M","M","R","M","E","T","?","R","?","R","M","R","BOSS","M","$","M","?","?","R","?","E"],"items_purchased_type":["Potion","Relic","Potion"],"build_version":"2020-12-22","purchased_purges":0,"victory":false,"max_hp_per_floor":[70,70,70,70,70,70,70,70,70,70,70,70,70,70,70,70,70,70,70,70,70,70,70,70,70,70],"card_choices":[{"not_picked":["PiercingWail","Slice"],"picked":"Dagger Spray","floor":1},{"not_picked":["Backstab","Slice","Distraction"],"picked":"SKIP","floor":3},{"not_picked":["Endless Agony","Cloak And Dagger"],"picked":"Dagger Throw","floor":4},{"not_picked":["Crippling Poison","Dodge and Roll"],"picked":"Outmaneuver","floor":5},{"not_picked":["Backflip","Poisoned Stab"],"picked":"Underhanded Strike","floor":7},{"not_picked":["Underhanded Strike","Predator"],"picked":"Dagger Throw","floor":8},{"not_picked":["Cloak And Dagger","Deadly Poison","PiercingWail"],"picked":"SKIP","floor":12},{"not_picked":["Backflip","Infinite Blades"],"picked":"Adrenaline","floor":14},{"not_picked":["Poisoned Stab+1","Finisher+1","Bane"],"picked":"SKIP","floor":18},{"not_picked":["Flying Knee","Dagger Throw"],"picked":"Eviscerate","floor":20}],"player_experience":407116,"relics_obtained":[{"floor":8,"key":"Blood Vial"}],"event_choices":[{"damage_healed":0,"gold_gain":0,"player_choice":"Ignored","damage_taken":0,"max_hp_gain":0,"max_hp_loss":0,"event_name":"Golden Wing","floor":2,"gold_loss":0},{"cards_removed":["Outmaneuver"],"damage_healed":0,"gold_gain":0,"player_choice":"Gave Card","damage_taken":0,"relics_obtained":["Bird Faced Urn"],"max_hp_gain":0,"max_hp_loss":0,"event_name":"WeMeetAgain","floor":10,"gold_loss":0},{"damage_healed":0,"gold_gain":0,"player_choice":"Ignored","damage_taken":0,"max_hp_gain":0,"max_hp_loss":0,"event_name":"Ghosts","floor":21,"gold_loss":0},{"damage_healed":0,"gold_gain":0,"player_choice":"Became a vampire (Vial)","damage_taken":0,"max_hp_gain":0,"max_hp_loss":0,"event_name":"Vampires","floor":22,"relics_lost":["Blood Vial"],"gold_loss":0,"cards_obtained":["Bite","Bite","Bite","Bite","Bite"]},{"damage_healed":0,"gold_gain":0,"player_choice":"Joined the Cult","damage_taken":6,"max_hp_gain":0,"max_hp_loss":0,"event_name":"Nest","floor":24,"gold_loss":0,"cards_obtained":["RitualDagger"]}],"is_beta":false,"boss_relics":[{"not_picked":["Velvet Choker","Runic Dome"],"picked":"Pandora\u0027s Box"}],"items_purged_floors":[],"is_endless":false,"potions_floor_spawned":[7,8,12,14,18],"killed_by":"Gremlin Leader","ascension_level":5}}