{"host":"konjmgczbcns2r3g","time":1611200901,"event":{"mods":["AchievementEnabler","BaseMod","Chen","Colored Powertips","Hermit","Infinite Spire","Koishi","Marisa????????","Minty Spire (QoL Compilation)","Replay The Spire","StSLib","The Cursed","The Gatherer","The Necromancer","The Servant 0.9.4"],"gold_per_floor":[117,117,25,45,59,59,74,103,126,143,160,112,128,175,175,273,323,342,38,38,1,1,33,46,60,105,105,105,120,134,145,145,256,256,290,323,323,323],"floor_reached":37,"language":"ENG","playtime":3336,"items_purged":[],"score":545,"play_id":"8db81f87-19da-4e59-8d80-e4b8706a6e27","local_time":"20210120224821","is_ascension_mode":false,"campfire_choices":[{"floor":6,"key":"RECALL"}],"circlet_count":0,"master_deck":["Strike_W","Strike_W","Strike_W","Strike_W","Defend_W","Defend_W","Defend_W","Defend_W","Negative_Energy_Arrows","Bone_Wall","Negative_Energy_Mist+1","Toxic_Smoke_Screen","Siphon_Strength","Death_March_Dance","Siphon_Strength+1","Skeleton_Dragon+1","Negative_Energy_Bomb","Negative_Energy_Sphere","Spectral_Walk","Negative_Energy_Sphere","Shackles_Of_Pain","Summon_Vampire_Lady","Consume_Illness","Necrotic_Claws","Siphon_Strength","Bone_Armor","Summon_Lich","Bone_Prison+1","Bone_Shift","Toxic_Smoke_Screen+1","Bone_Shift+1","Death_Knell","Acid_Javelin+1"],"relics":["Vampire_Amulet","ReplayTheSpireMod:TigerMarble","MealTicket","Tiny House","Ginger","MutagenicStrength","Pen Nib","infinitespire:Lucky Rock","infinitespire:EvilPickle","Fusion Hammer"],"acts_visited":["Exordium","TheCity","TheBeyond"],"potions_floor_usage":[8,16,18,24,24,30,33,33,33,36,37],"damage_taken":[{"damage":1,"enemies":"Jaw Worm","floor":1,"turns":6},{"damage":1,"enemies":"Cultist","floor":4,"turns":5},{"damage":0,"enemies":"Small Slimes","floor":5,"turns":3},{"damage":0,"enemies":"2 Fungi Beasts","floor":7,"turns":4},{"damage":36,"enemies":"Lagavulin","floor":8,"turns":9},{"damage":6,"enemies":"3 Louse","floor":10,"turns":3},{"damage":0,"enemies":"Lots of Slimes","floor":11,"turns":1},{"damage":6,"enemies":"Looter","floor":13,"turns":4},{"damage":6,"enemies":"The Guardian","floor":16,"turns":11},{"damage":9,"enemies":"Chosen","floor":18,"turns":6},{"damage":31,"enemies":"Gremlin Leader","floor":23,"turns":7},{"damage":17,"enemies":"3 Byrds","floor":24,"turns":4},{"damage":7,"enemies":"3 Cultists","floor":25,"turns":5},{"damage":2,"enemies":"Snake Plant","floor":29,"turns":5},{"damage":12,"enemies":"Centurion and Healer","floor":30,"turns":6},{"damage":26,"enemies":"Shelled Parasite and Fungi","floor":31,"turns":7},{"damage":10,"enemies":"Pondfish","floor":33,"turns":7},{"damage":43,"enemies":"3 Shapes","floor":35,"turns":5},{"damage":35,"enemies":"3 Darklings","floor":36,"turns":5},{"damage":25,"enemies":"4 Shapes","floor":37,"turns":3}],"seed_played":"-907905981151384186","potions_obtained":[{"floor":4,"key":"Elixir"},{"floor":5,"key":"PowerPotion"},{"floor":11,"key":"Ancient Potion"},{"floor":13,"key":"EssenceOfSteel"},{"floor":16,"key":"Strength Potion"},{"floor":17,"key":"Regen Potion"},{"floor":23,"key":"Explosive Potion"},{"floor":25,"key":"Weak Potion"},{"floor":32,"key":"Dexterity Potion"},{"floor":32,"key":"DistilledChaos"},{"floor":33,"key":"LiquidBronze"},{"floor":35,"key":"BlessingOfTheForge"}],"is_trial":false,"path_per_floor":["M","?","$","M","M","R","M","E","T","M","M","$","M","T","R","B",null,"M","$","?","$","?","E","M","M","T","?","?","M","M","M","R","B",null,"M","M","M"],"character_chosen":"NECROMANCER","items_purchased":["Toxic_Smoke_Screen","Siphon_Strength","Negative_Energy_Sphere","Ginger","Siphon_Strength"],"campfire_rested":0,"item_purchase_floors":[3,3,12,19,21],"current_hp_per_floor":[82,82,82,82,82,82,82,48,48,48,58,73,69,69,82,78,87,83,87,87,87,87,64,62,61,61,61,61,67,62,43,43,55,87,50,17,0,0],"gold":323,"neow_bonus":"TEN_PERCENT_HP_BONUS","is_daily":false,"chose_seed":false,"campfire_upgraded":0,"win_rate":0.0,"timestamp":1611200901,"path_taken":["M","?","$","M","M","R","M","E","T","M","M","$","M","?","R","BOSS","M","$","?","?","?","E","M","M","T","?","?","M","?","M","R","BOSS","M","M","?"],"items_purchased_type":["Card","Card","Card","Relic","Card"],"build_version":"2020-12-22","purchased_purges":0,"victory":false,"max_hp_per_floor":[82,82,82,82,82,82,82,82,82,82,82,82,82,82,82,82,87,87,87,87,87,87,87,87,87,87,87,87,87,87,87,87,87,87,87,87,87,87],"card_choices":[{"not_picked":["Strike_from_Beyond","Blood_Whip"],"picked":"Negative_Energy_Mist","floor":1},{"not_picked":["Finger_Of_Death","Flesh_Made_Foul"],"picked":"Death_March_Dance","floor":4},{"not_picked":["Negative_Energy_Bomb","Bone_Prison"],"picked":"Siphon_Strength","floor":5},{"not_picked":["Toxic_Smoke_Screen","Chill_Blood"],"picked":"Skeleton_Dragon","floor":7},{"not_picked":["Blood_Whip","Flesh_Made_Foul"],"picked":"Negative_Energy_Bomb","floor":8},{"not_picked":["Bone_Spikes","Summon_Lich"],"picked":"Negative_Energy_Sphere","floor":10},{"not_picked":["Stop_Heart","Epidemic"],"picked":"Spectral_Walk","floor":11},{"not_picked":["Epidemic","Blood_Whip"],"picked":"Shackles_Of_Pain","floor":13},{"not_picked":["Negative_Energy_Bomb","Reap_The_Weak"],"picked":"Summon_Vampire_Lady","floor":16},{"not_picked":["Bones_to_Steel","Shackles_Of_Pain"],"picked":"Consume_Illness","floor":17},{"not_picked":["Negative_Energy_Mist","Consume_Illness+1"],"picked":"Necrotic_Claws","floor":18},{"not_picked":["Strike_from_Beyond","Exploit"],"picked":"Bone_Armor","floor":23},{"not_picked":["Negative_Energy_Javelin","Death_Coil"],"picked":"Summon_Lich","floor":24},{"not_picked":["Toxic_Smoke_Screen","Chill_Blood"],"picked":"Bone_Prison","floor":25},{"not_picked":["Chill_Blood+1","Toxic_Smoke_Screen"],"picked":"Bone_Shift","floor":29},{"not_picked":["Epidemic","Negative_Energy_Shield"],"picked":"Toxic_Smoke_Screen+1","floor":30},{"not_picked":["Violent_Necrosis+1","Scare"],"picked":"Bone_Shift+1","floor":31},{"not_picked":["Necromantic_Selection+1","Bone_Prison"],"picked":"Death_Knell","floor":35},{"not_picked":["Bone_Spikes","Blood_Shield+1"],"picked":"Acid_Javelin+1","floor":36}],"player_experience":356264,"relics_obtained":[{"floor":8,"key":"ReplayTheSpireMod:TigerMarble"},{"floor":9,"key":"MealTicket"},{"floor":23,"key":"Pen Nib"},{"floor":26,"key":"infinitespire:Lucky Rock"}],"event_choices":[{"damage_healed":0,"gold_gain":0,"player_choice":"Grow","damage_taken":0,"max_hp_gain":0,"max_hp_loss":0,"event_name":"Living Wall","floor":2,"gold_loss":0,"cards_upgraded":["Negative_Energy_Mist"]},{"damage_healed":0,"gold_gain":0,"player_choice":"0 cards matched","damage_taken":0,"max_hp_gain":0,"max_hp_loss":0,"event_name":"Match and Keep!","floor":20,"gold_loss":0,"cards_obtained":[]},{"damage_healed":0,"gold_gain":0,"player_choice":"Inject Mutagens","damage_taken":0,"relics_obtained":["MutagenicStrength"],"max_hp_gain":0,"max_hp_loss":0,"event_name":"Drug Dealer","floor":22,"gold_loss":0},{"damage_healed":0,"gold_gain":0,"player_choice":"Ignored","damage_taken":0,"max_hp_gain":0,"max_hp_loss":0,"event_name":"Beggar","floor":27,"gold_loss":0},{"damage_healed":0,"gold_gain":0,"player_choice":"Upgraded","damage_taken":0,"max_hp_gain":0,"max_hp_loss":0,"event_name":"Upgrade Shrine","floor":28,"gold_loss":0,"cards_upgraded":["Bone_Prison"]}],"is_beta":false,"boss_relics":[{"not_picked":["Ring of Chaos","SlaversCollar"],"picked":"Tiny House"},{"not_picked":["Coffee Dripper","ReplayTheSpireMod:DimensionalGlitch"],"picked":"Fusion Hammer"}],"items_purged_floors":[],"is_endless":false,"potions_floor_spawned":[4,5,11,13,16,23,25,33,35],"killed_by":"4 Shapes","ascension_level":0}}