{"host":"l84l8xigz5v5foa2","time":1611248391,"event":{"mods":["2.2 Compatiblity","AchievementEnabler","BaseMod","Better Note","Better Vampires","Card Filter","Colored Map","DeckTracker","Gremlin Skip","Hermit","Highlight Path","Keyboard Shortcuts","Minty Spire (QoL Compilation)","Permanent Neow","Quick Restart","Relic Filter","Relic Stats","Shop Mod","StSLib","SuperFastMode","Transform Curses","Unknown Chances"],"gold_per_floor":[114,114,189,206,206,206,225,266,290,290,317,339,339,373,373,380,380],"floor_reached":16,"language":"KOR","playtime":406,"items_purged":[],"score":130,"play_id":"33e0b61b-8767-43ab-afe3-8256c0414901","local_time":"20210122015951","is_ascension_mode":true,"campfire_choices":[{"data":"hermit:PistolWhip","floor":6,"key":"SMITH"},{"data":"hermit:Scavenge","floor":10,"key":"SMITH"},{"data":"hermit:Snapshot","floor":13,"key":"SMITH"},{"data":"hermit:Deadeye","floor":15,"key":"SMITH"}],"circlet_count":0,"master_deck":["hermit:Strike_Hermit","hermit:Strike_Hermit+1","hermit:Strike_Hermit","hermit:Strike_Hermit","hermit:Defend_Hermit","hermit:Defend_Hermit","hermit:Defend_Hermit","hermit:Defend_Hermit","hermit:Snapshot+1","hermit:Covet+1","hermit:Misfire+1","hermit:PistolWhip+1","hermit:Malice","hermit:Scavenge+1","hermit:FinalCanter","hermit:Deadeye+1"],"relics":["hermit:Momento","Golden Idol","Art of War","Happy Flower","Whetstone","Tiny Chest"],"acts_visited":["Exordium"],"potions_floor_usage":[8],"damage_taken":[{"damage":2.0,"enemies":"Jaw Worm","floor":1.0,"turns":3.0},{"damage":0,"enemies":"2 Louse","floor":4,"turns":3},{"damage":0,"enemies":"Small Slimes","floor":7,"turns":3},{"damage":25,"enemies":"Lagavulin","floor":8,"turns":4},{"damage":0,"enemies":"Exordium Wildlife","floor":12,"turns":2},{"damage":16,"enemies":"Gremlin Nob","floor":14,"turns":3},{"damage":30,"enemies":"The Guardian","floor":16,"turns":9}],"seed_played":"4821077781057020385","potions_obtained":[{"floor":4,"key":"LiquidMemories"},{"floor":8,"key":"Energy Potion"},{"floor":12,"key":"Energy Potion"}],"is_trial":false,"path_per_floor":["M","?","?","M","?","R","M","E","T","R","T","M","R","E","R","B"],"character_chosen":"HERMIT","items_purchased":[],"campfire_rested":0,"item_purchase_floors":[],"current_hp_per_floor":[73,78,67,67,67,67,67,42,42,42,42,42,42,26,26,0,0],"gold":380,"neow_bonus":"UPGRADE_CARD","is_daily":false,"chose_seed":false,"campfire_upgraded":4,"win_rate":0.0,"timestamp":1611248391,"path_taken":["M","?","?","M","?","R","?","E","T","R","?","?","R","E","R","BOSS"],"items_purchased_type":[],"build_version":"2020-12-22","purchased_purges":0,"victory":false,"max_hp_per_floor":[75,80,80,80,74,74,74,74,74,74,74,74,74,74,74,74,74],"relic_stats":{"Happy Flower":[4],"counters":[7,27],"Golden Idol":22,"Tiny Chest":0,"Art of War":[3],"Whetstone":["hermit:Misfire","hermit:Strike_Hermit"],"obtain_stats":[{"Happy Flower":9,"Golden Idol":5,"Tiny Chest":14,"Art of War":8,"Whetstone":11,"hermit:Momento":0},{"Happy Flower":4,"Golden Idol":2,"Tiny Chest":6,"Art of War":4,"Whetstone":4,"hermit:Momento":0},{"Happy Flower":13,"Golden Idol":6,"Tiny Chest":18,"Art of War":13,"Whetstone":13,"hermit:Momento":0}]},"card_choices":[{"not_picked":["hermit:Coalescence","hermit:Feint"],"picked":"hermit:Misfire","floor":1.0},{"not_picked":["hermit:Snipe","hermit:Desperado"],"picked":"hermit:PistolWhip","floor":4},{"not_picked":["hermit:DeadMansHand","hermit:Cheat"],"picked":"hermit:Malice","floor":7},{"not_picked":["hermit:Horror","hermit:HoleUp"],"picked":"hermit:Scavenge","floor":8},{"not_picked":["hermit:Headshot","hermit:HoleUp"],"picked":"hermit:FinalCanter","floor":12},{"not_picked":["hermit:Misfire","hermit:FlashPowder"],"picked":"hermit:Deadeye","floor":14}],"player_experience":1442523,"relics_obtained":[{"floor":8,"key":"Art of War"},{"floor":9,"key":"Happy Flower"},{"floor":11,"key":"Whetstone"},{"floor":14,"key":"Tiny Chest"}],"event_choices":[{"damage_healed":0.0,"max_hp_gain":5.0,"max_hp_loss":0.0,"gold_gain":0.0,"event_name":"Big Fish","player_choice":"Donut","floor":2.0,"gold_loss":0.0,"damage_taken":0.0},{"damage_healed":0.0,"max_hp_gain":0.0,"max_hp_loss":0.0,"gold_gain":75.0,"event_name":"World of Goop","player_choice":"Gather Gold","floor":3.0,"gold_loss":0.0,"damage_taken":11.0},{"damage_healed":0,"gold_gain":0,"player_choice":"Lose Max HP","damage_taken":0,"relics_obtained":["Golden Idol"],"max_hp_gain":0,"max_hp_loss":6,"event_name":"Golden Idol","floor":5,"gold_loss":0}],"is_beta":false,"boss_relics":[],"items_purged_floors":[],"is_endless":false,"potions_floor_spawned":[4,8,12],"killed_by":"The Guardian","ascension_level":4}}