{"host":"z9mq1tf06lkrncmk","time":1611245855,"event":{"mods":["BaseMod","Downfall","Minty Spire (QoL Compilation)","StSLib"],"gold_per_floor":[110,41,41,141,154,154,171,171,171,202,202,237,251,221,221,325,325,337,437,437,437],"floor_reached":20,"language":"ENG","playtime":682,"items_purged":[],"score":216,"play_id":"fb2de251-24f2-4c18-9d5f-43a58fed18d7","local_time":"20210121111735","is_ascension_mode":true,"campfire_choices":[{"floor":6,"key":"RECALL"},{"data":"Clothesline","floor":8,"key":"SMITH"},{"floor":11,"key":"REST"},{"data":"Bash","floor":15,"key":"SMITH"}],"circlet_count":0,"master_deck":["Strike_R","Strike_R","Strike_R","Strike_R","Strike_R","Defend_R","Defend_R","Defend_R","Defend_R","Bash+1","Impervious","Clothesline+1","Armaments+1","Shrug It Off","Battle Trance","Entrench","Corruption"],"relics":["Burning Blood","HornCleat","Mummified Hand","Juzu Bracelet","SlaversCollar"],"acts_visited":["TheCity"],"potions_floor_usage":[12,16,18,20],"damage_taken":[{"damage":1,"enemies":"Cultist","floor":1,"turns":3},{"damage":7,"enemies":"Small Slimes","floor":5,"turns":5},{"damage":0,"enemies":"Jaw Worm","floor":7,"turns":4},{"damage":33,"enemies":"Lagavulin","floor":10,"turns":8},{"damage":11,"enemies":"Gremlin Nob","floor":12,"turns":4},{"damage":0,"enemies":"2 Fungi Beasts","floor":13,"turns":4},{"damage":59,"enemies":"The Guardian","floor":16,"turns":14},{"damage":42,"enemies":"Shell Parasite","floor":18,"turns":9},{"damage":57,"enemies":"Masked Bandits","floor":20,"turns":3}],"seed_played":"9106696632522596965","potions_obtained":[{"floor":7,"key":"sneckomod:MuddlingPotion"},{"floor":13,"key":"EssenceOfSteel"},{"floor":14,"key":"SneckoOil"},{"floor":14,"key":"Strength Potion"},{"floor":18,"key":"Slimebound:ThreeZeroPotion"}],"is_trial":false,"path_per_floor":["M","$","?","?","M","R","M","R","T","E","R","E","M","?","R","B",null,"M","?","?"],"character_chosen":"IRONCLAD","items_purchased":["Armaments","Shrug It Off"],"campfire_rested":1,"item_purchase_floors":[2,2],"current_hp_per_floor":[72,72,72,72,71,71,72,72,72,45,66,61,67,67,67,14,72,36,36,0,0],"gold":437,"neow_bonus":"THREE_RARE_CARDS","is_daily":false,"chose_seed":false,"campfire_upgraded":2,"win_rate":0.0,"timestamp":1611245855,"path_taken":["M","$","?","?","M","R","M","R","T","E","R","E","M","?","R","BOSS","M","?","?"],"items_purchased_type":["Card","Card"],"build_version":"2020-12-22","purchased_purges":0,"victory":false,"max_hp_per_floor":[72,72,72,72,72,72,72,72,72,72,72,72,72,72,72,72,72,72,72,72,72],"card_choices":[{"not_picked":["Juggernaut","Feed"],"picked":"Impervious","floor":0},{"not_picked":["Twin Strike","Sword Boomerang"],"picked":"Clothesline","floor":1},{"not_picked":["Armaments","Twin Strike"],"picked":"Battle Trance","floor":5},{"not_picked":["Intimidate","Feel No Pain","Rage"],"picked":"SKIP","floor":7},{"not_picked":["Anger","Flex","Perfected Strike"],"picked":"SKIP","floor":10},{"not_picked":["Anger","Infernal Blade"],"picked":"Entrench","floor":12},{"not_picked":["Clothesline","Clash","Wild Strike"],"picked":"SKIP","floor":13},{"not_picked":["Berserk","Exhume"],"picked":"Corruption","floor":16},{"not_picked":["Shrug It Off","Shockwave","Havoc+1"],"picked":"SKIP","floor":18}],"player_experience":374578,"relics_obtained":[{"floor":9,"key":"HornCleat"},{"floor":10,"key":"Mummified Hand"},{"floor":12,"key":"Juzu Bracelet"}],"event_choices":[{"damage_healed":0,"gold_gain":0,"player_choice":"Grow","damage_taken":0,"max_hp_gain":0,"max_hp_loss":0,"event_name":"Living Wall","floor":3,"gold_loss":0,"cards_upgraded":["Armaments"]},{"damage_healed":0,"gold_gain":100,"player_choice":"Pray","damage_taken":0,"max_hp_gain":0,"max_hp_loss":0,"event_name":"Golden Shrine","floor":4,"gold_loss":0},{"damage_healed":0,"gold_gain":0,"player_choice":"Bought 2 Potions","damage_taken":0,"max_hp_gain":0,"max_hp_loss":0,"event_name":"The Woman in Blue","floor":14,"gold_loss":0},{"damage_healed":0,"gold_gain":100,"player_choice":"Pray","damage_taken":0,"max_hp_gain":0,"max_hp_loss":0,"event_name":"Golden Shrine","floor":19,"gold_loss":0},{"damage_healed":0,"gold_gain":0,"player_choice":"Fought Bandits","damage_taken":0,"max_hp_gain":0,"max_hp_loss":0,"event_name":"Masked Bandits","floor":20,"gold_loss":0}],"is_beta":false,"boss_relics":[{"not_picked":["Pandora\u0027s Box","Astrolabe"],"picked":"SlaversCollar"}],"items_purged_floors":[],"is_endless":false,"potions_floor_spawned":[7,13,18],"killed_by":"Masked Bandits","ascension_level":4}}