{"host":"ctlqibkg0sskiu65","time":1611207719,"event":{"mods":["AchievementEnabler","Aspiration","BaseMod","BetterRewards","Colored Map","Colored Powertips","Conspire","Fiend Mod","Infinite Spire","Minty Spire (QoL Compilation)","Quick Restart","Replay The Spire","Shop Mod","StSLib","The Bladedancer","The Cursed","The Hierophant","The Jungle","The Kombatant","The Servant 0.9.4","TheBandit"],"gold_per_floor":[115,14,89,89,89,63,63,95,95,122,8,8,24,42,42,118,118,128,128,227,227,243,243,273,292,292,337,382,382,382,428,428,468,468,603,603,681,758,849,849,901,901],"floor_reached":41,"language":"ENG","playtime":1631,"items_purged":["Strike_G"],"score":1327,"play_id":"3325600f-5e7f-4a1e-8a47-55e324e489df","local_time":"20210120234159","is_ascension_mode":true,"campfire_choices":[{"data":"Quick Slash","floor":7,"key":"SMITH"},{"floor":12,"key":"REST"},{"data":"1","floor":15,"key":"LIFT"},{"data":"2","floor":23,"key":"LIFT"},{"floor":34,"key":"REST"}],"circlet_count":0,"master_deck":["AscendersBane","Strike_G+2","Strike_G+1","Defend_G","Defend_G","Defend_G+1","Defend_G","Survivor","Neutralize","Terror","PiercingWail","Quick Slash+1","Slice","Dagger Spray","Deflect+1","Endless Agony","Adrenaline","Dagger Throw+1","Wraith Form v2+1","ReplayTheSpireMod:Scrap Shanks+1","Acrobatics","infinitespire:Fortify","Adrenaline","Noxious Fumes+1","Prepared+1","Panacea"],"relics":["Ring of the Snake","Whetstone","Ninja Scroll","Girya","aspiration:ChemicalBlood","Astrolabe","infinitespire:Eraser","Simple Rune","Replay:Bandana","Question Card","Pen Nib","Philosopher\u0027s Stone","infinitespire:EvilPickle","Sozu"],"acts_visited":["Exordium","TheCity","TheBeyond"],"potions_floor_usage":[16,24,25,28,35,35,37],"damage_taken":[{"damage":3,"enemies":"Jaw Worm","floor":1,"turns":6},{"damage":31,"enemies":"3 Sentries","floor":8,"turns":12},{"damage":13,"enemies":"Gremlin Nob","floor":10,"turns":3},{"damage":0,"enemies":"Small Slimes","floor":13,"turns":2},{"damage":0,"enemies":"2 Louse","floor":14,"turns":2},{"damage":18,"enemies":"Hexaghost","floor":16,"turns":10},{"damage":9,"enemies":"3 Byrds","floor":18,"turns":5},{"damage":0,"enemies":"Chosen","floor":22,"turns":3},{"damage":21,"enemies":"Gremlin Leader","floor":24,"turns":5},{"damage":2,"enemies":"Shelled Parasite and Fungi","floor":25,"turns":3},{"damage":5,"enemies":"Book of Stabbing","floor":27,"turns":5},{"damage":1,"enemies":"Snake Plant","floor":28,"turns":3},{"damage":0,"enemies":"Chosen and Byrds","floor":31,"turns":3},{"damage":5,"enemies":"Sentry and Sphere","floor":33,"turns":4},{"damage":7,"enemies":"Pondfish","floor":35,"turns":7},{"damage":12,"enemies":"Orb Walker","floor":37,"turns":2},{"damage":0,"enemies":"3 Shapes","floor":38,"turns":4},{"damage":0,"enemies":"Transient","floor":39,"turns":5},{"damage":49,"enemies":"conspire:MimicChest","floor":41,"turns":6}],"seed_played":"4361056058533891291","potions_obtained":[{"floor":10,"key":"DistilledChaos"},{"floor":22,"key":"Fire Potion"},{"floor":28,"key":"Energy Potion"},{"floor":33,"key":"Swift Potion"},{"floor":35,"key":"Poison Potion"}],"is_trial":false,"path_per_floor":["M","$","?","?","?","$","R","E","T","E","$","R","M","M","R","B",null,"M","?","?","?","M","R","E","M","T","E","M","PTL","PTL","M","AVR","M","R","B",null,"M","M","M","?","?"],"character_chosen":"THE_SILENT","items_purchased":["Whetstone","PiercingWail","Quick Slash","Slice","Deflect+1"],"campfire_rested":2,"item_purchase_floors":[0,2,2,6,11],"current_hp_per_floor":[60,60,49,49,49,49,49,18,18,5,5,26,26,26,26,8,55,46,46,46,46,46,46,25,23,23,18,17,17,17,17,17,12,33,26,59,47,47,47,47,0,0],"gold":901,"neow_bonus":"","is_daily":false,"chose_seed":false,"campfire_upgraded":1,"win_rate":0.0,"timestamp":1611207719,"path_taken":["M","$","?","?","?","?","R","E","T","E","$","R","M","M","R","BOSS","M","?","?","?","M","R","E","M","T","E","M","PTL","PTL","M","AVR","M","R","BOSS","M","?","?","?","?"],"items_purchased_type":["Relic","Card","Card","Card","Card"],"build_version":"2020-12-22","purchased_purges":1,"victory":false,"max_hp_per_floor":[70,70,70,70,70,70,70,70,70,70,70,70,70,70,70,70,70,70,70,70,70,70,70,70,70,70,70,70,70,70,70,70,70,70,70,70,70,70,70,70,70,70],"card_choices":[{"not_picked":["Prepared","Acrobatics"],"picked":"Terror","floor":1},{"not_picked":["Distraction","Reflex"],"picked":"Dagger Spray","floor":8},{"not_picked":["conspire:PoisonWeapons","Hidden Blade","Outmaneuver"],"picked":"SKIP","floor":10},{"not_picked":["Backflip","Flying Knee","PiercingWail"],"picked":"SKIP","floor":13},{"not_picked":["Underhanded Strike","Caltrops"],"picked":"Endless Agony","floor":14},{"not_picked":["Die Die Die","Doppelganger"],"picked":"Adrenaline","floor":16},{"not_picked":["PiercingWail","Skewer","Slice"],"picked":"SKIP","floor":18},{"not_picked":["Poisoned Stab","Dagger Throw"],"picked":"Acrobatics","floor":22},{"not_picked":["Backflip","Bane","Slice+1"],"picked":"SKIP","floor":24},{"not_picked":["Dagger Throw","Concentrate","Bane+1"],"picked":"SKIP","floor":25},{"not_picked":["conspire:DoublingDagger","Leg Sweep","Dagger Throw"],"picked":"SKIP","floor":27},{"not_picked":["Poisoned Stab","Sneak Up","Sucker Punch","ReplayTheSpireMod:Shiv Toss+1"],"picked":"SKIP","floor":28},{"not_picked":["Prepared","Blade Dance","Dagger Spray","ReplayTheSpireMod:Shiv Toss"],"picked":"SKIP","floor":31},{"not_picked":["Predator","ReplayTheSpireMod:Tripwire","Slice","A Thousand Cuts"],"picked":"SKIP","floor":33},{"not_picked":["ReplayTheSpireMod:Necrosis","Replay:Bag of Tricks","ReplayTheSpireMod:From All Sides"],"picked":"Adrenaline","floor":35},{"not_picked":["Toxin Wave","Caltrops","Outmaneuver","Noxious Fumes"],"picked":"SKIP","floor":37},{"not_picked":["Deadly Poison","Infinite Blades","Hidden Blade"],"picked":"Noxious Fumes+1","floor":38},{"not_picked":["Dagger Throw","ReplayTheSpireMod:From All Sides","Sucker Punch"],"picked":"Prepared+1","floor":39},{"not_picked":["Survey Options","Sadistic Nature","Finesse"],"picked":"Panacea","floor":40}],"player_experience":207821,"relics_obtained":[{"floor":8,"key":"Ninja Scroll"},{"floor":9,"key":"Girya"},{"floor":10,"key":"aspiration:ChemicalBlood"},{"floor":24,"key":"Simple Rune"},{"floor":26,"key":"Replay:Bandana"},{"floor":27,"key":"Question Card"}],"event_choices":[{"damage_healed":0,"gold_gain":75,"player_choice":"Gather Gold","damage_taken":11,"max_hp_gain":0,"max_hp_loss":0,"event_name":"World of Goop","floor":3,"gold_loss":0},{"damage_healed":0,"gold_gain":0,"player_choice":"Ignored","damage_taken":0,"max_hp_gain":0,"max_hp_loss":0,"event_name":"Liars Game","floor":5,"gold_loss":0},{"damage_healed":0,"gold_gain":99,"player_choice":"Stole From Cult","damage_taken":0,"max_hp_gain":0,"max_hp_loss":0,"event_name":"Nest","floor":20,"gold_loss":0},{"damage_healed":0,"gold_gain":0,"player_choice":"Gave Potion","damage_taken":0,"relics_obtained":["infinitespire:Eraser"],"max_hp_gain":0,"max_hp_loss":0,"event_name":"WeMeetAgain","floor":21,"gold_loss":0},{"damage_healed":0,"gold_gain":0,"player_choice":"Memory 1","damage_taken":0,"max_hp_gain":0,"max_hp_loss":0,"event_name":"SensoryStone","floor":40,"gold_loss":0}],"is_beta":false,"boss_relics":[{"not_picked":["Replay:Wanted Poster","Honey Jar"],"picked":"Astrolabe"},{"not_picked":["Snecko Scales","ReplayTheSpireMod:SealedPack"],"picked":"Sozu"}],"items_purged_floors":[11],"is_endless":false,"potions_floor_spawned":[10,22,28,33,35,37,39],"killed_by":"conspire:MimicChest","ascension_level":13}}