{"host":"y24pqu7jih1n8m3t","time":1611213886,"event":{"mods":["AchievementEnabler","BaseMod","Bestiary","Block Reminder","Colored Map","Colored Powertips","DeckTracker","Highlight Path","Minty Spire (QoL Compilation)","Permanent Neow","Quick Restart","Rare Cards Sparkle","Relic Stats"],"gold_per_floor":[368,244,260,272,272,272,305,319,369,396,396,427,21,49,49,144,144,163,183,36,36,36,36,64,89,89,89,108,128,159,172,172,273,273,292,31,81,81,81,81,130,157,157,19,37,37,72,89,89,89,89,89,7,41,41,41],"floor_reached":55,"language":"ENG","playtime":3979,"items_purged":["Strike_B","Strike_B","Strike_B","Defend_B"],"score":1033,"play_id":"c75b4a8a-5069-4c8e-a1b4-fd99748a85c5","local_time":"20210121022446","is_ascension_mode":true,"campfire_choices":[{"data":"Sunder","floor":6,"key":"SMITH"},{"data":"Buffer","floor":11,"key":"SMITH"},{"floor":15,"key":"RECALL"},{"floor":27,"key":"DIG"},{"floor":32,"key":"DIG"},{"floor":40,"key":"DIG"},{"floor":46,"key":"DIG"},{"floor":49,"key":"DIG"},{"floor":52,"key":"DIG"}],"circlet_count":0,"master_deck":["Defend_B","Defend_B","Defend_B","Zap","Dualcast","Sunder+1","Conserve Battery","Go for the Eyes","Cold Snap","Buffer+1","Conserve Battery+1","Blizzard","Capacitor","Apotheosis+1","Defragment+1","Stack+1","Electrodynamics","Ball Lightning","Conserve Battery+1","Sunder","Coolheaded+1","Undo+1","Coolheaded+1","Barrage","Impatience+1","Turbo+1","Cold Snap","Madness+1","Madness+1","Reinforced Body+1","Coolheaded+1","Consume+1","Auto Shields+1","Go for the Eyes+1","Loop","Amplify+1"],"relics":["Cracked Core","Toxic Egg 2","Tiny Chest","MealTicket","Orichalcum","Happy Flower","Mercury Hourglass","Busted Crown","Bag of Marbles","Toy Ornithopter","Shovel","PreservedInsect","Lantern","Cables","Fusion Hammer","Turnip","Bottled Flame","Smiling Mask","Prayer Wheel","The Courier","InkBottle","Membership Card","Bottled Lightning","Centennial Puzzle","Blood Vial","Ornamental Fan","Mummified Hand"],"acts_visited":["Exordium","TheCity","TheBeyond","TheEnding"],"potions_floor_usage":[55,55],"damage_taken":[{"damage":0,"enemies":"2 Louse","floor":1,"turns":2},{"damage":0,"enemies":"Cultist","floor":3,"turns":3},{"damage":1,"enemies":"Jaw Worm","floor":4,"turns":4},{"damage":11,"enemies":"Lagavulin","floor":7,"turns":7},{"damage":1,"enemies":"Exordium Thugs","floor":8,"turns":3},{"damage":1,"enemies":"3 Sentries","floor":10,"turns":7},{"damage":0,"enemies":"Gremlin Nob","floor":12,"turns":5},{"damage":0,"enemies":"Lagavulin","floor":14,"turns":6},{"damage":18,"enemies":"Hexaghost","floor":16,"turns":11},{"damage":10,"enemies":"2 Thieves","floor":18,"turns":4},{"damage":5,"enemies":"Spheric Guardian","floor":19,"turns":4},{"damage":1,"enemies":"Book of Stabbing","floor":24,"turns":6},{"damage":2,"enemies":"Centurion and Healer","floor":28,"turns":3},{"damage":5,"enemies":"Snecko","floor":29,"turns":4},{"damage":33,"enemies":"Slavers","floor":30,"turns":4},{"damage":0,"enemies":"Snake Plant","floor":31,"turns":4},{"damage":0,"enemies":"Automaton","floor":33,"turns":7},{"damage":7,"enemies":"3 Darklings","floor":35,"turns":5},{"damage":0,"enemies":"Mind Bloom Boss Battle","floor":37,"turns":6},{"damage":16,"enemies":"2 Orb Walkers","floor":41,"turns":5},{"damage":0,"enemies":"Reptomancer","floor":42,"turns":6},{"damage":9,"enemies":"Orb Walker","floor":45,"turns":3},{"damage":0,"enemies":"Giant Head","floor":47,"turns":8},{"damage":5,"enemies":"Writhing Mass","floor":48,"turns":4},{"damage":2,"enemies":"Donu and Deca","floor":50,"turns":13},{"damage":15,"enemies":"Shield and Spear","floor":54,"turns":4},{"damage":88,"enemies":"The Heart","floor":55,"turns":14}],"seed_played":"-8672043401794290376","potions_obtained":[{"floor":3,"key":"Strength Potion"},{"floor":4,"key":"Swift Potion"},{"floor":10,"key":"PowerPotion"},{"floor":14,"key":"FocusPotion"},{"floor":16,"key":"Block Potion"},{"floor":35,"key":"BlessingOfTheForge"}],"is_trial":false,"path_per_floor":["M","$","M","M","?","R","E","M","T","E","R","E","$","E","R","B",null,"M","M","$","?","T","?","E","T","T","R","M","M","E","M","R","B",null,"M","$","?","?","T","R","?","E","T","$","M","R","E","M","R","B",null,"R","$","E","B"],"character_chosen":"DEFECT","items_purchased":["Conserve Battery","Apotheosis+1","Happy Flower","Defragment","Conserve Battery+1","Impatience+1","Turbo+1","Membership Card","Coolheaded+1","Loop"],"campfire_rested":0,"item_purchase_floors":[2,13,13,13,20,36,36,44,44,53],"current_hp_per_floor":[54,54,54,53,53,53,42,41,41,40,40,40,55,55,55,37,75,65,60,75,61,61,61,60,60,60,60,58,53,20,20,20,20,80,73,80,80,70,70,70,54,54,54,69,60,60,60,55,55,55,80,80,80,65,0,0],"gold":41,"neow_bonus":"TWO_FIFTY_GOLD","is_daily":false,"chose_seed":false,"campfire_upgraded":2,"win_rate":0.0,"timestamp":1611213886,"path_taken":["M","$","M","M","?","R","E","?","T","E","R","E","$","E","R","BOSS","M","M","$","?","?","?","E","?","T","R","M","?","E","M","R","BOSS","M","$","?","?","?","R","?","E","T","$","M","R","E","?","R","BOSS","R","$","E","BOSS"],"items_purchased_type":["Card","Card","Relic","Card","Card","Card","Card","Relic","Card","Card"],"build_version":"2020-12-22","purchased_purges":4,"victory":false,"max_hp_per_floor":[75,75,75,75,75,75,75,75,75,75,75,75,75,75,75,75,75,75,75,75,80,80,80,80,80,80,80,80,80,80,80,80,80,80,80,80,80,80,80,80,80,80,80,80,80,80,80,80,80,80,80,80,80,80,80,80],"relic_stats":{"Happy Flower":[40],"counters":[27,151],"PreservedInsect":293,"Orichalcum":[72],"Smiling Mask":10,"Mercury Hourglass":[419],"Cables":[68,35,33,0,0],"Blood Vial":4,"Centennial Puzzle":[12],"Busted Crown":36,"Shovel":6,"Ornamental Fan":[16],"Mummified Hand":[6],"Tiny Chest":2,"MealTicket":52,"Prayer Wheel":2,"Turnip":[2],"obtain_stats":[{"Lantern":30,"Smiling Mask":40,"Blood Vial":49,"Centennial Puzzle":47,"Shovel":26,"Mummified Hand":54,"Tiny Chest":9,"MealTicket":10,"Prayer Wheel":41,"Fusion Hammer":34,"Toxic Egg 2":7,"Cracked Core":0,"InkBottle":43,"Happy Flower":13,"PreservedInsect":27,"The Courier":42,"Orichalcum":12,"Mercury Hourglass":14,"Cables":32,"Bottled Flame":39,"Busted Crown":17,"Ornamental Fan":52,"Turnip":37,"Bag of Marbles":24,"Membership Card":44,"Bottled Lightning":46,"Toy Ornithopter":25},{"Lantern":15,"Smiling Mask":19,"Blood Vial":24,"Centennial Puzzle":23,"Shovel":12,"Mummified Hand":26,"Tiny Chest":5,"MealTicket":6,"Prayer Wheel":20,"Fusion Hammer":17,"Toxic Egg 2":4,"Cracked Core":0,"InkBottle":21,"Happy Flower":7,"PreservedInsect":12,"The Courier":21,"Orichalcum":7,"Mercury Hourglass":8,"Cables":16,"Bottled Flame":19,"Busted Crown":9,"Ornamental Fan":25,"Turnip":19,"Bag of Marbles":12,"Membership Card":21,"Bottled Lightning":22,"Toy Ornithopter":12},{"Lantern":73,"Smiling Mask":95,"Blood Vial":120,"Centennial Puzzle":116,"Shovel":62,"Mummified Hand":137,"Tiny Chest":19,"MealTicket":26,"Prayer Wheel":100,"Fusion Hammer":84,"Toxic Egg 2":16,"Cracked Core":0,"InkBottle":106,"Happy Flower":31,"PreservedInsect":62,"The Courier":106,"Orichalcum":31,"Mercury Hourglass":37,"Cables":77,"Bottled Flame":95,"Busted Crown":48,"Ornamental Fan":133,"Turnip":95,"Bag of Marbles":62,"Membership Card":106,"Bottled Lightning":108,"Toy Ornithopter":62}],"Toy Ornithopter":10,"InkBottle":[22]},"card_choices":[{"not_picked":["Compile Driver","Loop"],"picked":"Sunder","floor":1},{"not_picked":["Skim","Reinforced Body"],"picked":"Go for the Eyes","floor":3},{"not_picked":["Static Discharge","Go for the Eyes"],"picked":"Cold Snap","floor":4},{"not_picked":["Streamline","Turbo+1"],"picked":"Buffer","floor":7},{"not_picked":["Compile Driver","Barrage"],"picked":"Conserve Battery+1","floor":8},{"not_picked":["Doom and Gloom","Compile Driver"],"picked":"Blizzard","floor":10},{"not_picked":["Fission+1","Barrage"],"picked":"Capacitor","floor":12},{"not_picked":["Beam Cell","Rebound"],"picked":"Stack+1","floor":14},{"not_picked":["Buffer","Fission+1"],"picked":"Electrodynamics","floor":16},{"not_picked":["Lockon"],"picked":"SKIP","floor":18},{"not_picked":[],"picked":"Ball Lightning","floor":19},{"not_picked":[],"picked":"Sunder","floor":24},{"not_picked":[],"picked":"Coolheaded+1","floor":28},{"not_picked":[],"picked":"Undo+1","floor":29},{"not_picked":[],"picked":"Coolheaded+1","floor":30},{"not_picked":[],"picked":"Barrage","floor":31},{"not_picked":["Sweeping Beam"],"picked":"SKIP","floor":35},{"not_picked":[],"picked":"Cold Snap","floor":37},{"not_picked":[],"picked":"Reinforced Body+1","floor":41},{"not_picked":["Compile Driver+1"],"picked":"SKIP","floor":42},{"not_picked":[],"picked":"Consume+1","floor":45},{"not_picked":["Gash"],"picked":"SKIP","floor":45},{"not_picked":[],"picked":"Auto Shields+1","floor":47},{"not_picked":[],"picked":"Go for the Eyes+1","floor":48},{"not_picked":["Go for the Eyes"],"picked":"SKIP","floor":48},{"not_picked":[],"picked":"Amplify+1","floor":54}],"player_experience":112525,"relics_obtained":[{"floor":7,"key":"Toxic Egg 2"},{"floor":9,"key":"Tiny Chest"},{"floor":10,"key":"MealTicket"},{"floor":12,"key":"Orichalcum"},{"floor":14,"key":"Mercury Hourglass"},{"floor":24,"key":"Bag of Marbles"},{"floor":25,"key":"Toy Ornithopter"},{"floor":26,"key":"Shovel"},{"floor":27,"key":"PreservedInsect"},{"floor":30,"key":"Lantern"},{"floor":32,"key":"Cables"},{"floor":37,"key":"Turnip"},{"floor":39,"key":"Bottled Flame"},{"floor":40,"key":"Smiling Mask"},{"floor":41,"key":"Prayer Wheel"},{"floor":42,"key":"The Courier"},{"floor":43,"key":"InkBottle"},{"floor":46,"key":"Bottled Lightning"},{"floor":47,"key":"Centennial Puzzle"},{"floor":49,"key":"Blood Vial"},{"floor":52,"key":"Ornamental Fan"},{"floor":54,"key":"Mummified Hand"}],"event_choices":[{"cards_removed":["Strike_B"],"damage_healed":0,"gold_gain":0,"player_choice":"Offered Basic","damage_taken":0,"max_hp_gain":0,"max_hp_loss":0,"event_name":"Bonfire Elementals","floor":5,"gold_loss":0},{"damage_healed":0,"gold_gain":0,"player_choice":"Shed Blood","damage_taken":19,"max_hp_gain":5,"max_hp_loss":0,"event_name":"Forgotten Altar","floor":21,"gold_loss":0},{"damage_healed":0,"gold_gain":0,"player_choice":"Upgraded","damage_taken":0,"max_hp_gain":0,"max_hp_loss":0,"event_name":"Upgrade Shrine","floor":23,"gold_loss":0,"cards_upgraded":["Defragment"]},{"damage_healed":0,"gold_gain":0,"player_choice":"Fight","damage_taken":0,"max_hp_gain":0,"max_hp_loss":0,"event_name":"MindBloom","floor":37,"gold_loss":0},{"damage_healed":0,"gold_gain":0,"player_choice":"Embrace Madness","damage_taken":10,"max_hp_gain":0,"max_hp_loss":0,"event_name":"Winding Halls","floor":38,"gold_loss":0,"cards_obtained":["Madness","Madness"]},{"damage_healed":0,"gold_gain":0,"player_choice":"Fight","damage_taken":0,"max_hp_gain":0,"max_hp_loss":0,"event_name":"Mysterious Sphere","floor":41,"gold_loss":0}],"is_beta":false,"boss_relics":[{"not_picked":["Calling Bell","Tiny House"],"picked":"Busted Crown"},{"not_picked":["Velvet Choker","Runic Pyramid"],"picked":"Fusion Hammer"}],"items_purged_floors":[2,20,36,53],"is_endless":false,"potions_floor_spawned":[3,4,10,14,16,24,29,31,33,35,45,47],"killed_by":"The Heart","ascension_level":1}}