{"host":"4myl0piycjadqnwl","time":1611191406,"event":{"mods":["BaseMod","Colored Map","Downfall","Minty Spire (QoL Compilation)","StSLib"],"gold_per_floor":[99,118,132,132,37,37,37,71,71,100,100,117,130,130,142,239,239,239,253,253,280,295,314,314,314,327,327,327,327],"floor_reached":27,"language":"ENG","playtime":1817,"items_purged":[],"score":233,"play_id":"0ded7dc5-d263-4c59-bc90-396fabafe99d","local_time":"20210121021006","is_ascension_mode":true,"campfire_choices":[{"data":"bronze:Goto","floor":1,"key":"SMITH"},{"data":"bronze:ClassDefault","floor":6,"key":"SMITH"},{"data":"bronze:Replicate","floor":9,"key":"SMITH"},{"data":"bronze:BuggyMess","floor":18,"key":"SMITH"}],"circlet_count":0,"master_deck":["bronze:Strike","bronze:Strike","bronze:Strike","bronze:Strike","bronze:Defend","bronze:Defend","bronze:Defend","bronze:Defend","bronze:Replicate+1","bronze:Goto+1","bronze:Repair","bronze:Fortify","bronze:WildBeam","bronze:ClassDefault+1","bronze:InfiniteLoop+1","bronze:BuggyMess+1","bronze:Turbo","bronze:Assembly","bronze:DelayedGuard+1","Pain","bronze:Branch+1","bronze:FineTuning","bronze:BuggyMess+1"],"relics":["bronze:BronzeCore","Ginger","Spirit Poop","HornCleat","Tiny Chest","Molten Egg 2","hexamod:CandleOfCauterizing","SlaversCollar","Thread and Needle","Anchor","Letter Opener"],"acts_visited":["Exordium","TheCity"],"potions_floor_usage":[15,19,27],"damage_taken":[{"damage":5,"enemies":"Jaw Worm","floor":2,"turns":5},{"damage":0,"enemies":"Cultist","floor":3,"turns":4},{"damage":0,"enemies":"downfall:FleeingMerchant","floor":5,"turns":4},{"damage":8,"enemies":"3 Sentries","floor":8,"turns":8},{"damage":12,"enemies":"Gremlin Nob","floor":10,"turns":5},{"damage":6,"enemies":"2 Louse","floor":12,"turns":2},{"damage":0,"enemies":"Large Slime","floor":13,"turns":4},{"damage":15,"enemies":"Exordium Thugs","floor":15,"turns":6},{"damage":30,"enemies":"SI_SHIV_ARCHETYPE","floor":16,"turns":7},{"damage":10,"enemies":"Shell Parasite","floor":19,"turns":3},{"damage":11,"enemies":"3 Byrds","floor":22,"turns":6},{"damage":7,"enemies":"Snake Plant","floor":23,"turns":4},{"damage":5,"enemies":"3 Cultists","floor":26,"turns":5},{"damage":77,"enemies":"Gremlin Leader","floor":27,"turns":6}],"seed_played":"352395691329649114","potions_obtained":[{"floor":8,"key":"SkillPotion"},{"floor":10,"key":"Swift Potion"},{"floor":13,"key":"hexamod:SoulburnPotion"},{"floor":26,"key":"Energy Potion"}],"is_trial":false,"path_per_floor":["R","M","M","?","$","R","T","E","R","E","?","M","M","T","M","B",null,"R","M","?","T","M","M","T","?","M","E"],"character_chosen":"THE_AUTOMATON","items_purchased":["bronze:ClassDefault"],"campfire_rested":0,"item_purchase_floors":[5],"current_hp_per_floor":[70,65,70,67,67,67,67,65,65,55,55,49,56,56,62,37,67,67,64,64,64,63,60,60,60,62,0,0,0],"gold":327,"neow_bonus":"ONE_RARE_RELIC","is_daily":false,"chose_seed":false,"campfire_upgraded":4,"win_rate":0.0,"timestamp":1611191406,"path_taken":["R","M","M","?","?","R","T","E","R","E","?","M","M","?","M","BOSS","R","M","?","?","?","M","T","?","M","E"],"items_purchased_type":["Card"],"build_version":"2020-12-22","purchased_purges":0,"victory":false,"max_hp_per_floor":[70,70,70,67,67,67,67,67,67,67,67,67,67,67,67,67,67,67,67,67,67,67,67,67,67,67,67,67,67],"card_choices":[{"not_picked":["bronze:Separator","bronze:DelayedGuard"],"picked":"bronze:Repair","floor":2},{"not_picked":["bronze:ItsAFeature","bronze:CutThrough"],"picked":"bronze:Fortify","floor":3},{"not_picked":["bronze:Overheat","bronze:BitShift"],"picked":"bronze:WildBeam","floor":5},{"not_picked":["bronze:Invalidate","bronze:Overload","bronze:BuggyMess"],"picked":"SKIP","floor":8},{"not_picked":["bronze:BuggyMess","bronze:Overheat+1"],"picked":"bronze:InfiniteLoop+1","floor":10},{"not_picked":["bronze:Repulsor","bronze:CutThrough+1"],"picked":"bronze:BuggyMess","floor":12},{"not_picked":["bronze:Invalidate","bronze:ChosenStrike+1"],"picked":"bronze:Turbo","floor":13},{"not_picked":["bronze:Invalidate","bronze:CutThrough+1","bronze:DigitalCarnage+1"],"picked":"SKIP","floor":15},{"not_picked":["bronze:BurnOut+1","bronze:HyperBeam+1"],"picked":"bronze:Assembly","floor":16},{"not_picked":["bronze:Backtrace+1","bronze:DelayedSlice+1"],"picked":"bronze:DelayedGuard+1","floor":19},{"not_picked":["bronze:NullPointer+1","bronze:WildBeam+1"],"picked":"bronze:Branch+1","floor":22},{"not_picked":["bronze:MaxOutput","bronze:Separator+1"],"picked":"bronze:FineTuning","floor":23},{"not_picked":["bronze:DelayedSlice+1","bronze:DelayedGuard"],"picked":"bronze:BuggyMess+1","floor":26}],"player_experience":1441390,"relics_obtained":[{"floor":7,"key":"HornCleat"},{"floor":8,"key":"Tiny Chest"},{"floor":10,"key":"Molten Egg 2"},{"floor":14,"key":"hexamod:CandleOfCauterizing"},{"floor":21,"key":"Anchor"},{"floor":24,"key":"Letter Opener"}],"event_choices":[{"cards_removed":["Parasite"],"damage_healed":0,"gold_gain":0,"player_choice":"Offered Curse","damage_taken":0,"relics_obtained":["Spirit Poop"],"max_hp_gain":0,"max_hp_loss":0,"event_name":"Bonfire Elementals","floor":4,"gold_loss":0}],"is_beta":false,"boss_relics":[{"not_picked":["Black Star","Busted Crown"],"picked":"SlaversCollar"}],"items_purged_floors":[],"is_endless":false,"potions_floor_spawned":[8,10,13,26],"killed_by":"Gremlin Leader","ascension_level":1}}