{"host":"56ca4ptg876g863r","time":1611271603,"event":{"mods":["Arknights The Spire","BaseMod","CapriCore","Friendly Minions","GungeonMod","Hermit","KOR Keyword Fix","Kiyohime£¨?ýï£©","Koishi","Minty Spire (QoL Compilation)","Prisma Mod","READ ME - Guardian Mod","StSLib","The Bug Knight","The Gatherer","The Immortal","The Poker Player","The Runesmith","WarShipGirlsR/??á´Ò³R mod"],"gold_per_floor":[115,115,115,290,86,86,120,139,139,156,170,170,170,186,186,309,309,332,352,352,352,365,393,423,441,441,441,198,213,213,223,223,324,324,343,1342,1358,726,726,751,762,777,801,801,831,846,861,467,467,467],"floor_reached":51,"language":"KOR","playtime":4408,"items_purged":["Doubt","Normality"],"score":754,"play_id":"5b111573-f6a5-46ca-b409-b569a006b7bc","local_time":"20210122082643","is_ascension_mode":false,"campfire_choices":[{"data":"ats:Ambush","floor":6.0,"key":"SMITH"},{"data":"ats:Soul Absorption","floor":12.0,"key":"SMITH"},{"floor":15.0,"key":"REST"},{"floor":27.0,"key":"REST"},{"floor":30.0,"key":"REST"},{"data":"ats:Disruption Kick","floor":32.0,"key":"SMITH"},{"floor":44.0,"key":"REST"},{"floor":49.0,"key":"REST"}],"circlet_count":0,"master_deck":["ats:Strike S","ats:Armor Crushing Shot","ats:Defend","ats:Defend+1","ats:Defend+1","ats:Emotion Absorption+1","ats:Curse Doll+1","ats:Ambush+1","ats:Poison Spread","ats:Very Hot Blade","ats:Soul Absorption+1","ats:Explosion Area Strengthen","ats:Disruption Kick+1","ats:Soul Absorption+1","ats:Encircling Forest+1","ats:Childhood Dance+1","ats:Powerful Strike","ats:Explosion Area Strengthen","Normality","ats:Overload+1","ats:Powerful Strike","ats:Flexible Camouflage+1","Parasite","ats:Flexible Camouflage+1","ats:Demon Strength","DemoMod:Spice+1","ats:Flexible Camouflage+1","ats:Poison Spread","ats:Rapid Magazine"],"relics":["ats:Sanity","ats:Bonebreaker","ats:Originium","DemoMod:Bottle","Singing Bowl","Bloody Idol","Astrolabe","Pantograph","Red Mask","Toxic Egg 2","FossilizedHelix","War Paint","Fusion Hammer","Medical Kit","Happy Flower","MealTicket","DemoMod:Orange","Bronze Scales","ats:Lavender","Vajra","Orrery"],"acts_visited":["Exordium","TheCity","TheBeyond"],"potions_floor_usage":[50,50,50],"damage_taken":[{"damage":2.0,"enemies":"Small Slimes","floor":1.0,"turns":4.0},{"damage":4.0,"enemies":"Gremlin Nob","floor":7.0,"turns":5.0},{"damage":0.0,"enemies":"2 Louse","floor":8.0,"turns":2.0},{"damage":5.0,"enemies":"Jaw Worm","floor":10.0,"turns":4.0},{"damage":12.0,"enemies":"3 Louse","floor":11.0,"turns":3.0},{"damage":9.0,"enemies":"Large Slime","floor":14.0,"turns":6.0},{"damage":19.0,"enemies":"Slime Boss","floor":16.0,"turns":16.0},{"damage":10.0,"enemies":"Spheric Guardian","floor":18.0,"turns":6.0},{"damage":29.0,"enemies":"Cultist and Chosen","floor":19.0,"turns":11.0},{"damage":6.0,"enemies":"Shelled Parasite and Fungi","floor":22.0,"turns":5.0},{"damage":24.0,"enemies":"Masked Bandits","floor":23.0,"turns":10.0},{"damage":8.0,"enemies":"HollowMod:Nosk","floor":24.0,"turns":13.0},{"damage":6.0,"enemies":"Snake Plant","floor":25.0,"turns":5.0},{"damage":12.0,"enemies":"Sentry and Sphere","floor":29.0,"turns":6.0},{"damage":0.0,"enemies":"Centurion and Healer","floor":31.0,"turns":9.0},{"damage":9.0,"enemies":"Champ","floor":33.0,"turns":14.0},{"damage":5.0,"enemies":"3 Darklings","floor":35.0,"turns":10.0},{"damage":18.0,"enemies":"Orb Walker","floor":37.0,"turns":6.0},{"damage":30.0,"enemies":"Reptomancer","floor":40.0,"turns":7.0},{"damage":5.0,"enemies":"Writhing Mass","floor":41.0,"turns":7.0},{"damage":33.0,"enemies":"Transient","floor":42.0,"turns":5.0},{"damage":5.0,"enemies":"Giant Head","floor":45.0,"turns":11.0},{"damage":0.0,"enemies":"Maw","floor":46.0,"turns":7.0},{"damage":9.0,"enemies":"Jaw Worm Horde","floor":47.0,"turns":5.0},{"damage":67,"enemies":"Awakened One","floor":50,"turns":15}],"seed_played":"-825450476778371045","potions_obtained":[{"floor":1.0,"key":"BlessingOfTheForge"},{"floor":8.0,"key":"Explosive Potion"},{"floor":16.0,"key":"EssenceOfSteel"},{"floor":22.0,"key":"Weak Potion"},{"floor":23.0,"key":"DuplicationPotion"},{"floor":25.0,"key":"FearPotion"},{"floor":31.0,"key":"Strength Potion"},{"floor":40.0,"key":"Fire Potion"},{"floor":42.0,"key":"Block Potion"},{"floor":46.0,"key":"PowerPotion"},{"floor":47.0,"key":"Weak Potion"}],"is_trial":false,"path_per_floor":["M","?","?","?","$","R","E","M","T","M","M","R","?","M","R","B",null,"M","M","?","T","M","?","E","M","T","R","$","M","R","M","R","B",null,"M","?","M","$","?","E","M","M","T","R","E","M","M","$","R","B",null],"character_chosen":"DOCTOR_CLASS","items_purchased":["ats:Ambush","ats:Poison Spread","War Paint","Swift Potion","PowerPotion","PowerPotion","Fire Potion","Medical Kit","Happy Flower","MealTicket","Vajra","DemoMod:Spice+1","Orrery"],"campfire_rested":5,"item_purchase_floors":[5,5,28,28,28,38,38,38,38,38,48,48,48],"current_hp_per_floor":[70,67,53,53,53,53,49,49,49,44,34,34,34,27,48,29,71,63,36,36,36,37,18,17,18,18,42,42,37,61,66,66,81,85,87,87,74,74,74,61,63,37,42,72,74,85,85,104,109,54],"gold":467,"neow_bonus":"REMOVE_CARD","is_daily":false,"chose_seed":false,"campfire_upgraded":3,"win_rate":0.0,"timestamp":1611271603,"path_taken":["M","?","?","?","$","R","E","M","T","M","M","R","?","M","R","BOSS","M","M","?","?","M","?","E","M","T","R","$","M","R","M","R","BOSS","M","?","M","$","?","E","M","?","T","R","E","?","M","$","R","BOSS"],"items_purchased_type":["Card","Card","Relic","Potion","Potion","Potion","Potion","Relic","Relic","Relic","Relic","Card","Relic"],"build_version":"2020-12-22","purchased_purges":2,"victory":true,"max_hp_per_floor":[72,72,72,72,72,72,72,72,72,72,74,74,69,71,71,71,71,73,75,75,75,77,77,79,81,81,81,81,83,83,83,83,85,85,87,87,87,87,87,99,101,103,103,103,105,105,105,109,109,107],"card_choices":[{"not_picked":["ats:Encircling Forest","ats:Hammer On"],"picked":"ats:Curse Doll","floor":1.0},{"not_picked":["ats:Hook Shot","ats:Magnetic Hammer"],"picked":"ats:Very Hot Blade","floor":7.0},{"not_picked":["ats:Song Of Battle","ats:Closed Bolt Burst Fire"],"picked":"ats:Soul Absorption","floor":8.0},{"not_picked":["ats:Shell Defense","ats:Apocalypse"],"picked":"ats:Explosion Area Strengthen","floor":10.0},{"not_picked":["ats:Serious Mode","ats:Hammer On","ats:Apocalypse"],"picked":"Singing Bowl","floor":11.0},{"not_picked":["ats:Very Hot Blade","ats:Assault Order","ats:Leaping Hammer"],"picked":"Singing Bowl","floor":14.0},{"not_picked":["ats:Volcano","ats:Soul Rend"],"picked":"ats:Disruption Kick","floor":16.0},{"not_picked":["ats:Cat Scratch","ats:Very Hot Blade","ats:Hammer On"],"picked":"Singing Bowl","floor":18.0},{"not_picked":["ats:Ignite+1","ats:Blood Oath","ats:Thorns"],"picked":"Singing Bowl","floor":19.0},{"not_picked":["ats:Healing Strengthening","ats:Very Hot Blade+1","ats:Magnetic Hammer"],"picked":"Singing Bowl","floor":22.0},{"not_picked":["ats:Beaten Up","ats:Sashimi Platter"],"picked":"ats:Powerful Strike","floor":23.0},{"not_picked":["ats:Encircling Forest+1","ats:Sunburst","ats:Song Of Battle"],"picked":"Singing Bowl","floor":24.0},{"not_picked":["ats:Shadow Raid+1","ats:Spore Proliferation+1","ats:Beaten Up+1"],"picked":"Singing Bowl","floor":25.0},{"not_picked":["ats:Blood Oath+1","ats:Leaping Hammer+1","ats:Chain Hook"],"picked":"Singing Bowl","floor":29.0},{"not_picked":["ats:Collapsing Strike+1","ats:Soul Absorption+1"],"picked":"ats:Explosion Area Strengthen","floor":31.0},{"not_picked":["ats:True Silver Slash","ats:Durian+1","ats:Roar Of Ursus"],"picked":"Singing Bowl","floor":33.0},{"not_picked":["ats:LN2 Cannon+1","ats:Serious Mode","ats:Assault Order+1"],"picked":"Singing Bowl","floor":35.0},{"not_picked":["ats:Leaping Hammer","ats:Ignite+1"],"picked":"ats:Overload+1","floor":37.0},{"not_picked":["ats:Revitalization+1","ats:Assault Order+1"],"picked":"ats:Flexible Camouflage+1","floor":40.0},{"not_picked":["ats:Very Hot Blade+1","ats:Assault Order+1","ats:Shell Defense+1"],"picked":"Singing Bowl","floor":41.0},{"not_picked":["ats:Charging Defense+1","ats:Explosion Area Strengthen+1","ats:Burning Ground+1"],"picked":"Singing Bowl","floor":42.0},{"not_picked":["ats:Part Time Job","ats:Thermite Blade+1","ats:Wolf Pack"],"picked":"Singing Bowl","floor":45.0},{"not_picked":["ats:Healing Drone+1","ats:Leaping Hammer"],"picked":"ats:Flexible Camouflage+1","floor":46.0},{"not_picked":["ats:True Silver Slash","ats:Very Hot Blade+1"],"picked":"ats:Demon Strength","floor":47.0},{"not_picked":["ats:Very Hot Blade","ats:Explosion Area Strengthen"],"picked":"ats:Flexible Camouflage+1","floor":48.0},{"not_picked":["ats:Leaping Hammer","ats:Counter Healing Mode+1","ats:Steam Pump+1"],"picked":"Singing Bowl","floor":48.0},{"not_picked":["ats:Childhood Dance+1","ats:Rat Pack+1","ats:Revitalization+1"],"picked":"Singing Bowl","floor":48.0},{"not_picked":["ats:Healing Drone+1","ats:Cat Scratch+1"],"picked":"ats:Poison Spread","floor":48.0},{"not_picked":["ats:Shell Defense+1","ats:Assault Order+1"],"picked":"ats:Rapid Magazine","floor":48.0}],"player_experience":366599,"relics_obtained":[{"floor":7.0,"key":"ats:Originium"},{"floor":7.0,"key":"DemoMod:Bottle"},{"floor":9.0,"key":"Singing Bowl"},{"floor":21.0,"key":"Pantograph"},{"floor":23.0,"key":"Red Mask"},{"floor":24.0,"key":"ats:Originium"},{"floor":24.0,"key":"Toxic Egg 2"},{"floor":26.0,"key":"FossilizedHelix"},{"floor":40.0,"key":"ats:Originium"},{"floor":40.0,"key":"DemoMod:Orange"},{"floor":43.0,"key":"Bronze Scales"},{"floor":45.0,"key":"ats:Originium"},{"floor":45.0,"key":"ats:Lavender"}],"event_choices":[{"damage_healed":0.0,"max_hp_gain":0.0,"max_hp_loss":0.0,"gold_gain":0.0,"event_name":"Scrap Ooze","player_choice":"Success","floor":2.0,"gold_loss":0.0,"damage_taken":3.0,"relics_obtained":["ats:Bonebreaker"]},{"damage_healed":0.0,"max_hp_gain":0.0,"max_hp_loss":0.0,"gold_gain":0.0,"event_name":"Shining Light","player_choice":"Entered Light","floor":3.0,"gold_loss":0.0,"damage_taken":14.0,"cards_upgraded":["ats:Emotion Absorption","ats:Defend"]},{"damage_healed":0.0,"max_hp_gain":0.0,"max_hp_loss":0.0,"gold_gain":175.0,"event_name":"Liars Game","player_choice":"AGREE","floor":4.0,"gold_loss":0.0,"damage_taken":0.0,"cards_obtained":["Doubt"]},{"damage_healed":0.0,"max_hp_gain":0.0,"max_hp_loss":5.0,"gold_gain":0.0,"event_name":"Golden Idol","player_choice":"Lose Max HP","floor":13.0,"gold_loss":0.0,"damage_taken":0.0,"relics_obtained":["Golden Idol"]},{"damage_healed":0.0,"max_hp_gain":0.0,"max_hp_loss":0.0,"gold_gain":0.0,"event_name":"Forgotten Altar","player_choice":"Gave Idol","floor":20.0,"relics_lost":["Golden Idol"],"gold_loss":0.0,"damage_taken":0.0,"relics_obtained":["Bloody Idol"]},{"damage_healed":0.0,"max_hp_gain":0.0,"max_hp_loss":0.0,"gold_gain":0.0,"event_name":"Masked Bandits","player_choice":"Fought Bandits","floor":23.0,"gold_loss":0.0,"damage_taken":0.0},{"damage_healed":0.0,"max_hp_gain":0.0,"max_hp_loss":0.0,"gold_gain":999.0,"event_name":"MindBloom","player_choice":"Gold","floor":36.0,"gold_loss":0.0,"damage_taken":0.0,"cards_obtained":["Normality","Normality"]},{"damage_healed":0.0,"max_hp_gain":0.0,"max_hp_loss":0.0,"gold_gain":0.0,"event_name":"Match and Keep!","player_choice":"1 cards matched","floor":39.0,"gold_loss":0.0,"damage_taken":0.0,"cards_obtained":["ats:Powerful Strike"]}],"is_beta":false,"boss_relics":[{"not_picked":["Sozu","Runic Pyramid"],"picked":"Astrolabe"},{"not_picked":["SacredBark","Cursed Key"],"picked":"Fusion Hammer"}],"items_purged_floors":[5,38],"is_endless":false,"potions_floor_spawned":[1,8,16,22,23,25,31,40,42,46,47],"ascension_level":0}}