{"host":"gzk4gkgy3zij1c51","time":1611223517,"event":{"mods":["BaseMod","Colored Map","Downfall","Highlight Path","Marked Mod","Minty Spire (QoL Compilation)","Relic Stats","StSLib","everything is the same but u backflip on backflip"],"gold_per_floor":[0,20,31,43,103,203,273,273,307,326,350,367,167,64,74,174,174,174,26,26,37,48,33,57,84,34,63,75,114,126,149,179,290,302,314,377,409,421,533,545,633,678,590,270,300,312,312,347,364,364,364,393,68,68,68,68],"floor_reached":57,"language":"ENG","playtime":5879,"items_purged":["Pain"],"score":1730,"play_id":"30e84bdc-0e26-407e-91ee-2c89cc56a86d","local_time":"20210121100517","is_ascension_mode":true,"campfire_choices":[{"data":"Slimebound:MassFeed","floor":1,"key":"SMITH"},{"floor":8,"key":"RECALL"},{"data":"Slimebound:SplitSpecialist","floor":13,"key":"SMITH"},{"data":"Slimebound:RollThrough","floor":18,"key":"SMITH"},{"floor":30,"key":"REST"},{"data":"Slimebound:GrowthPunch","floor":35,"key":"SMITH"},{"data":"Slimebound:GoopTackle","floor":40,"key":"SMITH"},{"floor":43,"key":"REST"},{"data":"Slimebound:DouseInSlime","floor":47,"key":"SMITH"},{"floor":54,"key":"REST"}],"circlet_count":0,"master_deck":["Slimebound:Strike_Slimebound","Slimebound:Tackle","Slimebound:Defend_Slimebound","Slimebound:Defend_Slimebound","Slimebound:Defend_Slimebound","Slimebound:Defend_Slimebound","Slimebound:Split+1","Slimebound:CorrosiveSpit","Slimebound:MassFeed+1","Slimebound:SamplingLick","Slimebound:GoopTackle+1","Slimebound:GrowthPunch+1","Slimebound:Prepare","Slimebound:ServeAndProtect","Slimebound:SlimeSpikes","Slimebound:LeechEnergy","Slimebound:DouseInSlime+1","Slimebound:SplitMire","Slimebound:SplitSpecialist+1","Slimebound:GoopSpray","Slimebound:Grow+1","Slimebound:RollThrough+1","Slimebound:SpikyOuterGoop+1","Slimebound:DuplicatedForm+1","Slimebound:SlimeSpikes","Slimebound:BestDefense+1","Slimebound:Schlurp","Slimebound:SamplingLick","Slimebound:TongueLash","Slimebound:RollThrough","Slimebound:HauntingLick","Slimebound:LeechEnergy+1","Slimebound:OneTwoCombo+1","Slimebound:LeechLife+1","expansioncontent:Chronoboost+1","Slimebound:Recollect+1","expansioncontent:DashGenerateEvil+1","expansioncontent:LastStand+1","Slimebound:MegaLick+1","expansioncontent:PrepareCrush","Slimebound:Gluttony+1"],"relics":["Slimebound:AbsorbEndCombat","StoneCalendar","Frozen Egg 2","sneckomod:BlankCard","Odd Mushroom","downfall:HeartBlessingGreen","downfall:HeartBlessingRed","Black Star","Orichalcum","Guardian:PocketSentry","hexamod:BolsterEngine","White Beast Statue","MawBank","Molten Egg 2","downfall:KnowingSkull","WingedGreaves","Regal Pillow","Busted Crown","Potion Belt","hexamod:CandleOfCauterizing","HornCleat","downfall:HeartBlessingBlue","Slimebound:MaxSlimesRelic","Omamori","Strawberry","champ:DuelingGlove","Slimebound:SlimedTailRelic","Sundial","Pantograph","Bronze Scales","OrangePellets"],"acts_visited":["Exordium","TheCity","TheBeyond","TheEnding"],"potions_floor_usage":[3,9,27,27,27,29,33,33,33,33,39,39,39,42,42,42,42,42,45,50,50,50,52,55,55,55,56,56],"damage_taken":[{"damage":12,"enemies":"Jaw Worm","floor":2,"turns":6},{"damage":3,"enemies":"Small Slimes","floor":3,"turns":3},{"damage":11,"enemies":"Cultist","floor":4,"turns":4},{"damage":30,"enemies":"Gremlin Nob","floor":5,"turns":4},{"damage":38,"enemies":"downfall:Heads","floor":6,"turns":5},{"damage":15,"enemies":"Lagavulin","floor":9,"turns":6},{"damage":7,"enemies":"Red Slaver","floor":10,"turns":3},{"damage":18,"enemies":"The Mushroom Lair","floor":11,"turns":4},{"damage":0,"enemies":"Large Slime","floor":12,"turns":5},{"damage":3,"enemies":"downfall:FleeingMerchant","floor":14,"turns":4},{"damage":11,"enemies":"Lots of Slimes","floor":15,"turns":3},{"damage":0,"enemies":"IC_STATUS_ARCHETYPE","floor":16,"turns":7},{"damage":0,"enemies":"downfall:FleeingMerchant","floor":19,"turns":4},{"damage":19,"enemies":"3 Byrds","floor":21,"turns":5},{"damage":0,"enemies":"Snake Plant","floor":22,"turns":3},{"damage":24,"enemies":"downfall:FleeingMerchant","floor":23,"turns":4},{"damage":53,"enemies":"Book of Stabbing","floor":25,"turns":5},{"damage":31,"enemies":"downfall:FleeingMerchant","floor":26,"turns":4},{"damage":47,"enemies":"Slavers","floor":27,"turns":5},{"damage":15,"enemies":"Gremlin Leader","floor":29,"turns":6},{"damage":30,"enemies":"3 Cultists","floor":31,"turns":4},{"damage":19,"enemies":"Shelled Parasite and Fungi","floor":32,"turns":4},{"damage":27,"enemies":"SI_MIRROR_ARCHETYPE","floor":33,"turns":8},{"damage":35,"enemies":"Orb Walker","floor":36,"turns":4},{"damage":25,"enemies":"3 Darklings","floor":37,"turns":4},{"damage":28,"enemies":"downfall:LadyInBlue","floor":39,"turns":9},{"damage":65,"enemies":"Reptomancer","floor":42,"turns":5},{"damage":3,"enemies":"downfall:FleeingMerchant","floor":44,"turns":1},{"damage":75,"enemies":"Giant Head","floor":45,"turns":8},{"damage":29,"enemies":"Jaw Worm Horde","floor":46,"turns":4},{"damage":37,"enemies":"Reptomancer","floor":48,"turns":6},{"damage":15,"enemies":"4 Shapes","floor":49,"turns":5},{"damage":22,"enemies":"WA_ARCHETYPE_DIVINITY","floor":50,"turns":7},{"damage":73,"enemies":"downfall:CharBossMerchant","floor":52,"turns":8},{"damage":60,"enemies":"downfall:NeowBoss","floor":55,"turns":16},{"damage":73,"enemies":"downfall:NeowBossFinal","floor":56,"turns":13}],"seed_played":"-791464446427003502","potions_obtained":[{"floor":2,"key":"ColorlessPotion"},{"floor":3,"key":"FairyPotion"},{"floor":6,"key":"Swift Potion"},{"floor":11,"key":"AttackPotion"},{"floor":15,"key":"ColorlessPotion"},{"floor":22,"key":"Explosive Potion"},{"floor":25,"key":"Strength Potion"},{"floor":27,"key":"BlessingOfTheForge"},{"floor":29,"key":"Slimebound:SlimyTonguePotion"},{"floor":31,"key":"Dexterity Potion"},{"floor":32,"key":"ColorlessPotion"},{"floor":33,"key":"LiquidBronze"},{"floor":36,"key":"DistilledChaos"},{"floor":37,"key":"GamblersBrew"},{"floor":39,"key":"PowerPotion"},{"floor":39,"key":"GamblersBrew"},{"floor":39,"key":"bronze:BurnAndBuffPotion"},{"floor":39,"key":"DuplicationPotion"},{"floor":42,"key":"GamblersBrew"},{"floor":44,"key":"LiquidBronze"},{"floor":45,"key":"champ:CounterPotion"},{"floor":46,"key":"FairyPotion"},{"floor":48,"key":"Fire Potion"},{"floor":49,"key":"SkillPotion"},{"floor":52,"key":"champ:CounterPotion"}],"is_trial":false,"path_per_floor":["R","M","M","M","?","?","T","R","E","M","?","M","R","$","M","B",null,"R","$","?","M","M","$","T","E","$","E","?","E","R","M","M","B",null,"R","M","M","?","?","R","T","E","R","$","E","M","R","E","M","B",null,"E","$","R","B","B",null],"character_chosen":"SLIMEBOUND","items_purchased":["Slimebound:Grow+1","Slimebound:RollThrough","Slimebound:BestDefense+1","Slimebound:Schlurp","Slimebound:HauntingLick","Slimebound:MaxSlimesRelic","Omamori","expansioncontent:DashGenerateEvil","expansioncontent:LastStand","OrangePellets","expansioncontent:PrepareCrush","Slimebound:Gluttony+1","SteroidPotion"],"campfire_rested":3,"item_purchase_floors":[14,14,19,19,26,44,44,44,44,53,53,53,53],"current_hp_per_floor":[59,59,64,65,45,15,15,15,8,7,19,31,31,34,27,35,73,73,79,79,83,89,86,86,58,46,22,16,9,51,42,35,16,77,77,61,59,59,78,78,78,36,94,93,52,50,50,37,49,64,108,72,72,124,82,73],"gold":68,"neow_bonus":"THREE_RARE_CARDS","is_daily":false,"chose_seed":false,"campfire_upgraded":6,"win_rate":0.0,"timestamp":1611223517,"path_taken":["R","M","M","M","?","?","T","R","E","M","?","M","R","$","M","BOSS","R","$","?","?","M","?","T","E","$","E","?","E","R","?","M","BOSS","R","M","M","?","?","R","T","E","R","$","E","?","R","E","M","BOSS","E","$","R","BOSS","BOSS"],"items_purchased_type":["Card","Card","Card","Card","Card","Relic","Relic","Card","Card","Relic","Card","Card","Potion"],"build_version":"2020-12-22","purchased_purges":1,"victory":true,"max_hp_per_floor":[65,69,73,77,81,81,81,81,81,81,81,85,85,85,85,85,85,85,85,85,85,89,89,89,93,93,93,93,93,93,93,97,97,97,97,97,97,97,101,101,101,101,111,111,122,122,122,122,122,122,122,126,126,126,126,126],"relic_stats":{"OrangePellets":[11],"Regal Pillow":45,"Busted Crown":24,"counters":[36,192],"Sundial":[2],"Pantograph":27,"Bronze Scales":[90],"StoneCalendar":[302],"Black Star":7,"Orichalcum":[30],"MawBank":204,"obtain_stats":[{"champ:DuelingGlove":45,"Regal Pillow":29,"sneckomod:BlankCard":9,"StoneCalendar":5,"downfall:HeartBlessingGreen":13,"HornCleat":42,"Slimebound:MaxSlimesRelic":44,"downfall:HeartBlessingBlue":43,"Sundial":48,"Strawberry":45,"Pantograph":52,"downfall:KnowingSkull":28,"WingedGreaves":29,"Potion Belt":39,"hexamod:CandleOfCauterizing":42,"downfall:HeartBlessingRed":13,"Guardian:PocketSentry":24,"Omamori":44,"Frozen Egg 2":7,"Odd Mushroom":11,"Orichalcum":20,"MawBank":27,"White Beast Statue":25,"OrangePellets":53,"Busted Crown":34,"Bronze Scales":52,"Molten Egg 2":27,"Slimebound:AbsorbEndCombat":0,"Black Star":17,"hexamod:BolsterEngine":25,"Slimebound:SlimedTailRelic":48},{"champ:DuelingGlove":29,"Regal Pillow":20,"sneckomod:BlankCard":6,"StoneCalendar":4,"downfall:HeartBlessingGreen":9,"HornCleat":27,"Slimebound:MaxSlimesRelic":28,"downfall:HeartBlessingBlue":27,"Sundial":31,"Strawberry":29,"Pantograph":34,"downfall:KnowingSkull":19,"WingedGreaves":20,"Potion Belt":26,"hexamod:CandleOfCauterizing":27,"downfall:HeartBlessingRed":9,"Guardian:PocketSentry":16,"Omamori":28,"Frozen Egg 2":5,"Odd Mushroom":8,"Orichalcum":13,"MawBank":19,"White Beast Statue":17,"OrangePellets":34,"Busted Crown":23,"Bronze Scales":34,"Molten Egg 2":19,"Slimebound:AbsorbEndCombat":0,"Black Star":12,"hexamod:BolsterEngine":17,"Slimebound:SlimedTailRelic":31},{"champ:DuelingGlove":133,"Regal Pillow":88,"sneckomod:BlankCard":28,"StoneCalendar":17,"downfall:HeartBlessingGreen":40,"HornCleat":124,"Slimebound:MaxSlimesRelic":125,"downfall:HeartBlessingBlue":124,"Sundial":143,"Strawberry":133,"Pantograph":163,"downfall:KnowingSkull":82,"WingedGreaves":88,"Potion Belt":119,"hexamod:CandleOfCauterizing":124,"downfall:HeartBlessingRed":40,"Guardian:PocketSentry":69,"Omamori":125,"Frozen Egg 2":22,"Odd Mushroom":35,"Orichalcum":57,"MawBank":82,"White Beast Statue":74,"OrangePellets":163,"Busted Crown":103,"Bronze Scales":163,"Molten Egg 2":82,"Slimebound:AbsorbEndCombat":0,"Black Star":53,"hexamod:BolsterEngine":74,"Slimebound:SlimedTailRelic":143}]},"card_choices":[{"not_picked":["Slimebound:PrepareCrush","Slimebound:LeechLife"],"picked":"Slimebound:MassFeed","floor":0},{"not_picked":["Slimebound:ServeAndProtect","Slimebound:SlimeTap"],"picked":"Slimebound:SamplingLick","floor":2},{"not_picked":["Slimebound:LeechingTouch","Slimebound:RainOfGoop"],"picked":"Slimebound:GoopTackle","floor":3},{"not_picked":["Slimebound:FinishingTackle","Slimebound:SlimeSpikes"],"picked":"Slimebound:GrowthPunch","floor":4},{"not_picked":["Slimebound:SlimeBrawl","Slimebound:GoopTackle"],"picked":"Slimebound:Prepare","floor":5},{"not_picked":["Slimebound:ViciousTackle","Slimebound:SplitBruiser"],"picked":"Slimebound:SlimeSpikes","floor":6},{"not_picked":["Slimebound:SlimeSpikes","Slimebound:GoopTackle"],"picked":"Slimebound:LeechEnergy","floor":9},{"not_picked":["Slimebound:ItLooksTasty","Slimebound:TongueLash"],"picked":"Slimebound:DouseInSlime","floor":10},{"not_picked":["Slimebound:ServeAndProtect","Slimebound:PressTheAttack"],"picked":"Slimebound:SplitMire","floor":11},{"not_picked":["Slimebound:SplitBruiser","Slimebound:FinishingTackle"],"picked":"Slimebound:SplitSpecialist","floor":12},{"not_picked":["Slimebound:Chomp","Slimebound:SplitMire"],"picked":"Slimebound:GoopSpray","floor":14},{"not_picked":["Slimebound:SplitBruiser","Slimebound:RollThrough"],"picked":"Slimebound:SpikyOuterGoop+1","floor":15},{"not_picked":["Slimebound:TagTeam","Slimebound:WasteNot"],"picked":"Slimebound:DuplicatedForm+1","floor":16},{"not_picked":["Slimebound:GoopTackle","Slimebound:SlimeTap"],"picked":"Slimebound:SlimeSpikes","floor":19},{"not_picked":["Slimebound:SplitLeeching","Slimebound:Dissolve"],"picked":"Slimebound:SamplingLick","floor":21},{"not_picked":["Slimebound:SplitLeeching+1","Slimebound:GoopTackle","Slimebound:DisruptingSlam"],"picked":"SKIP","floor":22},{"not_picked":["Slimebound:GoopTackle","Slimebound:SlimeTap"],"picked":"Slimebound:TongueLash","floor":23},{"not_picked":["Slimebound:LeechEnergy","Slimebound:Schlurp+1","Slimebound:SplitAcid+1"],"picked":"SKIP","floor":25},{"not_picked":["Slimebound:GoopSpray","Slimebound:SlimeSpikes+1"],"picked":"Slimebound:RollThrough","floor":26},{"not_picked":["Slimebound:BestDefense+1","Slimebound:HauntingLick","Slimebound:SlimeSpikes"],"picked":"SKIP","floor":27},{"not_picked":["Slimebound:ProtectTheBoss+1","Slimebound:Dissolve+1"],"picked":"Slimebound:LeechEnergy+1","floor":29},{"not_picked":["Slimebound:LeechEnergy+1","Slimebound:DisruptingSlam+1"],"picked":"Slimebound:OneTwoCombo+1","floor":31},{"not_picked":["Slimebound:Schlurp","Slimebound:FinishingTackle+1","Slimebound:LeechEnergy+1"],"picked":"SKIP","floor":32},{"not_picked":["Slimebound:DuplicatedForm+1","Slimebound:Overexert+1"],"picked":"Slimebound:LeechLife+1","floor":33},{"not_picked":["Slimebound:Grow+1"],"picked":"SKIP","floor":36},{"not_picked":["Slimebound:SplitMire"],"picked":"SKIP","floor":37},{"not_picked":[],"picked":"expansioncontent:Chronoboost+1","floor":38},{"not_picked":[],"picked":"Slimebound:Recollect+1","floor":39},{"not_picked":["Slimebound:SlimeTap+1"],"picked":"SKIP","floor":42},{"not_picked":["Slimebound:ViciousTackle+1"],"picked":"SKIP","floor":44},{"not_picked":[],"picked":"Slimebound:MegaLick+1","floor":45},{"not_picked":["Slimebound:RollThrough+1"],"picked":"SKIP","floor":46},{"not_picked":["Slimebound:RejuvenatingLick+1"],"picked":"SKIP","floor":48},{"not_picked":["Slimebound:RollThrough+1"],"picked":"SKIP","floor":49},{"not_picked":["Slimebound:RejuvenatingLick+1"],"picked":"SKIP","floor":52}],"player_experience":1049191,"relics_obtained":[{"floor":5,"key":"StoneCalendar"},{"floor":7,"key":"Frozen Egg 2"},{"floor":9,"key":"sneckomod:BlankCard"},{"floor":11,"key":"Odd Mushroom"},{"floor":24,"key":"Guardian:PocketSentry"},{"floor":25,"key":"hexamod:BolsterEngine"},{"floor":25,"key":"White Beast Statue"},{"floor":27,"key":"MawBank"},{"floor":27,"key":"Molten Egg 2"},{"floor":29,"key":"WingedGreaves"},{"floor":29,"key":"Regal Pillow"},{"floor":39,"key":"Potion Belt"},{"floor":42,"key":"hexamod:CandleOfCauterizing"},{"floor":42,"key":"HornCleat"},{"floor":45,"key":"Strawberry"},{"floor":45,"key":"champ:DuelingGlove"},{"floor":48,"key":"Slimebound:SlimedTailRelic"},{"floor":48,"key":"Sundial"},{"floor":52,"key":"Pantograph"},{"floor":52,"key":"Bronze Scales"}],"event_choices":[{"damage_healed":0,"gold_gain":0,"player_choice":"Fought Mushrooms","damage_taken":0,"max_hp_gain":0,"max_hp_loss":0,"event_name":"Mushrooms","floor":11,"gold_loss":0}],"is_beta":false,"boss_relics":[{"not_picked":["Coffee Dripper","Philosopher\u0027s Stone"],"picked":"Black Star"},{"not_picked":["SacredBark","Runic Pyramid"],"picked":"Busted Crown"}],"items_purged_floors":[44],"is_endless":false,"potions_floor_spawned":[2,3,6,11,15,22,25,26,27,29,31,32,33,36,37,39,42,44,45,46,48,49,52],"ascension_level":6}}