{"host":"krw8blyxua7at9ak","time":1611268183,"event":{"mods":["BaseMod","Highlight Path","Minty Spire (QoL Compilation)","ojb\u0027s Info Mod"],"gold_per_floor":[116,116,134,134,284,311,329,85,167,127,138,171,171,198,198,277,277,249,249,259,184,203,238,249,278,278,278,278],"floor_reached":27,"language":"ENG","playtime":1352,"items_purged":["Doubt"],"score":592,"play_id":"2d5cd6d6-3d32-4805-aaa6-56170eaa9c72","local_time":"20210121232943","is_ascension_mode":true,"campfire_choices":[{"data":"Terror","floor":13,"key":"SMITH"},{"data":"Blade Dance","floor":15,"key":"SMITH"}],"circlet_count":0,"master_deck":["AscendersBane","Strike_G","Strike_G+1","Strike_G","Strike_G","Strike_G","Defend_G","Defend_G","Defend_G","Defend_G","Defend_G","Survivor","Neutralize+1","Poisoned Stab+1","Leg Sweep","Terror+1","Blade Dance+1","After Image","Well Laid Plans+1","Malaise","Cloak And Dagger","Cloak And Dagger"],"relics":["Ring of the Snake","NeowsBlessing","Strawberry","OrangePellets","Paper Crane","Dream Catcher","MealTicket","Coffee Dripper","Incense Burner","Bottled Tornado","Mummified Hand","Ice Cream"],"acts_visited":["Exordium","TheCity"],"potions_floor_usage":[16,16,25,27],"damage_taken":[{"damage":0,"enemies":"Jaw Worm","floor":1,"turns":1},{"damage":0,"enemies":"Small Slimes","floor":3,"turns":1},{"damage":0,"enemies":"3 Sentries","floor":6,"turns":2},{"damage":3,"enemies":"2 Louse","floor":7,"turns":3},{"damage":1,"enemies":"Looter","floor":10,"turns":4},{"damage":0,"enemies":"2 Fungi Beasts","floor":11,"turns":4},{"damage":16,"enemies":"Lagavulin","floor":12,"turns":8},{"damage":20,"enemies":"3 Sentries","floor":14,"turns":12},{"damage":2,"enemies":"The Guardian","floor":16,"turns":11},{"damage":0,"enemies":"2 Thieves","floor":18,"turns":4},{"damage":6,"enemies":"Spheric Guardian","floor":20,"turns":7},{"damage":13,"enemies":"Shelled Parasite and Fungi","floor":22,"turns":10},{"damage":8,"enemies":"Book of Stabbing","floor":23,"turns":6},{"damage":1,"enemies":"Snecko","floor":24,"turns":12},{"damage":19,"enemies":"Slavers","floor":25,"turns":10},{"damage":15,"enemies":"Gremlin Leader","floor":27,"turns":10}],"seed_played":"7863983083346693462","potions_obtained":[{"floor":3,"key":"Regen Potion"},{"floor":7,"key":"Swift Potion"},{"floor":14,"key":"Dexterity Potion"},{"floor":16,"key":"SteroidPotion"},{"floor":22,"key":"BlessingOfTheForge"},{"floor":23,"key":"Explosive Potion"}],"is_trial":false,"path_per_floor":["M","?","M","?","?","E","M","$","T","M","M","E","R","E","R","B",null,"M","?","M","?","M","E","M","E","T","E"],"character_chosen":"THE_SILENT","items_purchased":["OrangePellets"],"campfire_rested":0,"item_purchase_floors":[8],"current_hp_per_floor":[59,39,39,39,39,46,43,43,43,42,42,26,26,6,6,19,60,60,60,54,54,41,33,32,13,13,0,0],"gold":278,"neow_bonus":"THREE_ENEMY_KILL","is_daily":false,"chose_seed":false,"campfire_upgraded":2,"win_rate":0.0,"timestamp":1611268183,"path_taken":["M","?","M","?","?","E","M","$","T","M","M","E","R","E","R","BOSS","M","?","M","?","M","E","M","E","T","E"],"items_purchased_type":["Relic"],"build_version":"2020-12-22","purchased_purges":1,"victory":false,"max_hp_per_floor":[66,66,66,66,66,73,73,73,73,73,73,73,73,73,73,73,73,73,73,73,73,73,73,73,73,73,73,73],"card_choices":[{"not_picked":["PiercingWail","Slice"],"picked":"Poisoned Stab","floor":1},{"not_picked":["Acrobatics","Sucker Punch"],"picked":"Leg Sweep","floor":3},{"not_picked":["Flechettes","Backflip","Acrobatics"],"picked":"SKIP","floor":6},{"not_picked":["Expertise","Dash"],"picked":"Terror","floor":7},{"not_picked":["Sucker Punch","Acrobatics","Well Laid Plans"],"picked":"SKIP","floor":10},{"not_picked":["Backflip","Distraction","Acrobatics"],"picked":"SKIP","floor":11},{"not_picked":["Outmaneuver","Sucker Punch"],"picked":"Blade Dance","floor":12},{"not_picked":["Flechettes","Choke","Dagger Spray"],"picked":"SKIP","floor":14},{"not_picked":["Night Terror","Venomology"],"picked":"After Image","floor":16},{"not_picked":["Dodge and Roll","Bane","Tactician"],"picked":"SKIP","floor":18},{"not_picked":["Dagger Spray","Eviscerate"],"picked":"Well Laid Plans+1","floor":20},{"not_picked":["Slice","Prepared"],"picked":"Malaise","floor":22},{"not_picked":["PiercingWail","Dagger Spray"],"picked":"Cloak And Dagger","floor":23},{"not_picked":["Heel Hook","Leg Sweep"],"picked":"Cloak And Dagger","floor":24},{"not_picked":["Finisher","Setup","PiercingWail"],"picked":"SKIP","floor":25}],"player_experience":359685,"relics_obtained":[{"floor":6,"key":"Strawberry"},{"floor":9,"key":"Paper Crane"},{"floor":12,"key":"Dream Catcher"},{"floor":14,"key":"MealTicket"},{"floor":23,"key":"Bottled Tornado"},{"floor":25,"key":"Mummified Hand"},{"floor":26,"key":"Ice Cream"}],"event_choices":[{"damage_healed":0,"gold_gain":0,"player_choice":"Entered Light","damage_taken":20,"max_hp_gain":0,"max_hp_loss":0,"event_name":"Shining Light","floor":2,"gold_loss":0,"cards_upgraded":["Neutralize","Strike_G"]},{"damage_healed":0,"gold_gain":0,"player_choice":"Grow","damage_taken":0,"max_hp_gain":0,"max_hp_loss":0,"event_name":"Living Wall","floor":4,"gold_loss":0,"cards_upgraded":["Poisoned Stab"]},{"damage_healed":0,"gold_gain":150,"player_choice":"AGREE","damage_taken":0,"max_hp_gain":0,"max_hp_loss":0,"event_name":"Liars Game","floor":5,"gold_loss":0,"cards_obtained":["Doubt"]},{"damage_healed":0,"gold_gain":0,"player_choice":"Opened","damage_taken":0,"relics_obtained":["Incense Burner"],"max_hp_gain":0,"max_hp_loss":0,"event_name":"The Mausoleum","floor":19,"gold_loss":0,"cards_obtained":["Writhe"]},{"cards_removed":["Writhe"],"damage_healed":0,"gold_gain":0,"player_choice":"Gave Gold","damage_taken":0,"max_hp_gain":0,"max_hp_loss":0,"event_name":"Beggar","floor":21,"gold_loss":75}],"is_beta":false,"boss_relics":[{"not_picked":["Runic Pyramid","Philosopher\u0027s Stone"],"picked":"Coffee Dripper"}],"items_purged_floors":[8],"is_endless":false,"potions_floor_spawned":[3,7,14,16,22,23],"killed_by":"Gremlin Leader","ascension_level":20}}