{"host":"5gfra4hjb6stk8c2","time":1611239955,"event":{"mods":["BaseMod","Minty Spire (QoL Compilation)"],"gold_per_floor":[114,134,134,144,158,184,73,90,90,120,120,150,167,180,180,281,281,292,292,292,9,19,49,49,59,104,131,401,419,419,419],"floor_reached":30,"language":"ENG","playtime":926,"items_purged":["Defend_P","Eruption"],"score":497,"play_id":"42fda83a-523d-468e-bc9b-68e29f193f3f","local_time":"20210121113915","is_ascension_mode":true,"campfire_choices":[{"data":"Fasting2","floor":11,"key":"SMITH"},{"data":"Omniscience","floor":15,"key":"SMITH"},{"data":"Vault","floor":24,"key":"SMITH"}],"circlet_count":0,"master_deck":["Strike_P","Strike_P","Strike_P","Strike_P","Defend_P","Defend_P","Vigilance","Consecrate","Consecrate","Prostrate","DevaForm","Fasting2+1","Consecrate","Consecrate","Omniscience+1","Tantrum+1","Vault+1","Worship","Ghostly","Ghostly","Ghostly","Ghostly","Ghostly","CrushJoints+1","Worship","FlurryOfBlows+1"],"relics":["PureWater","NeowsBlessing","Prayer Wheel","Eternal Feather","HornCleat","Molten Egg 2","Black Star","Membership Card","Happy Flower","Turnip","CaptainsWheel","Nunchaku","TeardropLocket","Anchor"],"acts_visited":["Exordium","TheCity"],"potions_floor_usage":[6,6,13,16,20,27,30,30,30],"damage_taken":[{"damage":0,"enemies":"Cultist","floor":1,"turns":1},{"damage":0,"enemies":"2 Louse","floor":2,"turns":1},{"damage":0,"enemies":"Jaw Worm","floor":4,"turns":1},{"damage":10,"enemies":"Lots of Slimes","floor":5,"turns":2},{"damage":23,"enemies":"Gremlin Nob","floor":6,"turns":4},{"damage":0,"enemies":"2 Fungi Beasts","floor":8,"turns":2},{"damage":4,"enemies":"3 Sentries","floor":10,"turns":3},{"damage":2,"enemies":"Gremlin Nob","floor":12,"turns":3},{"damage":4,"enemies":"Large Slime","floor":13,"turns":5},{"damage":6,"enemies":"Exordium Wildlife","floor":14,"turns":2},{"damage":22,"enemies":"Hexaghost","floor":16,"turns":4},{"damage":12,"enemies":"Chosen","floor":18,"turns":3},{"damage":0,"enemies":"2 Thieves","floor":20,"turns":1},{"damage":0,"enemies":"Snecko","floor":22,"turns":5},{"damage":0,"enemies":"Gremlin Leader","floor":23,"turns":6},{"damage":0,"enemies":"3 Cultists","floor":25,"turns":3},{"damage":0,"enemies":"Book of Stabbing","floor":27,"turns":1},{"damage":0,"enemies":"Centurion and Healer","floor":29,"turns":4},{"damage":15,"enemies":"Slavers","floor":30,"turns":1}],"seed_played":"5334373177842600151","potions_obtained":[{"floor":2,"key":"ColorlessPotion"},{"floor":4,"key":"CultistPotion"},{"floor":12,"key":"Regen Potion"},{"floor":14,"key":"Strength Potion"},{"floor":16,"key":"AttackPotion"},{"floor":18,"key":"SmokeBomb"},{"floor":22,"key":"Dexterity Potion"},{"floor":23,"key":"Dexterity Potion"},{"floor":29,"key":"LiquidMemories"}],"is_trial":false,"path_per_floor":["M","M","?","M","M","E","$","M","T","E","R","E","M","M","R","B",null,"M","?","M","$","M","E","R","M","T","E","?","M","E"],"character_chosen":"WATCHER","items_purchased":["Fasting2","Membership Card","Happy Flower"],"campfire_rested":0,"item_purchase_floors":[7,21,21],"current_hp_per_floor":[65,65,65,65,55,32,32,32,32,28,37,35,45,39,48,26,61,49,36,36,36,36,36,36,36,36,36,9,9,0,0],"gold":419,"neow_bonus":"THREE_ENEMY_KILL","is_daily":false,"chose_seed":false,"campfire_upgraded":3,"win_rate":0.0,"timestamp":1611239955,"path_taken":["M","?","?","M","M","E","$","?","T","E","R","E","M","M","R","BOSS","M","?","M","$","M","E","R","M","T","E","?","?","E"],"items_purchased_type":["Card","Relic","Relic"],"build_version":"2020-12-22","purchased_purges":2,"victory":false,"max_hp_per_floor":[72,72,72,72,72,72,72,72,72,72,72,72,72,72,72,72,72,72,36,36,36,36,36,36,36,36,36,36,36,36,36],"card_choices":[{"not_picked":["CutThroughFate","FearNoEvil","Perseverance"],"picked":"SKIP","floor":1},{"not_picked":["FlyingSleeves","BattleHymn"],"picked":"Consecrate","floor":2},{"not_picked":["Wallop","CrushJoints"],"picked":"Consecrate","floor":4},{"not_picked":["Adaptation","PathToVictory"],"picked":"Prostrate","floor":5},{"not_picked":["InnerPeace","Crescendo"],"picked":"DevaForm","floor":6},{"not_picked":["FlyingSleeves","Perseverance"],"picked":"Consecrate","floor":8},{"not_picked":["Wallop","CutThroughFate","CarveReality"],"picked":"SKIP","floor":8},{"not_picked":["Halt","SashWhip"],"picked":"Consecrate","floor":10},{"not_picked":["CutThroughFate+1","JustLucky+1","Collect"],"picked":"SKIP","floor":12},{"not_picked":["FearNoEvil+1","Perseverance"],"picked":"Omniscience","floor":13},{"not_picked":["JustLucky+1","Evaluate","BowlingBash+1"],"picked":"SKIP","floor":13},{"not_picked":["Prostrate","JustLucky+1"],"picked":"Tantrum+1","floor":14},{"not_picked":["Adaptation","CarveReality+1","Perseverance"],"picked":"SKIP","floor":14},{"not_picked":["LessonLearned+1","DeusExMachina"],"picked":"Vault","floor":16},{"not_picked":["JustLucky+1","CrushJoints+1"],"picked":"Worship","floor":18},{"not_picked":["ForeignInfluence","ClearTheMind","Indignation+1"],"picked":"SKIP","floor":18},{"not_picked":["Wireheading+1","Crescendo","Prostrate"],"picked":"SKIP","floor":22},{"not_picked":["Protect","FollowUp+1","DeceiveReality+1"],"picked":"SKIP","floor":22},{"not_picked":["Indignation+1","ClearTheMind+1"],"picked":"CrushJoints+1","floor":23},{"not_picked":["Weave+1","Wallop+1"],"picked":"Worship","floor":25},{"not_picked":["Indignation+1","SandsOfTime+1","ThirdEye"],"picked":"SKIP","floor":25},{"not_picked":["Vengeance","Conclude+1"],"picked":"FlurryOfBlows+1","floor":27},{"not_picked":["Evaluate","ClearTheMind","FlyingSleeves+1"],"picked":"SKIP","floor":29},{"not_picked":["JustLucky+1","TalkToTheHand+1","Blasphemy"],"picked":"SKIP","floor":29}],"player_experience":176899,"relics_obtained":[{"floor":6,"key":"Prayer Wheel"},{"floor":9,"key":"Eternal Feather"},{"floor":10,"key":"HornCleat"},{"floor":12,"key":"Molten Egg 2"},{"floor":23,"key":"Turnip"},{"floor":23,"key":"CaptainsWheel"},{"floor":26,"key":"Nunchaku"},{"floor":27,"key":"TeardropLocket"},{"floor":27,"key":"Anchor"}],"event_choices":[{"cards_removed":["Defend_P"],"damage_healed":0,"gold_gain":0,"player_choice":"Purged","damage_taken":0,"max_hp_gain":0,"max_hp_loss":0,"event_name":"Purifier","floor":3,"gold_loss":0},{"damage_healed":0,"gold_gain":0,"player_choice":"Became a Ghost","damage_taken":0,"max_hp_gain":0,"max_hp_loss":36,"event_name":"Ghosts","floor":19,"gold_loss":0,"cards_obtained":["Ghostly","Ghostly","Ghostly","Ghostly","Ghostly"]},{"damage_healed":0,"gold_gain":270,"player_choice":"GOLD GOLD GOLD ","damage_taken":27,"max_hp_gain":0,"max_hp_loss":0,"event_name":"Knowing Skull","floor":28,"potions_obtained":[],"gold_loss":0,"cards_obtained":[]}],"is_beta":false,"boss_relics":[{"not_picked":["Runic Dome","Fusion Hammer"],"picked":"Black Star"}],"items_purged_floors":[7,21],"is_endless":false,"potions_floor_spawned":[2,4,12,14,16,18,22,23,29],"killed_by":"Slavers","ascension_level":6}}