{"host":"mbj2cbgnaexp1bjw","time":1611216630,"event":{"mods":["BaseMod","DNKmod","Friendly Minions","Grow up Mod","Highlight Path","Minty Spire (QoL Compilation)","Remove Card Discount Mod","Replay The Spire","Spicy Shops","StSLib"],"gold_per_floor":[1012,1032,1032,1052,47,72,86,115,115,133,159,176,188,188,188,292,292,308,322,172,172,192,222,222,222,222,251,251,286,298,298,298,394,394,404,419,127,137,157,190,190,202,202,252,252,270,31,44,44,44,44,44,44,71,71],"floor_reached":56,"language":"ZHS","playtime":2327,"items_purged":["Strike_P","Strike_P","Strike_P","Strike_P","Defend_P","Defend_P","Defend_P","Defend_P","Eruption","Vigilance","SashWhip","Adaptation","Ragnarok","Consecrate+1","CrushJoints+1","Clumsy","ReplayTheSpireMod:Doomed","ReplayTheSpireMod:Splinters","SignatureMove","Recycle","White Noise"],"score":1829,"play_id":"835a2096-8a6a-4414-b722-9a27bf210190","local_time":"20210121161030","is_ascension_mode":true,"campfire_choices":[{"data":"Pot Of Greed","floor":15.0,"key":"SMITH"},{"data":"Pot Of Greed","floor":24.0,"key":"SMITH"},{"floor":28.0,"key":"RECALL"},{"floor":32.0,"key":"DIG"},{"data":"Crow Ritual","floor":41.0,"key":"SMITH"},{"data":"Pot Of Greed","floor":45.0,"key":"SMITH"},{"data":"Amplify","floor":49,"key":"SMITH"},{"data":"Evaluate","floor":52,"key":"SMITH"}],"circlet_count":0,"master_deck":["Evaluate+1","Evaluate+1","Pot Of Greed+1","Pot Of Greed+1","Acrobatics+1","Crow Ritual+1","Crow Ritual+1","ReplaySort","Amplify+1","Pot Of Greed+1"],"relics":["PureWater","NeowsBlessing","Mummified Hand","Bag of Marbles","Strange Spoon","PrismaticShard","Whetstone","Oddly Smooth Stone","Grinning Jar","The Courier","Singing Bowl","Replay:Ancient Bell","Bronze Scales","ReplayTheSpireMod:Ninjato","Replay:Purple Gloves","DollysMirror","Garlic","Replay:Bottled Flurry","War Paint","Incense Burner","TheAbacus","Turnip","Boot","Omamori","Counterbalance","Membership Card","TungstenRod","Letter Opener"],"acts_visited":["Exordium","TheCity","TheBeyond","TheEnding"],"potions_floor_usage":[55,55,55,55,55,55],"damage_taken":[{"damage":0.0,"enemies":"Small Slimes","floor":1.0,"turns":1.0},{"damage":0.0,"enemies":"Cultist","floor":2.0,"turns":1.0},{"damage":0.0,"enemies":"2 Louse","floor":4.0,"turns":1.0},{"damage":0.0,"enemies":"3 Sentries","floor":6.0,"turns":5.0},{"damage":0.0,"enemies":"Lots of Slimes","floor":7.0,"turns":1.0},{"damage":0.0,"enemies":"Lagavulin","floor":8.0,"turns":2.0},{"damage":0.0,"enemies":"2 Fungi Beasts","floor":10.0,"turns":2.0},{"damage":0.0,"enemies":"3 Sentries","floor":11.0,"turns":3.0},{"damage":0.0,"enemies":"Gremlin Gang","floor":12.0,"turns":2.0},{"damage":0.0,"enemies":"3 Louse","floor":13.0,"turns":2.0},{"damage":0.0,"enemies":"Slime Boss","floor":16.0,"turns":2.0},{"damage":0.0,"enemies":"Spheric Guardian","floor":18.0,"turns":2.0},{"damage":18.0,"enemies":"Chosen","floor":19.0,"turns":4.0},{"damage":0.0,"enemies":"Snecko","floor":22.0,"turns":1.0},{"damage":0.0,"enemies":"Gremlin Leader","floor":23.0,"turns":1.0},{"damage":0.0,"enemies":"Replay:Snechameleon","floor":27.0,"turns":1.0},{"damage":0.0,"enemies":"Gremlin Leader","floor":29.0,"turns":1.0},{"damage":0.0,"enemies":"Centurion and Healer","floor":30.0,"turns":1.0},{"damage":0.0,"enemies":"Champ","floor":33.0,"turns":2.0},{"damage":0.0,"enemies":"3 Shapes","floor":35.0,"turns":1.0},{"damage":0.0,"enemies":"Orb Walker","floor":36.0,"turns":1.0},{"damage":0.0,"enemies":"Jaw Worm Horde","floor":38.0,"turns":1.0},{"damage":0.0,"enemies":"4 Shapes","floor":39.0,"turns":1.0},{"damage":0.0,"enemies":"Nemesis","floor":40.0,"turns":1.0},{"damage":0.0,"enemies":"3 Darklings","floor":42.0,"turns":1.0},{"damage":0.0,"enemies":"Mind Bloom Boss Battle","floor":44.0,"turns":1.0},{"damage":0.0,"enemies":"Maw","floor":46.0,"turns":1.0},{"damage":0,"enemies":"Sphere and 2 Shapes","floor":48,"turns":1},{"damage":0,"enemies":"Awakened One","floor":50,"turns":2},{"damage":0,"enemies":"Shield and Spear","floor":54,"turns":1},{"damage":40,"enemies":"The Heart","floor":55,"turns":3}],"seed_played":"3761315749328631209","potions_obtained":[{"floor":2.0,"key":"Ancient Potion"},{"floor":6.0,"key":"SpeedPotion"},{"floor":8.0,"key":"LiquidMemories"},{"floor":11.0,"key":"Fire Potion"},{"floor":22.0,"key":"Swift Potion"},{"floor":44.0,"key":"EntropicBrew"}],"is_trial":false,"path_per_floor":["M","M","?","M","$","E","M","E","T","M","E","M","M","T","R","B",null,"M","M","$","?","M","E","R","?","T","E","R","E","M","?","R","B",null,"M","M","$","M","M","E","R","M","T","?","R","M","$","M","R","B",null,"R","$","E","B",null],"character_chosen":"WATCHER","items_purchased":["Ragnarok","Evaluate","Adaptation","Mummified Hand","Bag of Marbles","Strange Spoon","PrismaticShard","DollysMirror","TheAbacus","Turnip","Membership Card","TungstenRod"],"campfire_rested":0,"item_purchase_floors":[5,5,5,5,5,5,5,20,37,37,47,47],"current_hp_per_floor":[120,130,140,150,160,170,180,190,200,210,220,230,240,250,260,270,284,296,290,300,310,322,332,342,352,362,374,384,396,408,418,428,438,466,478,490,500,512,524,536,546,558,568,580,590,602,612,624,634,644,654,664,674,686,656],"gold":71,"neow_bonus":"THREE_ENEMY_KILL","is_daily":false,"chose_seed":false,"campfire_upgraded":6,"win_rate":0.0,"timestamp":1611216630,"path_taken":["M","M","?","M","$","E","M","E","T","M","E","M","?","?","R","BOSS","M","M","$","?","?","E","R","?","T","E","R","E","?","?","R","BOSS","M","M","$","M","M","E","R","M","T","?","R","M","$","M","R","BOSS","R","$","E","BOSS"],"items_purchased_type":["Card","Card","Card","Relic","Relic","Relic","Relic","Relic","Relic","Relic","Relic","Relic"],"build_version":"2020-12-22","purchased_purges":21,"victory":true,"max_hp_per_floor":[120,130,140,150,160,170,180,190,200,210,220,230,240,250,260,270,284,296,308,318,328,340,350,360,370,380,392,402,414,426,436,446,456,466,478,490,500,512,524,536,546,558,568,580,590,602,612,624,634,644,654,664,674,686,696],"card_choices":[{"not_picked":["BowlingBash","Consecrate"],"picked":"SashWhip","floor":1.0},{"not_picked":["Evaluate","Replay:AtTheReady"],"picked":"CrushJoints","floor":2.0},{"not_picked":["Replay:ManipulateFuture","BowlingBash"],"picked":"Consecrate","floor":4.0},{"not_picked":["Protect","Sadistic Nature","Sunder"],"picked":"SKIP","floor":6.0},{"not_picked":["Body Slam","Perfected Strike"],"picked":"Evaluate","floor":7.0},{"not_picked":["Doppelganger","Backflip"],"picked":"White Noise","floor":8.0},{"not_picked":["FollowUp","ReplayGash"],"picked":"Acrobatics","floor":10.0},{"not_picked":["ReplayTheSpireMod:System Scan","Entrench","Blade Dance"],"picked":"SKIP","floor":11.0},{"not_picked":["Halt","Flex"],"picked":"Recycle","floor":12.0},{"not_picked":["JustLucky","ThirdEye"],"picked":"SignatureMove","floor":13.0},{"not_picked":["Replay:AllIn","Metamorphosis"],"picked":"Crow Ritual","floor":16.0},{"not_picked":["Doubt","Writhe"],"picked":"Clumsy","floor":17.0},{"not_picked":["ReplayTheSpireMod:Restless Dread","ReplayTheSpireMod:Doomed","Looming Evil"],"picked":"Singing Bowl","floor":17.0},{"not_picked":["Spreading Infection","Voices","ReplayTheSpireMod:Splinters"],"picked":"Singing Bowl","floor":17.0},{"not_picked":["Panic Button","ReplayGash","Survey Options"],"picked":"Singing Bowl","floor":18.0},{"not_picked":["Ball Lightning","Tactician","Evaluate"],"picked":"Singing Bowl","floor":19.0},{"not_picked":["Darkness+1","Quick Slash","Replay:BluntJabs"],"picked":"Singing Bowl","floor":22.0},{"not_picked":["Cold Snap+1","Iron Wave"],"picked":"ReplaySort","floor":23.0},{"not_picked":["Infinite Blades+1","Intimidate+1","FlurryOfBlows+1"],"picked":"Singing Bowl","floor":27.0},{"not_picked":["Caltrops+1","Survey Options","Doppelganger"],"picked":"Singing Bowl","floor":29.0},{"not_picked":["Poisoned Stab+1","Clothesline","Quick Slash"],"picked":"Singing Bowl","floor":30.0},{"not_picked":["Thunder Strike","Berserk"],"picked":"Amplify","floor":33.0},{"not_picked":["ReplayTheSpireMod:System Scan+1","Flex+1","Dagger Throw"],"picked":"Singing Bowl","floor":35.0},{"not_picked":["Run Through","Replay:AtTheReady+1","Conserve Battery"],"picked":"Singing Bowl","floor":36.0},{"not_picked":["Go for the Eyes+1","SashWhip","Wild Strike+1"],"picked":"Singing Bowl","floor":38.0},{"not_picked":["Body Slam+1","Skewer","Outmaneuver+1"],"picked":"Singing Bowl","floor":39.0},{"not_picked":["Dagger Throw+1","Glacier","Hologram"],"picked":"Singing Bowl","floor":40.0},{"not_picked":["Consume+1","Dagger Throw+1","ForeignInfluence"],"picked":"Singing Bowl","floor":42.0},{"not_picked":["PiercingWail+1","Ball Lightning","A Thousand Cuts"],"picked":"Singing Bowl","floor":44.0},{"not_picked":["Cloak And Dagger","Halt+1","Hologram"],"picked":"Singing Bowl","floor":46.0},{"not_picked":["Wallop","Sucker Punch+1","JustLucky"],"picked":"Singing Bowl","floor":48},{"not_picked":["JustLucky","Sucker Punch+1","Havoc+1"],"picked":"Singing Bowl","floor":54}],"player_experience":80776,"relics_obtained":[{"floor":6.0,"key":"Whetstone"},{"floor":8.0,"key":"Oddly Smooth Stone"},{"floor":9.0,"key":"Grinning Jar"},{"floor":11.0,"key":"The Courier"},{"floor":14.0,"key":"Singing Bowl"},{"floor":23.0,"key":"Garlic"},{"floor":27.0,"key":"Replay:Bottled Flurry"},{"floor":29.0,"key":"War Paint"},{"floor":32.0,"key":"Incense Burner"},{"floor":40.0,"key":"Boot"},{"floor":43.0,"key":"Omamori"},{"floor":44.0,"key":"Counterbalance"},{"floor":54,"key":"Letter Opener"}],"event_choices":[{"damage_healed":0.0,"max_hp_gain":0.0,"max_hp_loss":0.0,"gold_gain":0.0,"event_name":"The Woman in Blue","player_choice":"Bought 0 Potions","floor":3.0,"gold_loss":0.0,"damage_taken":0.0},{"damage_healed":0.0,"max_hp_gain":0.0,"max_hp_loss":0.0,"gold_gain":0.0,"event_name":"Match and Keep!","player_choice":"0 cards matched","floor":21.0,"gold_loss":0.0,"damage_taken":0.0,"cards_obtained":[]},{"damage_healed":0.0,"max_hp_gain":0.0,"max_hp_loss":0.0,"gold_gain":0.0,"event_name":"Accursed Blacksmith","player_choice":"Forge","floor":25.0,"gold_loss":0.0,"damage_taken":0.0,"cards_upgraded":["Crow Ritual"]},{"damage_healed":0.0,"max_hp_gain":0.0,"max_hp_loss":0.0,"gold_gain":0.0,"event_name":"MindBloom","player_choice":"Fight","floor":44.0,"gold_loss":0.0,"damage_taken":0.0}],"is_beta":false,"boss_relics":[{"not_picked":["Replay:Bronze Core","HolyWater"],"picked":"Replay:Ancient Bell"},{"not_picked":["Strawberry","Simple Rune"],"picked":"Bronze Scales"},{"not_picked":["Onion Ring","Ornamental Fan"],"picked":"ReplayTheSpireMod:Ninjato"},{"not_picked":["Bird Faced Urn","Old Coin"],"picked":"Replay:Purple Gloves"},{"not_picked":["ChewingGum","Snecko Eye","Replay:Drink Me"]}],"items_purged_floors":[5,5,5,5,20,20,20,20,20,20,20,20,20,20,20,20,20,20,20,20,20],"is_endless":false,"potions_floor_spawned":[2,6,8,11,16,22,27,33,35,38,39,44,48],"ascension_level":1}}