{"host":"vyjryxuuuxkt43k4","time":1611235616,"event":{"mods":["AchievementEnabler","BaseMod","Colored Map","DeckTracker","Keyboard Shortcuts","Minty Spire (QoL Compilation)","Permanent Neow","Quick Restart","StSLib","SuperFastMode","everything is the same but u backflip on backflip"],"gold_per_floor":[111,130,49,49,64,64,99,99,124,137,137,157,185,204,204,304,304,322,232,247,265,66,66,66,95,119,136,136,136],"floor_reached":28,"language":"KOR","playtime":2071,"items_purged":[],"score":325,"play_id":"e1a5595a-91ed-432b-b403-8c412e715fed","local_time":"20210121222656","is_ascension_mode":true,"campfire_choices":[{"data":"Dualcast","floor":6.0,"key":"SMITH"},{"floor":8.0,"key":"REST"},{"floor":11.0,"key":"REST"},{"data":"Beam Cell","floor":15.0,"key":"SMITH"},{"floor":23.0,"key":"REST"}],"circlet_count":0,"master_deck":["Zap","Dualcast+1","All For One","Cold Snap","Ball Lightning+1","FTL","Turbo","Capacitor","Compile Driver","Coolheaded","Heatsinks","Beam Cell+1","Core Surge","All For One","Doom and Gloom","Loop","Melter","White Noise","FTL+1","Echo Form","Sunder","FTL+1","Go for the Eyes","Conserve Battery"],"relics":["Cracked Core","Toy Ornithopter","Omamori","Kunai","Pandora\u0027s Box","Lantern","MutagenicStrength","PreservedInsect","Oddly Smooth Stone"],"acts_visited":["Exordium","TheCity"],"potions_floor_usage":[],"damage_taken":[{"damage":6.0,"enemies":"2 Louse","floor":1.0,"turns":3.0},{"damage":7.0,"enemies":"Small Slimes","floor":2.0,"turns":4.0},{"damage":0.0,"enemies":"Cultist","floor":5.0,"turns":2.0},{"damage":29.0,"enemies":"Gremlin Nob","floor":7.0,"turns":4.0},{"damage":4.0,"enemies":"Red Slaver","floor":10.0,"turns":2.0},{"damage":12.0,"enemies":"3 Louse","floor":12.0,"turns":3.0},{"damage":16.0,"enemies":"Lagavulin","floor":13.0,"turns":6.0},{"damage":3.0,"enemies":"Blue Slaver","floor":14.0,"turns":2.0},{"damage":9.0,"enemies":"Hexaghost","floor":16.0,"turns":8.0},{"damage":12.0,"enemies":"Chosen","floor":18.0,"turns":3.0},{"damage":6.0,"enemies":"3 Byrds","floor":20.0,"turns":4.0},{"damage":14.0,"enemies":"Centurion and Healer","floor":21.0,"turns":4.0},{"damage":37.0,"enemies":"Book of Stabbing","floor":25.0,"turns":5.0},{"damage":18,"enemies":"3 Cultists","floor":27,"turns":4},{"damage":13,"enemies":"Slavers","floor":28,"turns":1}],"seed_played":"-8030038189425244446","potions_obtained":[{"floor":1.0,"key":"Energy Potion"},{"floor":5.0,"key":"SpeedPotion"},{"floor":7.0,"key":"Strength Potion"},{"floor":12.0,"key":"Fire Potion"},{"floor":14.0,"key":"GamblersBrew"},{"floor":21.0,"key":"SkillPotion"},{"floor":25.0,"key":"PotionOfCapacity"},{"floor":27,"key":"BlessingOfTheForge"}],"is_trial":false,"path_per_floor":["M","M","$","?","M","R","E","R","T","M","R","M","E","M","R","B",null,"M","?","M","M","$","R","?","E","T","M","E"],"character_chosen":"DEFECT","items_purchased":["FTL","Conserve Battery","Lantern"],"campfire_rested":3,"item_purchase_floors":[3,22,22],"current_hp_per_floor":[62,55,55,40,40,40,11,33,33,29,51,39,23,20,20,16,60,48,48,42,33,33,55,55,28,28,10,0,0],"gold":136,"neow_bonus":"ONE_RANDOM_RARE_CARD","is_daily":false,"chose_seed":false,"campfire_upgraded":2,"win_rate":0.0,"timestamp":1611235616,"path_taken":["M","M","$","?","M","R","E","R","T","M","R","M","E","M","R","BOSS","M","?","?","M","?","R","?","E","T","M","E"],"items_purchased_type":["Card","Card","Relic"],"build_version":"2020-12-22","purchased_purges":0,"victory":false,"max_hp_per_floor":[75,75,75,75,75,75,75,75,75,75,75,75,75,75,75,75,75,75,75,75,75,75,75,75,75,75,75,75,75],"card_choices":[{"not_picked":["Beam Cell","Double Energy"],"picked":"Cold Snap","floor":1.0},{"not_picked":["Coolheaded","Force Field"],"picked":"Ball Lightning","floor":2.0},{"not_picked":["Stack","Rebound"],"picked":"Turbo","floor":5.0},{"not_picked":["Redo","Blizzard"],"picked":"Capacitor","floor":7.0},{"not_picked":["Skim","Heatsinks"],"picked":"Compile Driver","floor":10.0},{"not_picked":["Redo","Hologram"],"picked":"Coolheaded","floor":12.0},{"not_picked":["Beam Cell","Cold Snap"],"picked":"Heatsinks","floor":13.0},{"not_picked":["Rainbow","Barrage"],"picked":"Beam Cell","floor":14.0},{"not_picked":["Fission","Multi-Cast"],"picked":"Core Surge","floor":16.0},{"not_picked":["Ball Lightning","Cold Snap"],"picked":"Sunder","floor":18.0},{"not_picked":["Tempest","Barrage"],"picked":"FTL+1","floor":20.0},{"not_picked":["Ball Lightning+1","Doom and Gloom+1"],"picked":"Go for the Eyes","floor":21.0},{"not_picked":["Heatsinks","Ball Lightning","Streamline"],"picked":"SKIP","floor":25.0},{"not_picked":["Coolheaded","Lockon","Go for the Eyes"],"picked":"SKIP","floor":27}],"player_experience":207519,"relics_obtained":[{"floor":7.0,"key":"Toy Ornithopter"},{"floor":9.0,"key":"Omamori"},{"floor":13.0,"key":"Kunai"},{"floor":25.0,"key":"PreservedInsect"},{"floor":26.0,"key":"Oddly Smooth Stone"}],"event_choices":[{"damage_healed":0.0,"max_hp_gain":0.0,"max_hp_loss":0.0,"gold_gain":0.0,"event_name":"Shining Light","player_choice":"Entered Light","floor":4.0,"gold_loss":0.0,"damage_taken":15.0,"cards_upgraded":["Strike_B","Ball Lightning"]},{"cards_removed":["Thunder Strike"],"damage_healed":0.0,"max_hp_gain":0.0,"max_hp_loss":0.0,"gold_gain":0.0,"event_name":"Designer","player_choice":"Upgrade and Remove","floor":19.0,"gold_loss":90.0,"damage_taken":0.0,"cards_upgraded":["FTL"]},{"damage_healed":0.0,"max_hp_gain":0.0,"max_hp_loss":0.0,"gold_gain":0.0,"event_name":"Drug Dealer","player_choice":"Inject Mutagens","floor":24.0,"gold_loss":0.0,"damage_taken":0.0,"relics_obtained":["MutagenicStrength"]}],"is_beta":false,"boss_relics":[{"not_picked":["Velvet Choker","Runic Dome"],"picked":"Pandora\u0027s Box"}],"items_purged_floors":[],"is_endless":false,"potions_floor_spawned":[1,5,7,12,14,21,25,27],"killed_by":"Slavers","ascension_level":6}}