{"host":"rbccvrvdyhsypb23","time":1611253350,"event":{"mods":["AchievementEnabler","Act Like it!","Arknights The Spire","Aspiration","BaseMod","Better Third Choice","BetterRewards","Fox Events","Friendly Minions","Gensokyo","Hubris","Infinite Spire","Ironclad Rager","KomeijiMod","Minty Spire (QoL Compilation)","Replay The Spire","Shade Mod","StSLib","The Blackbeard","The Marked","The Mystic","Wandering Minibosses","vexMod"],"gold_per_floor":[115,115,128,146,163,197,197,214,214,278,278,295,295,295,295,393,393,412,469,489,501,501,501,533,550,550,563,199,228,228,228,228,329,329,347,347,347,347,347,347,377,377,402,377,391,410,445,465,465,566,566,572,581,581,580,580,589,589,268,268,198,198,330,23,27,27,105,105,109,305,308,403,403,413,403,398,421,437,434,427,442,524,524,578,578,578],"floor_reached":85,"language":"ENG","playtime":3930,"items_purged":[],"score":2036,"play_id":"5ab12eae-d127-47de-ab0e-f97df5caf64d","local_time":"20210121212230","is_ascension_mode":false,"campfire_choices":[{"floor":7.0,"key":"REST"},{"floor":11.0,"key":"REST"},{"data":"ats:Burning Ground","floor":13.0,"key":"SMITH"},{"floor":15.0,"key":"REST"},{"data":"ats:Burning Ground","floor":23.0,"key":"SMITH"},{"floor":30.0,"key":"REST"},{"data":"ats:Phantom","floor":32.0,"key":"SMITH"},{"data":"ats:Flame Of Heaven","floor":40.0,"key":"SMITH"},{"data":"ats:Echo Reverb","floor":42.0,"key":"SMITH"},{"floor":49.0,"key":"DIG"},{"data":"ats:Rat Pack","floor":58,"key":"SMITH"},{"data":"infinitespire:Oblivion","floor":62,"key":"SMITH"},{"data":"infinitespire:Gouge","floor":66,"key":"SMITH"},{"data":"Pot Of Greed","floor":83,"key":"SMITH"}],"circlet_count":0,"master_deck":["ats:Strike C","ats:Strike G","ats:Strike S","ats:Strike V","ats:Armor Crushing Shot","ats:Defend","ats:Defend","ats:Defend","ats:Emotion Absorption","ats:Closed Bolt Burst Fire+1","ats:Ignite","ats:Burning Ground+1","ats:Ignite","ats:Sunburst","ats:Directed Diagnosis","ats:Revitalization","ats:Burning Ground+1","ats:Wolf Pack+1","infinitespire:Gouge+1","ats:Soul Absorption+1","ats:Flame Of Heaven+1","ats:Apocalypse","ats:Phantom+1","ats:Very Hot Blade","infinitespire:Oblivion+1","ats:Echo Reverb+1","ats:Mental Burst+1","ats:Very Hot Blade","ats:Rat Pack+1","ats:Volcano","ats:Flame Of Heaven","Gensokyo:AllTheWorldsEvil","Pot Of Greed+1","Pot Of Greed","Pot Of Greed","ats:Burning Ground","ats:Mental Burst+1"],"relics":["ats:Sanity","hubris:BundleOfHerbs","ats:Originium","Dream Catcher","vexMod:ScavengeHelm","Juzu Bracelet","aspiration:FutureDiary","Pen Nib","aspiration:ChemicalBlood","Iron Hammer","Strawberry","Medical Kit","MealTicket","ats:Omniscience","hubris:Towel","TheAbacus","aspiration:RitualDagger","Ornamental Fan","Sling","Singing Bowl","Meat on the Bone","Black Star","Replay:Wax Seal","Ancient Tea Set","ClockworkSouvenir","infinitespire:ShieldingShard","TungstenRod","Sozu","Gensokyo:Companionship","hubris:64BitClover","wanderingMiniBosses:LockLocket","Replay:Towering Pillar of Hats","Mango","Grinning Jar","ats:Berate","FossilizedHelix","Golden Egg","Pen Nib","Oddly Smooth Stone","infinitespire:EmpoweringShard","SlaversCollar"],"acts_visited":["Exordium","TheCity","TheCity","Gensokyo:Gensokyoest","Gensokyo:Gensokyo"],"potions_floor_usage":[],"damage_taken":[{"damage":0.0,"enemies":"2 Louse","floor":1.0,"turns":2.0},{"damage":13.0,"enemies":"infinitespire:Voidling","floor":3.0,"turns":3.0},{"damage":0.0,"enemies":"Cultist","floor":4.0,"turns":3.0},{"damage":11.0,"enemies":"Blue Slaver","floor":5.0,"turns":4.0},{"damage":36.0,"enemies":"3 Sentries","floor":6.0,"turns":6.0},{"damage":15.0,"enemies":"Exordium Thugs","floor":8.0,"turns":3.0},{"damage":32.0,"enemies":"Lagavulin Event","floor":10.0,"turns":5.0},{"damage":10.0,"enemies":"Red Slaver","floor":12.0,"turns":4.0},{"damage":35.0,"enemies":"Fading Forest","floor":16.0,"turns":11.0},{"damage":4.0,"enemies":"3 Byrds","floor":18.0,"turns":3.0},{"damage":0.0,"enemies":"Spheric Guardian","floor":19.0,"turns":4.0},{"damage":9.0,"enemies":"3 Cultists","floor":20.0,"turns":3.0},{"damage":28.0,"enemies":"Cultist and Chosen","floor":21.0,"turns":6.0},{"damage":33.0,"enemies":"Gremlin Leader","floor":24.0,"turns":6.0},{"damage":5.0,"enemies":"Snake Plant","floor":25.0,"turns":2.0},{"damage":4.0,"enemies":"Chosen and Byrds","floor":27.0,"turns":3.0},{"damage":10.0,"enemies":"Slavers","floor":29.0,"turns":3.0},{"damage":36.0,"enemies":"Collector","floor":33.0,"turns":8.0},{"damage":0.0,"enemies":"Gensokyo:3_Boulders","floor":35.0,"turns":3.0},{"damage":30.0,"enemies":"Gensokyo:Doremy","floor":41.0,"turns":7.0},{"damage":56.0,"enemies":"Gensokyo:AncientGuardian","floor":45.0,"turns":8.0},{"damage":56.0,"enemies":"Gensokyo:Rafflesia","floor":46.0,"turns":7.0},{"damage":0.0,"enemies":"Nightmare","floor":47.0,"turns":1.0},{"damage":6.0,"enemies":"Gensokyo:SeedOfUnknown","floor":48.0,"turns":4.0},{"damage":82.0,"enemies":"Gensokyo:Scarlet_Devils","floor":50.0,"turns":9.0},{"damage":0,"enemies":"Gensokyo:Python","floor":52,"turns":2},{"damage":0,"enemies":"Gensokyo:3_Fairies","floor":53,"turns":2},{"damage":6,"enemies":"Gensokyo:2_Kodama","floor":55,"turns":3},{"damage":9,"enemies":"Gensokyo:Cirno","floor":57,"turns":5},{"damage":20,"enemies":"Gensokyo:Gryphon_and_Rabbit","floor":63,"turns":7},{"damage":0,"enemies":"Gensokyo:VengefulSpirit","floor":65,"turns":2},{"damage":27,"enemies":"Gensokyo:Yukari","floor":67,"turns":6},{"damage":0,"enemies":"Gensokyo:CosmicMonolith","floor":69,"turns":2},{"damage":23,"enemies":"Gensokyo:3_Dogs","floor":70,"turns":3},{"damage":21,"enemies":"Gensokyo:Wraith","floor":71,"turns":4},{"damage":6,"enemies":"Gensokyo:Wraith","floor":72,"turns":6},{"damage":13,"enemies":"Gensokyo:Koishi","floor":74,"turns":4},{"damage":25,"enemies":"Gensokyo:Slime_Group","floor":75,"turns":4},{"damage":2,"enemies":"Gensokyo:Chomper_and_Gloop","floor":76,"turns":4},{"damage":0,"enemies":"Gensokyo:Reisen","floor":78,"turns":3},{"damage":0,"enemies":"Gensokyo:3_Gloops","floor":79,"turns":3},{"damage":24,"enemies":"Gensokyo:Mirror_and_Dog","floor":80,"turns":4},{"damage":2,"enemies":"Gensokyo:Koishi","floor":81,"turns":3},{"damage":59,"enemies":"Gensokyo:Kaguya","floor":84,"turns":8}],"seed_played":"-1938614714523965985","potions_obtained":[{"floor":6.0,"key":"Fire Potion"},{"floor":8.0,"key":"Doom Potion"},{"floor":12.0,"key":"LiquidBronze"},{"floor":20.0,"key":"UndeadPotion"},{"floor":21.0,"key":"ats:Top Emergency Sanity Potion"},{"floor":27.0,"key":"GamblersBrew"},{"floor":33.0,"key":"Fruit Juice"},{"floor":45.0,"key":"Weak Potion"},{"floor":46.0,"key":"DuplicationPotion"}],"is_trial":false,"path_per_floor":["M","?","M","M","M","E","R","M","T","?","R","M","R","?","R","B",null,"M","M","M","M","AVR","R","E","M","T","M","$","E","R","?","R","B",null,"M","?","?","AVR","?","R","E","R","T","?","M","M","NM","M","R","B",null,"M","M","?","M","?","E","R","COS","T","?","R","M","$","M","R","B",null,"M","M","M","?","?","E","M","M","T","E","M","M","E","T","R","B",null],"character_chosen":"DOCTOR_CLASS","items_purchased":["ats:Closed Bolt Burst Fire","ats:Ignite","ats:Flame Of Heaven","Strawberry","Medical Kit","TungstenRod"],"campfire_rested":4,"item_purchase_floors":[0,0,28,28,28,64],"current_hp_per_floor":[72,72,63,63,52,16,37,22,22,14,35,32,32,37,60,31,77,73,77,68,47,47,47,23,23,23,19,26,16,41,41,41,21,89,89,89,89,89,67,67,53,53,53,53,10,73,75,87,87,63,93,95,97,97,96,96,96,96,96,96,96,96,103,103,105,105,92,105,107,94,83,98,98,122,121,129,129,133,133,115,133,133,133,121,121,121],"gold":578,"neow_bonus":"","is_daily":false,"chose_seed":false,"campfire_upgraded":9,"win_rate":0.0,"timestamp":1611253350,"path_taken":["M","?","M","?","M","E","R","M","T","?","R","M","R","?","R","BOSS","M","M","M","M","AVR","R","E","M","T","M","$","E","R","?","R","BOSS","M","?","?","AVR","?","R","E","R","T","?","M","M","NM","M","R","BOSS","M","M","?","M","?","E","R","COS","T","?","R","M","?","M","R","BOSS","M","M","M","?","?","E","M","M","T","E","M","M","E","?","R","BOSS"],"items_purchased_type":["Card","Card","Card","Relic","Relic","Relic"],"build_version":"2020-12-22","purchased_purges":0,"victory":false,"max_hp_per_floor":[72,72,72,72,72,72,72,72,72,72,72,72,72,77,77,77,77,77,77,77,77,77,77,77,77,77,77,84,84,84,84,84,89,89,89,89,89,89,89,89,89,89,89,89,89,89,91,93,93,93,93,95,97,97,99,99,101,101,101,101,101,101,103,103,105,105,105,105,107,109,109,111,111,127,129,131,131,133,133,135,135,135,135,139,139,139],"card_choices":[{"not_picked":["ats:Guardian Obelisk","ats:Sword Rain"],"picked":"ats:Burning Ground","floor":1.0},{"not_picked":["ats:Shell Defense","ats:Explosion Area Strengthen"],"picked":"ats:Ignite","floor":3.0},{"not_picked":["ats:Shadow Raid","ats:Poison Spread"],"picked":"ats:Sunburst","floor":4.0},{"not_picked":["ats:Explosion Area Strengthen","ats:Consecutive Shot Auto","ats:Curse Doll"],"picked":"SKIP","floor":5.0},{"not_picked":["ats:Sword Rain","ats:Cat Scratch","ats:Leaping Hammer"],"picked":"SKIP","floor":6.0},{"not_picked":["ats:Part Time Job","ats:Shadow Raid"],"picked":"ats:Directed Diagnosis","floor":8.0},{"not_picked":["ats:LN2 Cannon","ats:Thermite Blade"],"picked":"ats:Revitalization","floor":10.0},{"not_picked":["ats:Powerful Strike","ats:Curse Doll"],"picked":"ats:Burning Ground","floor":12.0},{"not_picked":["ats:Nebulous Foxfire","ats:Durian"],"picked":"ats:Wolf Pack","floor":16.0},{"not_picked":["ats:Childhood Dance","ats:Thermite Blade","ats:LN2 Cannon"],"picked":"SKIP","floor":18.0},{"not_picked":["ats:Powerful Strike+1","ats:Healing Strengthening","ats:Hammer On"],"picked":"SKIP","floor":19.0},{"not_picked":["ats:Flexible Camouflage","ats:Blood Oath","ats:Assault Order"],"picked":"SKIP","floor":20.0},{"not_picked":["ats:Shell Defense","ats:Cat Scratch","ats:Demon Strength"],"picked":"SKIP","floor":21.0},{"not_picked":["ats:Sword Rain","ats:Roar Of Ursus","ats:Explosion Area Strengthen"],"picked":"SKIP","floor":24.0},{"not_picked":["ats:Spore Proliferation","ats:Support Order+1","ats:Overload"],"picked":"SKIP","floor":25.0},{"not_picked":["ats:Shell Defense","ats:Flexible Camouflage"],"picked":"ats:Soul Absorption+1","floor":27.0},{"not_picked":["ats:Beaten Up+1","ats:Explosion Area Strengthen+1","ats:Cat Scratch"],"picked":"SKIP","floor":29.0},{"not_picked":["ats:Cat Scratch","ats:Powerful Strike"],"picked":"ats:Apocalypse","floor":30.0},{"not_picked":["ats:Charging Defense","ats:Healing Strengthening+1"],"picked":"ats:Very Hot Blade","floor":35.0},{"not_picked":["Replay:Fractal Strike","ReplayTheSpireMod:Haul"],"picked":"infinitespire:SealOfDarkness+","floor":39.0},{"not_picked":["ats:Blood Oath+1","ats:Leaping Hammer"],"picked":"ats:Echo Reverb","floor":41.0},{"not_picked":["ats:Cat Scratch+1","ats:Apocalypse"],"picked":"ats:Mental Burst+1","floor":45.0},{"not_picked":["ats:Chain Hook","ats:Apocalypse+1"],"picked":"ats:Very Hot Blade","floor":46.0},{"not_picked":["ats:Serious Mode","ats:Thorns","ats:Healing Strengthening+1"],"picked":"Singing Bowl","floor":47.0},{"not_picked":["ats:Poison Spread","ats:Apocalypse","ats:Flexible Camouflage"],"picked":"Singing Bowl","floor":48.0},{"not_picked":["ats:Echo Reverb","ats:Durian"],"picked":"ats:Rat Pack","floor":50.0},{"not_picked":["ats:Ignite","ats:LN2 Cannon","ats:Sashimi Platter"],"picked":"Singing Bowl","floor":52},{"not_picked":["ats:Apocalypse","ats:Leaping Hammer","ats:Mental Burst"],"picked":"Singing Bowl","floor":53},{"not_picked":["ats:Hammer On","ats:Fractured Body","ats:Composite Medical Shells"],"picked":"Singing Bowl","floor":55},{"not_picked":["ats:Poison Spread","ats:Assault Order","ats:Song Of Battle"],"picked":"Singing Bowl","floor":57},{"not_picked":["ats:Explosion Area Strengthen","ats:Spore Proliferation","ats:Consecutive Shot Auto"],"picked":"Singing Bowl","floor":63},{"not_picked":["ats:Directed Diagnosis","ats:Explosion Area Strengthen","ats:Spore Proliferation"],"picked":"Singing Bowl","floor":65},{"not_picked":["ats:Durian","ats:Calcification"],"picked":"ats:Volcano","floor":67},{"not_picked":["ats:Childhood Dance","ats:Revitalization","ats:Cat Scratch"],"picked":"Singing Bowl","floor":69},{"not_picked":["ats:Leaping Hammer","ats:Poison Spread+1","ats:Childhood Dance"],"picked":"Singing Bowl","floor":70},{"not_picked":["ats:Ignite","ats:Sword Rain"],"picked":"ats:Flame Of Heaven","floor":71},{"not_picked":["ats:Hammer On+1","ats:Encircling Forest+1","ats:Phantom"],"picked":"Singing Bowl","floor":72},{"not_picked":["ats:Rat Pack","ats:Apocalypse","ats:Thermite Blade+1"],"picked":"Singing Bowl","floor":74},{"not_picked":["ats:Apocalypse","ats:Serious Mode","ats:Beaten Up"],"picked":"Singing Bowl","floor":75},{"not_picked":["ats:Rapid Magazine","ats:Apocalypse","ats:Curse Doll"],"picked":"Singing Bowl","floor":76},{"not_picked":["ats:Powerful Strike","ats:Encircling Forest+1","ats:Explosion Area Strengthen"],"picked":"Singing Bowl","floor":78},{"not_picked":["ats:Hook Shot","ats:Revitalization"],"picked":"ats:Burning Ground","floor":79},{"not_picked":["ats:Ignite","ats:Childhood Dance","ats:Demon Strength"],"picked":"Singing Bowl","floor":80},{"not_picked":["ats:Volcano","ats:Serious Mode"],"picked":"ats:Mental Burst+1","floor":81},{"not_picked":["hubris:Rewind","ReplayTheSpireMod:Chaos Vortex","infinitespire:UltimateForm"],"picked":"Singing Bowl","floor":84},{"not_picked":["ats:Dogmatic Field","ats:Nebulous Foxfire","ats:Durian"],"picked":"Singing Bowl","floor":84}],"player_experience":563422,"relics_obtained":[{"floor":6.0,"key":"ats:Originium"},{"floor":6.0,"key":"Dream Catcher"},{"floor":9.0,"key":"vexMod:ScavengeHelm"},{"floor":10.0,"key":"Juzu Bracelet"},{"floor":24.0,"key":"ats:Originium"},{"floor":24.0,"key":"aspiration:ChemicalBlood"},{"floor":26.0,"key":"Iron Hammer"},{"floor":29.0,"key":"ats:Originium"},{"floor":29.0,"key":"MealTicket"},{"floor":41.0,"key":"ats:Originium"},{"floor":41.0,"key":"Ornamental Fan"},{"floor":47.0,"key":"Singing Bowl"},{"floor":49.0,"key":"Meat on the Bone"},{"floor":57,"key":"Replay:Wax Seal"},{"floor":57,"key":"Ancient Tea Set"},{"floor":60,"key":"infinitespire:ShieldingShard"},{"floor":72,"key":"hubris:64BitClover"},{"floor":72,"key":"wanderingMiniBosses:LockLocket"},{"floor":72,"key":"Replay:Towering Pillar of Hats"},{"floor":74,"key":"Mango"},{"floor":74,"key":"Grinning Jar"},{"floor":77,"key":"ats:Berate"},{"floor":78,"key":"FossilizedHelix"},{"floor":78,"key":"Golden Egg"},{"floor":81,"key":"Pen Nib"},{"floor":81,"key":"Oddly Smooth Stone"},{"floor":82,"key":"infinitespire:EmpoweringShard"}],"event_choices":[{"damage_healed":0.0,"max_hp_gain":0.0,"max_hp_loss":0.0,"gold_gain":0.0,"event_name":"WeMeetAgain","player_choice":"Ignored","floor":2.0,"gold_loss":0.0,"damage_taken":0.0},{"damage_healed":0.0,"max_hp_gain":0.0,"max_hp_loss":0.0,"gold_gain":0.0,"event_name":"Dead Adventurer","player_choice":"Searched \u00271\u0027 times","floor":10.0,"gold_loss":0.0,"damage_taken":0.0},{"damage_healed":0.0,"max_hp_gain":5.0,"max_hp_loss":0.0,"gold_gain":0.0,"event_name":"Big Fish","player_choice":"Donut","floor":14.0,"gold_loss":0.0,"damage_taken":0.0},{"damage_healed":0.0,"max_hp_gain":0.0,"max_hp_loss":0.0,"gold_gain":0.0,"event_name":"Match and Keep!","player_choice":"1 cards matched","floor":31.0,"gold_loss":0.0,"damage_taken":0.0,"cards_obtained":["ats:Phantom"]}],"is_beta":false,"boss_relics":[{"not_picked":["Pandora\u0027s Box","vexMod:EndlessSickness"],"picked":"aspiration:FutureDiary"},{"not_picked":["Busted Crown","Painkiller Herb"],"picked":"ats:Omniscience"},{"not_picked":["Empty Cage","aspiration:SilentSkillbook"],"picked":"Black Star"},{"not_picked":["hubris:ScarierMask","hubris:VirtuousBlindfold"],"picked":"Sozu"},{"not_picked":["hubris:GrandSneckoEye","Tiny House"],"picked":"SlaversCollar"}],"items_purged_floors":[],"is_endless":true,"potions_floor_spawned":[6,8,12,20,21,27,29,33,41,46,48,50,55,63,65,74,75,76,78],"ascension_level":0}}