{"host":"fxrgx7wt2cpkbhka","time":1611209122,"event":{"mods":["AchievementEnabler","BaseMod","Colored Powertips","Minty Spire (QoL Compilation)","Permanent Neow","Quick Restart","Slay-I","StSLib","Waifu the Spire"],"gold_per_floor":[211,229,304,324,340,340,29,29,75,109,109,15,15,190,190,190,190],"floor_reached":16,"language":"ENG","playtime":357,"items_purged":[],"score":147,"play_id":"734063e6-9549-4a2e-af10-4510672d24d8","local_time":"20210120220522","is_ascension_mode":true,"campfire_choices":[{"data":"Backstab","floor":6,"key":"SMITH"},{"data":"Neutralize","floor":8,"key":"SMITH"},{"floor":15,"key":"REST"}],"circlet_count":0,"master_deck":["AscendersBane","Strike_G","Strike_G","Strike_G+1","Strike_G","Strike_G","Defend_G","Defend_G","Defend_G","Defend_G","Defend_G","Survivor+1","Neutralize+1","Sucker Punch","Deadly Poison","Backstab+1","Footwork","Cloak And Dagger"],"relics":["Ring of the Snake","TwistedFunnel","Anchor","Omamori","Bag of Preparation","Golden Idol"],"acts_visited":["Exordium"],"potions_floor_usage":[16],"damage_taken":[{"damage":2,"enemies":"Small Slimes","floor":1,"turns":5},{"damage":0,"enemies":"Cultist","floor":2,"turns":4},{"damage":1,"enemies":"Jaw Worm","floor":4,"turns":4},{"damage":6,"enemies":"Blue Slaver","floor":5,"turns":3},{"damage":27,"enemies":"Lagavulin","floor":10,"turns":6},{"damage":29,"enemies":"Slime Boss","floor":16,"turns":9}],"seed_played":"4680414950958567200","potions_obtained":[{"floor":2,"key":"Block Potion"},{"floor":4,"key":"Strength Potion"},{"floor":10,"key":"SteroidPotion"}],"is_trial":false,"path_per_floor":["M","M","?","M","M","R","$","R","T","E","?","$","?","?","R","B"],"character_chosen":"THE_SILENT","items_purchased":["TwistedFunnel","Anchor","Footwork","Cloak And Dagger"],"campfire_rested":1,"item_purchase_floors":[7,7,12,12],"current_hp_per_floor":[61,61,54,53,47,47,47,47,47,20,20,20,6,6,27,0,0],"gold":190,"neow_bonus":"HUNDRED_GOLD","is_daily":false,"chose_seed":false,"campfire_upgraded":2,"win_rate":0.0,"timestamp":1611209122,"path_taken":["M","M","?","M","?","R","$","R","T","E","?","$","?","?","R","BOSS"],"items_purchased_type":["Relic","Relic","Card","Card"],"build_version":"2020-12-22","purchased_purges":0,"victory":false,"max_hp_per_floor":[70,70,70,70,70,70,70,70,70,70,70,70,70,70,70,70,70],"card_choices":[{"not_picked":["Dodge and Roll","Accuracy"],"picked":"Sucker Punch","floor":1},{"not_picked":["Dodge and Roll","Quick Slash"],"picked":"Deadly Poison","floor":2},{"not_picked":["Flechettes","Slice"],"picked":"Backstab","floor":4},{"not_picked":["Heel Hook","Backflip","Underhanded Strike"],"picked":"SKIP","floor":5},{"not_picked":["Malaise","Dodge and Roll","Slice"],"picked":"SKIP","floor":10}],"player_experience":722268,"relics_obtained":[{"floor":9,"key":"Omamori"},{"floor":10,"key":"Bag of Preparation"}],"event_choices":[{"damage_healed":0,"gold_gain":75,"player_choice":"Touch","damage_taken":7,"max_hp_gain":0,"max_hp_loss":0,"event_name":"FaceTrader","floor":3,"gold_loss":0},{"damage_healed":0,"gold_gain":0,"player_choice":"Take Wound","damage_taken":0,"relics_obtained":["Golden Idol"],"max_hp_gain":0,"max_hp_loss":0,"event_name":"Golden Idol","floor":11,"gold_loss":0,"cards_obtained":["Injury"]},{"damage_healed":0,"gold_gain":0,"player_choice":"Entered Light","damage_taken":14,"max_hp_gain":0,"max_hp_loss":0,"event_name":"Shining Light","floor":13,"gold_loss":0,"cards_upgraded":["Strike_G","Survivor"]},{"damage_healed":0,"gold_gain":175,"player_choice":"AGREE","damage_taken":0,"max_hp_gain":0,"max_hp_loss":0,"event_name":"Liars Game","floor":14,"gold_loss":0,"cards_obtained":["Doubt"]}],"is_beta":false,"boss_relics":[],"items_purged_floors":[],"is_endless":false,"potions_floor_spawned":[2,4,10],"killed_by":"Slime Boss","ascension_level":10}}