{"host":"tw3e7b7j2s56am8k","time":1611216061,"event":{"mods":["Abigail Mod","Arknights The Spire","BaseMod","Friendly Minions","Koishi","Minty Spire (QoL Compilation)","Prisma Mod","StSLib","SuperFastMode","The Gatherer","WarShipGirlsR/??á´Ò³R mod"],"gold_per_floor":[116,126,126,126,139,165,240,240,318,337,337,353,371,398,398,497,497,510,539,554,554,565,565,565],"floor_reached":23,"language":"KOR","playtime":1091,"items_purged":[],"score":218,"play_id":"1232612e-f96c-4345-8144-beb69cca365c","local_time":"20210121170101","is_ascension_mode":false,"campfire_choices":[{"data":"ats:Emotion Absorption","floor":8,"key":"SMITH"},{"data":"ats:Ignite","floor":11,"key":"SMITH"},{"floor":15,"key":"REST"},{"floor":23,"key":"RECALL"}],"circlet_count":0,"master_deck":["ats:Strike C","ats:Strike G","ats:Strike S","ats:Strike V","ats:Armor Crushing Shot","ats:Defend","ats:Defend","ats:Defend","ats:Defend","ats:Emotion Absorption+1","ats:Closed Bolt Burst Fire+1","ats:Hammer On","ats:Demon Strength","ats:Hammer On","ats:Ignite+1","ats:Blood Oath","ats:Very Hot Blade","ats:Flame Of Heaven","ats:Very Hot Blade","ats:Support Order","ats:Support Order+1","ats:Poison Spread"],"relics":["ats:Sanity","ats:Originium","MealTicket","Odd Mushroom","Sozu","Red Mask","Strawberry"],"acts_visited":["Exordium","TheCity"],"potions_floor_usage":[6,14,16,16],"damage_taken":[{"damage":2,"enemies":"Small Slimes","floor":1,"turns":3},{"damage":1,"enemies":"2 Louse","floor":2,"turns":2},{"damage":6,"enemies":"Jaw Worm","floor":5,"turns":3},{"damage":18,"enemies":"Lagavulin","floor":6,"turns":5},{"damage":7,"enemies":"Exordium Wildlife","floor":10,"turns":3},{"damage":6,"enemies":"Large Slime","floor":12,"turns":4},{"damage":7,"enemies":"2 Fungi Beasts","floor":13,"turns":3},{"damage":11,"enemies":"The Mushroom Lair","floor":14,"turns":3},{"damage":33,"enemies":"Slime Boss","floor":16,"turns":7},{"damage":20,"enemies":"Shell Parasite","floor":18,"turns":4},{"damage":34,"enemies":"Masked Bandits","floor":19,"turns":5},{"damage":19,"enemies":"2 Thieves","floor":20,"turns":4},{"damage":16,"enemies":"Centurion and Healer","floor":22,"turns":5}],"seed_played":"2808518201265017611","potions_obtained":[{"floor":1,"key":"ats:Emergency Sanity Potion"},{"floor":2,"key":"Weak Potion"},{"floor":10,"key":"Regen Potion"},{"floor":12,"key":"DistilledChaos"},{"floor":14,"key":"Energy Potion"}],"is_trial":false,"path_per_floor":["M","M","?","?","M","E","?","R","T","M","R","M","M","?","R","B",null,"M","?","M","T","M","R"],"character_chosen":"DOCTOR_CLASS","items_purchased":[],"campfire_rested":1,"item_purchase_floors":[],"current_hp_per_floor":[77,76,76,81,75,57,46,46,46,39,39,33,29,18,43,22,84,64,33,17,24,14,14,14],"gold":565,"neow_bonus":"TEN_PERCENT_HP_BONUS","is_daily":false,"chose_seed":false,"campfire_upgraded":2,"win_rate":0.0,"timestamp":1611216061,"path_taken":["M","M","?","?","M","E","?","R","T","M","R","M","M","?","R","BOSS","M","?","M","?","M","R"],"items_purchased_type":[],"build_version":"2020-12-22","purchased_purges":0,"victory":false,"max_hp_per_floor":[79,79,79,84,84,84,84,84,84,84,84,84,84,84,84,84,84,84,84,84,91,91,91,91],"card_choices":[{"not_picked":["ats:Hook Shot","ats:Curse Doll"],"picked":"ats:Closed Bolt Burst Fire","floor":1},{"not_picked":["ats:Explosion Area Strengthen","ats:Shell Defense"],"picked":"ats:Hammer On","floor":2},{"not_picked":["ats:Blood Oath","ats:Powerful Strike"],"picked":"ats:Demon Strength","floor":5},{"not_picked":["ats:Rat Pack","ats:Automatic Cover"],"picked":"ats:Hammer On","floor":6},{"not_picked":["ats:Support Order","ats:Blood Oath"],"picked":"ats:Ignite","floor":10},{"not_picked":["ats:Leaping Hammer","ats:Song Of Battle"],"picked":"ats:Blood Oath","floor":12},{"not_picked":["ats:Ignite","ats:Spore Proliferation"],"picked":"ats:Very Hot Blade","floor":13},{"not_picked":["ats:Curse Doll","ats:Leaping Hammer"],"picked":"ats:Flame Of Heaven","floor":14},{"not_picked":["ats:Hammer On+1","ats:Consecutive Shot Auto"],"picked":"ats:Very Hot Blade","floor":18},{"not_picked":["ats:Automatic Cover","ats:Beaten Up"],"picked":"ats:Support Order","floor":19},{"not_picked":["ats:Encircling Forest+1","ats:Shadow Raid"],"picked":"ats:Support Order+1","floor":20},{"not_picked":["ats:Powerful Strike","ats:Hammer On"],"picked":"ats:Poison Spread","floor":22}],"player_experience":340235,"relics_obtained":[{"floor":6,"key":"ats:Originium"},{"floor":6,"key":"MealTicket"},{"floor":14,"key":"Odd Mushroom"},{"floor":19,"key":"Red Mask"},{"floor":21,"key":"Strawberry"}],"event_choices":[{"damage_healed":0,"gold_gain":0,"player_choice":"Grow","damage_taken":0,"max_hp_gain":0,"max_hp_loss":0,"event_name":"Living Wall","floor":3,"gold_loss":0,"cards_upgraded":["ats:Closed Bolt Burst Fire"]},{"damage_healed":0,"gold_gain":0,"player_choice":"Donut","damage_taken":0,"max_hp_gain":5,"max_hp_loss":0,"event_name":"Big Fish","floor":4,"gold_loss":0},{"damage_healed":0,"gold_gain":75,"player_choice":"Gather Gold","damage_taken":11,"max_hp_gain":0,"max_hp_loss":0,"event_name":"World of Goop","floor":7,"gold_loss":0},{"damage_healed":0,"gold_gain":0,"player_choice":"Fought Mushrooms","damage_taken":0,"max_hp_gain":0,"max_hp_loss":0,"event_name":"Mushrooms","floor":14,"gold_loss":0},{"damage_healed":0,"gold_gain":0,"player_choice":"Fought Bandits","damage_taken":0,"max_hp_gain":0,"max_hp_loss":0,"event_name":"Masked Bandits","floor":19,"gold_loss":0}],"is_beta":false,"boss_relics":[{"not_picked":["Calling Bell","Fusion Hammer"],"picked":"Sozu"}],"items_purged_floors":[],"is_endless":false,"potions_floor_spawned":[1,2,10,12,14,18,20],"ascension_level":0}}