{"host":"exhp4inpfmbngj23","time":1611203198,"event":{"mods":["Abigail Mod","BaseMod","Beaked The Cultist","Downfall","Friendly Minions","Gremlin Mod","Kiyohime????","Minty Spire (QoL Compilation)","StSLib","The Alterego"],"gold_per_floor":[199,211,227,110,110,136,136,121,21,21,40,40,40,70,83,186,186,86,86,186,203,218,250,250,250,250,250,250],"floor_reached":26,"language":"ENG","playtime":1641,"items_purged":[],"score":257,"play_id":"62c19bfb-9d32-4d66-b442-40a8f741f041","local_time":"20210120202638","is_ascension_mode":false,"campfire_choices":[{"floor":1,"key":"RECALL"},{"data":"bronze:Replicate","floor":9,"key":"SMITH"},{"data":"bronze:Goto","floor":12,"key":"SMITH"},{"data":"bronze:Assembly","floor":18,"key":"SMITH"}],"circlet_count":0,"master_deck":["bronze:Strike","bronze:Strike","bronze:Strike+1","bronze:Strike","bronze:Defend","bronze:Defend","bronze:Defend+1","bronze:Defend","bronze:Replicate+1","bronze:Goto+1","bronze:Iterate+1","bronze:Repair","bronze:NullPointer","bronze:WhirlingStrike","bronze:Separator","bronze:WhirlingStrike","bronze:Invalidate","downfall:Malfunctioning","bronze:Assembly+1","CurseOfTheBell","bronze:Separator","bronze:DonuBeam","bronze:WhirlingStrike+1","bronze:Repair+1","bronze:FineTuning","bronze:OilSpill"],"relics":["bronze:BronzeCore","Sundial","downfall:HeartBlessingBlue","Lizard Tail","Calling Bell","bronze:SilverBullet","Question Card","Bird Faced Urn","downfall:HeartBlessingRed","Anchor","Gremlin Horn"],"acts_visited":["Exordium","TheCity"],"potions_floor_usage":[8,16,26],"damage_taken":[{"damage":5,"enemies":"Cultist","floor":2,"turns":4},{"damage":6,"enemies":"2 Louse","floor":3,"turns":2},{"damage":1,"enemies":"downfall:FleeingMerchant","floor":4,"turns":4},{"damage":12,"enemies":"Gremlin Nob","floor":6,"turns":4},{"damage":7,"enemies":"downfall:FleeingMerchant","floor":8,"turns":4},{"damage":1,"enemies":"Small Slimes","floor":11,"turns":2},{"damage":14,"enemies":"3 Sentries","floor":14,"turns":4},{"damage":6,"enemies":"2 Fungi Beasts","floor":15,"turns":3},{"damage":103,"enemies":"WA_ARCHETYPE_RETAIN","floor":16,"turns":11},{"damage":0,"enemies":"Chosen","floor":19,"turns":1},{"damage":38,"enemies":"Chosen","floor":20,"turns":5},{"damage":31,"enemies":"Shell Parasite","floor":21,"turns":5},{"damage":28,"enemies":"Snake Plant","floor":22,"turns":4},{"damage":7,"enemies":"Slavers","floor":23,"turns":2},{"damage":31,"enemies":"Book of Stabbing","floor":26,"turns":2}],"seed_played":"7232172847881677636","potions_obtained":[{"floor":6,"key":"SkillPotion"},{"floor":11,"key":"Energy Potion"},{"floor":16,"key":"Ancient Potion"},{"floor":25,"key":"bronze:BurnAndBuffPotion"},{"floor":25,"key":"bronze:CleanCodePotion"}],"is_trial":false,"path_per_floor":["R","M","M","$","?","E","T","$","R","?","M","R","?","E","M","B",null,"R","M","?","M","M","E","T","?","E"],"character_chosen":"THE_AUTOMATON","items_purchased":["bronze:WhirlingStrike","bronze:Separator"],"campfire_rested":0,"item_purchase_floors":[4,4],"current_hp_per_floor":[70,65,59,65,65,60,60,60,70,75,81,81,81,74,68,17,85,85,85,54,30,19,19,19,19,0,0,0],"gold":250,"neow_bonus":"HUNDRED_GOLD","is_daily":false,"chose_seed":false,"campfire_upgraded":3,"win_rate":0.0,"timestamp":1611203198,"path_taken":["R","M","M","?","?","E","T","$","R","?","M","R","?","E","M","BOSS","R","M","?","M","M","E","T","?","E"],"items_purchased_type":["Card","Card"],"build_version":"2020-12-22","purchased_purges":0,"victory":false,"max_hp_per_floor":[70,70,70,70,70,70,70,70,80,85,85,85,85,85,85,85,85,85,85,85,85,85,85,85,85,85,85,85],"card_choices":[{"not_picked":["bronze:Branch","bronze:OilSpill"],"picked":"bronze:Iterate","floor":2},{"not_picked":["bronze:Branch","bronze:NullPointer"],"picked":"bronze:Repair","floor":3},{"not_picked":["bronze:Break","bronze:FindAndReplace"],"picked":"bronze:NullPointer","floor":4},{"not_picked":["bronze:Separator","bronze:ForLoop"],"picked":"bronze:WhirlingStrike","floor":6},{"not_picked":["bronze:Overheat","bronze:BuggyMess","bronze:WildBeam"],"picked":"SKIP","floor":8},{"not_picked":["bronze:ChildClass","bronze:Allocate"],"picked":"bronze:Invalidate","floor":11},{"not_picked":["bronze:BitShift","bronze:BuggyMess","bronze:ChosenStrike"],"picked":"SKIP","floor":14},{"not_picked":["bronze:CutThrough","bronze:BugBarrage","bronze:WildBeam"],"picked":"SKIP","floor":15},{"not_picked":["bronze:ShipIt","bronze:AlphaBuild"],"picked":"bronze:Assembly","floor":16},{"not_picked":["bronze:BuggyMess+1","bronze:FineTuning","bronze:Turbo"],"picked":"bronze:Separator","floor":19},{"not_picked":[],"picked":"bronze:DonuBeam","floor":20},{"not_picked":["bronze:Turbo","bronze:FollowUp","bronze:Shield"],"picked":"bronze:WhirlingStrike+1","floor":20},{"not_picked":["bronze:Safeguard","bronze:BronzeArmor","bronze:Separator+1"],"picked":"bronze:Repair+1","floor":21},{"not_picked":["bronze:Overheat+1","bronze:Shield","bronze:Iterate"],"picked":"bronze:FineTuning","floor":22},{"not_picked":["bronze:Turbo+1","bronze:ForLoop","bronze:Break"],"picked":"bronze:OilSpill","floor":23}],"player_experience":2033419,"relics_obtained":[{"floor":6,"key":"Sundial"},{"floor":14,"key":"Lizard Tail"},{"floor":17,"key":"bronze:SilverBullet"},{"floor":17,"key":"Question Card"},{"floor":17,"key":"Bird Faced Urn"},{"floor":23,"key":"Anchor"},{"floor":24,"key":"Gremlin Horn"}],"event_choices":[{"damage_healed":0,"gold_gain":0,"player_choice":"Donut","damage_taken":0,"max_hp_gain":5,"max_hp_loss":0,"event_name":"Big Fish","floor":10,"gold_loss":0},{"damage_healed":0,"gold_gain":0,"player_choice":"Got Potions","damage_taken":0,"max_hp_gain":0,"max_hp_loss":0,"event_name":"Lab","floor":25,"gold_loss":0}],"is_beta":false,"boss_relics":[{"not_picked":["Black Star","Velvet Choker"],"picked":"Calling Bell"}],"items_purged_floors":[],"is_endless":false,"potions_floor_spawned":[6,11,16],"killed_by":"Book of Stabbing","ascension_level":0}}