{"host":"4ek4eq5z32z3zgvw","time":1611191381,"event":{"mods":["2.2 Compatiblity","A Magickal Journey","AchievementEnabler","Act Like it!","AlwaysNeverKeys","Aspiration","BaseMod","Bestiary","Better Altar","Better Note","Better Sensory Stone","Better Skull","Better Third Choice","BetterRewards","Block Reminder","Card Filter","Colored Map","Colored Powertips","Conspire","Curses Come First","Dark Map","DeckTracker","Defuse TimeMaze Blight","Energized Spire","Evolution","Gensokyo","GifTheSpireLib","Gold Saver","Halation","Hallownest","Highlight Path","Hubris","Infinite Spire","Melee Mod","Minty Spire (QoL Compilation)","Permanent Neow","Quick Restart","Rare Cards Sparkle","RatMod","Relic Filter","Relic Sorter","Relic Stats","Replay The Spire","Reworked Bosses","Shop Mod","Spicy Shops","Spikes Relics","StSLib","Stuff the Spire","SuperFastMode","Synergy Search","The Blue Laboratory","The Factory","The Jungle","The Sage","Uncapped","Unceasing Turn Reminder","Unknown Chances","UnlockEverythingMod","Waifu the Spire","Wandering Minibosses","[IsaacMod]????","egg","vexMod","???Mod??????Boss","????"],"gold_per_floor":[118,151,165,165,188,222,243,276,302,302,343,343,76,111,111,207,207,222,222,222,243,243,66,105,128,128,128,128,153,153,153,69,165,165,165,184,203,203,116,116,160,44,44,44,62,97,97,97,97,188,188,171,171,171,205,75,101,72,97,97,119,142,142,153,132,132,37,37],"floor_reached":67,"language":"ENG","playtime":2537,"items_purged":["rat:SilveredBlade","rat:SilveredBlade","Backflip"],"score":3306,"play_id":"a3a22d3c-b349-417a-b917-c28e38a00f2a","local_time":"20210120190941","is_ascension_mode":true,"campfire_choices":[{"data":"ReplayTheSpireMod:Private Reserves","floor":10.0,"key":"SMITH"},{"floor":15.0,"key":"REST"},{"data":"After Image","floor":40.0,"key":"SMITH"},{"data":"Burst","floor":44.0,"key":"SMITH"},{"data":"Catalyst","floor":47.0,"key":"SMITH"},{"data":"rat:SiphonSilver","floor":49.0,"key":"SMITH"},{"data":"rat:Lunge+1","floor":63,"key":"SMITH"},{"data":"rat:Lunge+2","floor":66,"key":"SMITH"}],"circlet_count":1,"master_deck":["AscendersBane","rat:SilveredBlade","rat:SilveredBlade+1","rat:SilveredBlade","Backflip+1","Backflip+1","Backflip+1","Survivor","Neutralize","hubris:EnhanceAbility","ReplayTheSpireMod:Private Reserves+1","rat:RuptureArtery","Toxin Wave","Noxious Fumes","PiercingWail","infinitespire:Collect","Burst+1","Venomology","StuffTheSpire:ReptileScales","Poison Darts","After Image+1","rat:SiphonSilver+1","Glass Knife","Catalyst+1","infinitespire:Execution","rat:Lunge+3","hubris:Rewind"],"relics":["BelialBook","hubris:DeckOfHolding","TheBean","energizedSpire:EnergizedDie","Replay:Wax Seal","YumHeart","Omamori","EVO:Axolotl","HushsDoor","aspiration:TomeofQuesting","BargainBundle","Habit","RollingBoulder","Replay:Mystery Machine","halation:PromiseList","hubris:OldNail","Mummified Hand","sagemod:The_Guidebook_Guide","LugNut","Chemical X","ReplayTheSpireMod:ShopPack","Golden Idol","DeadEye","MoneyPower","StuffTheSpire:GrapeVine","Bag of Marbles","Sizzling Blood","Gremlin Food","hubris:ScarierMask","infinitespire:Beetle Shell","Replay:Bottled Eggs","Anchor","MagicMushroom","halation:EternalFortune","hubris:BottledRain","Circlet","Centennial Puzzle","ChampionBelt","BrokenLever","Regal Pillow","conspire:InfiniteJournal","SalivaCoin","StuffTheSpire:Gunfinga","FossilizedHelix","ReplayTheSpireMod:TigerMarble","infinitespire:Broken Mirror","ReplayFunnel"],"acts_visited":["Exordium","TheCity","TheCity","Hallownest:Greenpath"],"potions_floor_usage":[],"damage_taken":[{"damage":3.0,"enemies":"2 Louse","floor":1.0,"turns":4.0},{"damage":4.0,"enemies":"conspire:MimicChest","floor":2.0,"turns":4.0},{"damage":6.0,"enemies":"Jaw Worm","floor":3.0,"turns":2.0},{"damage":0.0,"enemies":"Cultist","floor":5.0,"turns":2.0},{"damage":0.0,"enemies":"Lagavulin","floor":6.0,"turns":3.0},{"damage":0.0,"enemies":"Looter","floor":7.0,"turns":2.0},{"damage":0.0,"enemies":"3 Sentries","floor":8.0,"turns":2.0},{"damage":0.0,"enemies":"Gremlin Nob","floor":11.0,"turns":2.0},{"damage":10.0,"enemies":"Nightmare","floor":14.0,"turns":6.0},{"damage":12.0,"enemies":"Slime Boss","floor":16.0,"turns":7.0},{"damage":0.0,"enemies":"3 Byrds","floor":18.0,"turns":2.0},{"damage":0.0,"enemies":"Spheric Guardian","floor":21.0,"turns":2.0},{"damage":0.0,"enemies":"Snake Plant","floor":22.0,"turns":2.0},{"damage":22.0,"enemies":"conspire:SneckoGhost","floor":24.0,"turns":3.0},{"damage":1.0,"enemies":"conspire:HollyBat","floor":25.0,"turns":4.0},{"damage":0.0,"enemies":"Cultist and Chosen","floor":28.0,"turns":2.0},{"damage":0.0,"enemies":"Snecko","floor":29.0,"turns":2.0},{"damage":0.0,"enemies":"Nightmare","floor":31.0,"turns":5.0},{"damage":6.0,"enemies":"bossMod:newCollector","floor":33.0,"turns":4.0},{"damage":0.0,"enemies":"theFactory:BigBot","floor":35.0,"turns":1.0},{"damage":0.0,"enemies":"theFactory:2_Experiment_Personnel","floor":36.0,"turns":1.0},{"damage":0.0,"enemies":"theFactory:DecayingSentinel","floor":37.0,"turns":3.0},{"damage":0.0,"enemies":"Nightmare","floor":41.0,"turns":3.0},{"damage":0.0,"enemies":"theFactory:Big_Bot_Bundle","floor":45.0,"turns":2.0},{"damage":0.0,"enemies":"theFactory:Manservantes","floor":46.0,"turns":4.0},{"damage":0.0,"enemies":"theFactory:DrinkBrewer","floor":48.0,"turns":4.0},{"damage":0.0,"enemies":"theFactory:Guardian2","floor":50.0,"turns":5.0},{"damage":0.0,"enemies":"Hallownest:eliteCrystalGuardian","floor":52.0,"turns":3.0},{"damage":0.0,"enemies":"Hallownest:eliteMossKnight","floor":55.0,"turns":1.0},{"damage":0.0,"enemies":"Hallownest:eliteCrystalGuardian","floor":57.0,"turns":2.0},{"damage":0.0,"enemies":"Hallownest:eliteMossKnight","floor":58.0,"turns":4.0},{"damage":0.0,"enemies":"Hallownest:eliteCrystalGuardian","floor":59.0,"turns":2.0},{"damage":0.0,"enemies":"Hallownest:eliteVengeflyKing","floor":61.0,"turns":1.0},{"damage":0,"enemies":"Hallownest:eliteCrystalGuardian","floor":62,"turns":2},{"damage":0,"enemies":"Hallownest:eliteMossKnight","floor":64,"turns":1},{"damage":0,"enemies":"Hallownest:eliteVengeflyKing","floor":65,"turns":1},{"damage":101,"enemies":"Delirium","floor":67,"turns":10}],"seed_played":"-287919372957977188","potions_obtained":[{"floor":1.0,"key":"blueLaboratory:Moonshine"},{"floor":2.0,"key":"blueLaboratory:LouseDecoction"},{"floor":7.0,"key":"blueLaboratory:FrostheartPotion"},{"floor":45.0,"key":"Energy Potion"},{"floor":46.0,"key":"blueLaboratory:FrostheartPotion"},{"floor":58.0,"key":"sagemod:Wine"}],"is_trial":false,"path_per_floor":["M","?","M","?","M","E","M","E","T","R","E","?","R","NM","R_BF","B",null,"M","?","AVR","M","M","R","E","M","T","?","M","M","?","NM","R_BF","B",null,"M","M","M","?","$","R","NM","R","T","R","M","E","R","E","R","B",null,"M","?","?","M","$","E","M","E","T","M","M","R","?","E","R","B"],"character_chosen":"THE_SILENT","items_purchased":["aspiration:TomeofQuesting","BargainBundle","Habit","RollingBoulder","Replay:Mystery Machine","hubris:EnhanceAbility","halation:PromiseList","hubris:OldNail","Mummified Hand","sagemod:The_Guidebook_Guide","LugNut","Chemical X","ReplayTheSpireMod:ShopPack","Noxious Fumes","PiercingWail","Poison Darts","Anchor","Catalyst","rat:Lunge+1","conspire:InfiniteJournal"],"campfire_rested":1,"item_purchase_floors":[0,0,0,0,0,0,0,0,0,0,0,0,0,13,13,23,32,39,42,56],"current_hp_per_floor":[69,65,59,59,59,59,59,59,59,59,59,63,63,57,76,68,74,76,76,76,76,76,76,58,61,61,61,65,69,71,75,75,76,83,83,83,83,86,86,86,86,86,86,86,86,86,86,86,86,86,86,86,86,71,76,76,81,86,86,86,89,89,89,89,89,89,0,0],"gold":37,"neow_bonus":"","is_daily":false,"chose_seed":false,"campfire_upgraded":7,"win_rate":0.0,"timestamp":1611191381,"path_taken":["M","?","M","?","M","E","M","E","T","R","E","?","R","NM","R_BF","BOSS","M","?","AVR","M","M","R","E","M","T","?","M","?","?","NM","R_BF","BOSS","M","M","M","?","$","R","NM","R","T","R","M","E","R","E","R","BOSS","BOSS","M","?","?","M","$","E","M","E","T","M","M","R","?","E","R","BOSS"],"items_purchased_type":["Relic","Relic","Relic","Relic","Relic","Card","Relic","Relic","Relic","Relic","Relic","Relic","Relic","Card","Card","Card","Relic","Card","Card","Relic"],"build_version":"2020-12-22","purchased_purges":3,"victory":false,"max_hp_per_floor":[79,79,79,72,72,72,72,72,72,72,72,76,76,76,76,76,76,76,76,76,76,76,76,76,76,76,76,76,76,76,76,76,76,83,83,83,83,86,86,86,86,86,86,86,86,86,86,86,86,86,86,86,86,86,86,86,86,86,86,86,89,89,89,89,89,89,88,88],"relic_stats":{"Centennial Puzzle":[3],"Regal Pillow":0,"counters":[129,479],"Mummified Hand":[119],"Golden Idol":262,"Chemical X":[23],"obtain_stats":[{"TwistedFunnel":11,"Golden Egg":0,"StuffTheSpire:Barrel":36,"vexMod:MemoryStick":40,"Whetstone":0,"DeadEye":6,"Bottled Tornado":0,"Sling":0,"Boot":42,"vexMod:InvisibilityCloak":9,"infinitespire:ShieldingShard":0,"rorgmod:The Boot":46,"aspiration:PoetsPen":34,"TheBean":0,"hubris:DeckOfHolding":60,"halation:PromiseList":7,"Replay:Wax Seal":9,"hubris:MobiusCoin":0,"MerchantsRug":11,"GiantMaggot":44,"Blue Candle":29,"BelialBook":2,"Eternal Feather":43,"Pen Nib":10,"MoneyPower":8,"infinitespire:Magic Flask":3,"aspiration:FrozenJewel":0,"infinitespire:Broken Mirror":62,"Bird Faced Urn":8,"Kintsugi":17,"HushsDoor":0,"infinitespire:PuzzleCube":6,"Lantern":0,"Regal Pillow":55,"Torii":0,"Singing Bowl":0,"Bag of Preparation":46,"StuffTheSpire:GrapeVine":9,"HeavenlyBonsai":0,"sagemod:The_Guidebook_Guide":0,"Burning Blood":29,"Replay:Rubber Ducky":0,"conspire:InfiniteJournal":56,"StuffTheSpire:OccultApparatus":3,"BranchBurnRelic":47,"StuffTheSpire:Gunfinga":58,"Matryoshka":0,"Ring of Peace":4,"hubris:ScarierMask":17,"hubris:CuriousFeather":47,"hubris:FunFungus":37,"Chemical X":0,"Ring of Panic":25,"Replay:Bottled Eggs":49,"InkBottle":14,"Ring of the Snake":0,"StuffTheSpire:TintedRock":0,"Potion Belt":0,"Lee\u0027s Waffle":0,"Golden Idol":4,"StuffTheSpire:Saxophone":0,"energizedSpire:EnergizedDie":20,"Circlet":0,"PreservedInsect":0,"Omamori":0,"infinitespire:Lucky Rock":26,"hubris:Towel":2,"Frozen Egg 2":0,"Habit":0,"halation:NonexistentMirror":0,"StuffTheSpire:Mouthbags":25,"Ornamental Fan":0,"rat:KircheisShard":23,"Ring of Misfortune":25,"Orrery":0,"MagicMushroom":34,"Garlic":0,"SpikesRelics:DaevaFist":0,"Art of War":29,"Bottled Lightning":11,"halation:LostSnail":0,"halation:PinkSoulGem":42,"halation:PeacePiece":0,"hubris:BottledRain":43,"Ice Cream":13,"CeramicFish":0,"EVO:Axolotl":0,"Centennial Puzzle":49,"DollysMirror":0,"halation:PrussianBluePaint":0,"halation:VictoryRuler":17,"Philosopher\u0027s Stone":34,"Toxic Egg 2":0,"LugNut":6,"Happy Flower":11,"hubris:DuctTape":0,"ReplayTheSpireMod:CursedCoin":0,"aspiration:Nostalgia":29,"Astrolabe":34,"Dead Branch":46,"Oddly Smooth Stone":0,"infinitespire:Beetle Shell":0,"vexMod:PaidLearning":0,"BlackRope":0,"War Paint":0,"Question Card":0,"Du-Vu Doll":0,"rat:RedSneckoSkull":46,"YumHeart":0,"ReplayTheSpireMod:Shallot":0,"Bronze Scales":0,"StuffTheSpire:DarkSteelAnvil":0,"Onion Ring":29,"ReplayTheSpireMod:TigerMarble":0,"infinitespire:EmpoweringShard":14,"Pocketwatch":9,"Darkstone Periapt":0,"ReplayFunnel":0,"SnailShell":0,"aspiration:TomeofQuesting":0,"BrokenLever":52,"Snake Skull":0,"halation:WeightlessCrab":0,"Juzu Bracelet":0,"hubris:SlimyHat":0,"Sizzling Blood":12,"Replay:Mystery Machine":26,"vexMod:Spyglass":0,"ClockworkSouvenir":0,"StuffTheSpire:Experiment12":7,"Tough Bandages":0,"Dream Catcher":4,"hubris:Icosahedron":3,"Chameleon Ring":0,"ChampionBelt":51,"Mummified Hand":0,"StuffTheSpire:HeavyRock":0,"MiniBlackHole":12,"RollingBoulder":0,"Tiny Chest":0,"energizedSpire:RedRose":52,"Gremlin Food":14,"BargainBundle":0,"Replay:Towering Pillar of Hats":0,"infinitespire:CursedDice":27,"Guide Book":0,"Quantum Egg":44,"halation:IllGainedPizza":43,"hubris:MedicalManual":0,"Orichalcum":0,"Medical Kit":0,"Peace Pipe":29,"Calling Bell":17,"Strange Spoon":0,"Anchor":46,"vexMod:BarristanHead":26,"vexMod:HeadHunter":0,"halation:EternalFortune":47,"rat:QuicksilverSash":0,"Bag of Marbles":11,"SalivaCoin":57,"Membership Card":0,"hubris:OldNail":0,"hubris:Potato":0,"FossilizedHelix":59,"ReplayTheSpireMod:ShopPack":0,"hubris:NiceRug":29},{"TwistedFunnel":13,"Golden Egg":2,"StuffTheSpire:Barrel":26,"vexMod:MemoryStick":29,"Whetstone":9,"DeadEye":96,"Bottled Tornado":9,"Sling":9,"Boot":65,"vexMod:InvisibilityCloak":12,"infinitespire:ShieldingShard":9,"rorgmod:The Boot":31,"aspiration:PoetsPen":60,"TheBean":0,"hubris:DeckOfHolding":124,"halation:PromiseList":5,"Replay:Wax Seal":6,"hubris:MobiusCoin":9,"MerchantsRug":13,"GiantMaggot":66,"Blue Candle":21,"BelialBook":93,"Eternal Feather":65,"Pen Nib":13,"MoneyPower":98,"infinitespire:Magic Flask":40,"aspiration:FrozenJewel":2,"infinitespire:Broken Mirror":126,"Bird Faced Urn":49,"Kintsugi":16,"HushsDoor":0,"infinitespire:PuzzleCube":47,"Lantern":9,"Regal Pillow":121,"Torii":2,"Singing Bowl":9,"Bag of Preparation":31,"StuffTheSpire:GrapeVine":98,"HeavenlyBonsai":38,"sagemod:The_Guidebook_Guide":91,"Burning Blood":22,"Replay:Rubber Ducky":9,"conspire:InfiniteJournal":121,"StuffTheSpire:OccultApparatus":1,"BranchBurnRelic":116,"StuffTheSpire:Gunfinga":123,"Matryoshka":68,"Ring of Peace":11,"hubris:ScarierMask":75,"hubris:CuriousFeather":31,"hubris:FunFungus":86,"Chemical X":9,"Ring of Panic":56,"Replay:Bottled Eggs":66,"InkBottle":15,"Ring of the Snake":0,"StuffTheSpire:TintedRock":9,"Potion Belt":9,"Lee\u0027s Waffle":9,"Golden Idol":94,"StuffTheSpire:Saxophone":2,"energizedSpire:EnergizedDie":102,"Circlet":0,"PreservedInsect":9,"Omamori":9,"infinitespire:Lucky Rock":56,"hubris:Towel":1,"Frozen Egg 2":9,"Habit":91,"halation:NonexistentMirror":2,"StuffTheSpire:Mouthbags":20,"Ornamental Fan":9,"rat:KircheisShard":19,"Ring of Misfortune":56,"Orrery":9,"MagicMushroom":110,"Garlic":9,"SpikesRelics:DaevaFist":9,"Art of War":22,"Bottled Lightning":13,"halation:LostSnail":9,"halation:PinkSoulGem":29,"halation:PeacePiece":68,"hubris:BottledRain":114,"Ice Cream":14,"CeramicFish":9,"EVO:Axolotl":0,"Centennial Puzzle":66,"DollysMirror":9,"halation:PrussianBluePaint":9,"halation:VictoryRuler":51,"Philosopher\u0027s Stone":25,"Toxic Egg 2":38,"LugNut":70,"Happy Flower":7,"hubris:DuctTape":9,"ReplayTheSpireMod:CursedCoin":9,"aspiration:Nostalgia":22,"Astrolabe":84,"Dead Branch":116,"Oddly Smooth Stone":9,"infinitespire:Beetle Shell":9,"vexMod:PaidLearning":9,"BlackRope":9,"War Paint":9,"Question Card":9,"Du-Vu Doll":9,"rat:RedSneckoSkull":31,"YumHeart":91,"ReplayTheSpireMod:Shallot":9,"Bronze Scales":9,"StuffTheSpire:DarkSteelAnvil":9,"Onion Ring":22,"ReplayTheSpireMod:TigerMarble":9,"infinitespire:EmpoweringShard":74,"Pocketwatch":49,"Darkstone Periapt":9,"ReplayFunnel":9,"SnailShell":9,"aspiration:TomeofQuesting":9,"BrokenLever":120,"Snake Skull":9,"halation:WeightlessCrab":9,"Juzu Bracelet":9,"hubris:SlimyHat":9,"Sizzling Blood":99,"Replay:Mystery Machine":80,"vexMod:Spyglass":9,"ClockworkSouvenir":9,"StuffTheSpire:Experiment12":12,"Tough Bandages":9,"Dream Catcher":45,"hubris:Icosahedron":3,"Chameleon Ring":87,"ChampionBelt":119,"Mummified Hand":9,"StuffTheSpire:HeavyRock":68,"MiniBlackHole":14,"RollingBoulder":9,"Tiny Chest":9,"energizedSpire:RedRose":35,"Gremlin Food":100,"BargainBundle":9,"Replay:Towering Pillar of Hats":2,"infinitespire:CursedDice":21,"Guide Book":9,"Quantum Egg":30,"halation:IllGainedPizza":29,"hubris:MedicalManual":9,"Orichalcum":38,"Medical Kit":9,"Peace Pipe":22,"Calling Bell":51,"Strange Spoon":9,"Anchor":31,"vexMod:BarristanHead":20,"vexMod:HeadHunter":9,"halation:EternalFortune":66,"rat:QuicksilverSash":9,"Bag of Marbles":99,"SalivaCoin":122,"Membership Card":9,"hubris:OldNail":9,"hubris:Potato":9,"FossilizedHelix":124,"ReplayTheSpireMod:ShopPack":2,"hubris:NiceRug":22},{"TwistedFunnel":30,"Golden Egg":6,"StuffTheSpire:Barrel":69,"vexMod:MemoryStick":78,"Whetstone":22,"DeadEye":383,"Bottled Tornado":22,"Sling":22,"Boot":211,"vexMod:InvisibilityCloak":27,"infinitespire:ShieldingShard":22,"rorgmod:The Boot":82,"aspiration:PoetsPen":193,"TheBean":0,"hubris:DeckOfHolding":464,"halation:PromiseList":14,"Replay:Wax Seal":15,"hubris:MobiusCoin":22,"MerchantsRug":30,"GiantMaggot":218,"Blue Candle":55,"BelialBook":376,"Eternal Feather":211,"Pen Nib":30,"MoneyPower":387,"infinitespire:Magic Flask":108,"aspiration:FrozenJewel":6,"infinitespire:Broken Mirror":467,"Bird Faced Urn":140,"Kintsugi":34,"HushsDoor":0,"infinitespire:PuzzleCube":135,"Lantern":22,"Regal Pillow":456,"Torii":6,"Singing Bowl":22,"Bag of Preparation":82,"StuffTheSpire:GrapeVine":387,"HeavenlyBonsai":99,"sagemod:The_Guidebook_Guide":368,"Burning Blood":60,"Replay:Rubber Ducky":22,"conspire:InfiniteJournal":456,"StuffTheSpire:OccultApparatus":5,"BranchBurnRelic":442,"StuffTheSpire:Gunfinga":462,"Matryoshka":227,"Ring of Peace":26,"hubris:ScarierMask":276,"hubris:CuriousFeather":82,"hubris:FunFungus":343,"Chemical X":22,"Ring of Panic":171,"Replay:Bottled Eggs":218,"InkBottle":32,"Ring of the Snake":0,"StuffTheSpire:TintedRock":22,"Potion Belt":22,"Lee\u0027s Waffle":22,"Golden Idol":378,"StuffTheSpire:Saxophone":6,"energizedSpire:EnergizedDie":404,"Circlet":0,"PreservedInsect":22,"Omamori":22,"infinitespire:Lucky Rock":171,"hubris:Towel":5,"Frozen Egg 2":22,"Habit":368,"halation:NonexistentMirror":6,"StuffTheSpire:Mouthbags":53,"Ornamental Fan":22,"rat:KircheisShard":42,"Ring of Misfortune":171,"Orrery":22,"MagicMushroom":428,"Garlic":22,"SpikesRelics:DaevaFist":22,"Art of War":60,"Bottled Lightning":30,"halation:LostSnail":22,"halation:PinkSoulGem":78,"halation:PeacePiece":227,"hubris:BottledRain":436,"Ice Cream":31,"CeramicFish":22,"EVO:Axolotl":0,"Centennial Puzzle":218,"DollysMirror":22,"halation:PrussianBluePaint":22,"halation:VictoryRuler":149,"Philosopher\u0027s Stone":66,"Toxic Egg 2":99,"LugNut":240,"Happy Flower":19,"hubris:DuctTape":22,"ReplayTheSpireMod:CursedCoin":22,"aspiration:Nostalgia":60,"Astrolabe":332,"Dead Branch":442,"Oddly Smooth Stone":22,"infinitespire:Beetle Shell":22,"vexMod:PaidLearning":22,"BlackRope":22,"War Paint":22,"Question Card":22,"Du-Vu Doll":22,"rat:RedSneckoSkull":82,"YumHeart":368,"ReplayTheSpireMod:Shallot":22,"Bronze Scales":22,"StuffTheSpire:DarkSteelAnvil":22,"Onion Ring":60,"ReplayTheSpireMod:TigerMarble":22,"infinitespire:EmpoweringShard":263,"Pocketwatch":140,"Darkstone Periapt":22,"ReplayFunnel":22,"SnailShell":22,"aspiration:TomeofQuesting":22,"BrokenLever":455,"Snake Skull":22,"halation:WeightlessCrab":22,"Juzu Bracelet":22,"hubris:SlimyHat":22,"Sizzling Blood":389,"Replay:Mystery Machine":303,"vexMod:Spyglass":22,"ClockworkSouvenir":22,"StuffTheSpire:Experiment12":27,"Tough Bandages":22,"Dream Catcher":128,"hubris:Icosahedron":10,"Chameleon Ring":351,"ChampionBelt":452,"Mummified Hand":22,"StuffTheSpire:HeavyRock":227,"MiniBlackHole":31,"RollingBoulder":22,"Tiny Chest":22,"energizedSpire:RedRose":91,"Gremlin Food":395,"BargainBundle":22,"Replay:Towering Pillar of Hats":6,"infinitespire:CursedDice":55,"Guide Book":22,"Quantum Egg":81,"halation:IllGainedPizza":78,"hubris:MedicalManual":22,"Orichalcum":99,"Medical Kit":22,"Peace Pipe":60,"Calling Bell":149,"Strange Spoon":22,"Anchor":82,"vexMod:BarristanHead":53,"vexMod:HeadHunter":22,"halation:EternalFortune":218,"rat:QuicksilverSash":22,"Bag of Marbles":389,"SalivaCoin":458,"Membership Card":22,"hubris:OldNail":22,"hubris:Potato":22,"FossilizedHelix":464,"ReplayTheSpireMod:ShopPack":6,"hubris:NiceRug":60}]},"card_choices":[{"not_picked":["Enlightenment","Replay:Parry"],"picked":"ReplayTheSpireMod:Private Reserves","floor":0.0},{"not_picked":["StuffTheSpire:PlasmaPunch","Jack Of All Trades"],"picked":"Bomb","floor":0.0},{"not_picked":["Sneak Up","Outmaneuver","Blade Dance"],"picked":"SKIP","floor":1.0},{"not_picked":["StuffTheSpire:Incursion","hubris:TrickCloak"],"picked":"rat:RuptureArtery","floor":2.0},{"not_picked":["Acrobatics","Deadly Poison","Endless Agony"],"picked":"SKIP","floor":3.0},{"not_picked":["rat:EchoingStrikes","Deflect","Leg Sweep"],"picked":"SKIP","floor":5.0},{"not_picked":["Calculated Gamble","Hidden Blade"],"picked":"Toxin Wave","floor":6.0},{"not_picked":["StuffTheSpire:ClusterCrunch","Escape Plan","Eviscerate"],"picked":"SKIP","floor":7.0},{"not_picked":["Outmaneuver","StuffTheSpire:ClusterCrunch","Catalyst"],"picked":"SKIP","floor":8.0},{"not_picked":["StuffTheSpire:Injection","Predator","Distraction"],"picked":"SKIP","floor":11.0},{"not_picked":["infinitespire:Oblivion","infinitespire:FinalStrike"],"picked":"infinitespire:Collect","floor":14.0},{"not_picked":["rat:FanOfKnives","StuffTheSpire:Python"],"picked":"Burst","floor":14.0},{"not_picked":["Die Die Die","Burst"],"picked":"Venomology","floor":16.0},{"not_picked":["ReplayTheSpireMod:Speed Training","Dagger Throw","Quick Slash+1"],"picked":"SKIP","floor":18.0},{"not_picked":["Bane","StuffTheSpire:Python"],"picked":"StuffTheSpire:ReptileScales","floor":21.0},{"not_picked":["Prepared","hubris:SlightOfHand","Cloak And Dagger"],"picked":"SKIP","floor":22.0},{"not_picked":["rat:DextrousStrike","Deadly Poison"],"picked":"After Image","floor":24.0},{"not_picked":["hubris:Counter","Acrobatics","Setup"],"picked":"SKIP","floor":25.0},{"not_picked":["rat:RuptureArtery","conspire:PoisonWeapons","hubris:Sniper"],"picked":"SKIP","floor":28.0},{"not_picked":["Infinite Blades","rat:Exsanguinate","Eviscerate"],"picked":"SKIP","floor":29.0},{"not_picked":["Terror","Escape Plan"],"picked":"rat:SiphonSilver","floor":31.0},{"not_picked":["rat:BloodPact","Bullet Time"],"picked":"Glass Knife","floor":33.0},{"not_picked":["Dash","rat:EchoingStrikes","Bane+1"],"picked":"SKIP","floor":35.0},{"not_picked":["Choke","Quick Slash","rat:SiphonBlood"],"picked":"SKIP","floor":36.0},{"not_picked":["StuffTheSpire:Fury+1","Deadly Poison","Unload"],"picked":"SKIP","floor":37.0},{"not_picked":["hubris:Fate","infinitespire:FinalStrike"],"picked":"infinitespire:Execution","floor":41.0},{"not_picked":["ReplayTheSpireMod:Tripwire+1","Hidden Blade","Poisoned Stab"],"picked":"SKIP","floor":41.0},{"not_picked":["rat:EchoingStrikes","ReplayTheSpireMod:The Works","rat:ColdBlood"],"picked":"SKIP","floor":45.0},{"not_picked":["StuffTheSpire:Sprint","Backflip","StuffTheSpire:Python"],"picked":"SKIP","floor":46.0},{"not_picked":["ReplayTheSpireMod:Exploit Weakness","Slice+1","Sneak Up"],"picked":"SKIP","floor":48.0},{"not_picked":["ReplayTheSpireMod:Shiv Toss","hubris:Sniper","Slice"],"picked":"SKIP","floor":52.0},{"not_picked":["Dagger Spray","Storm of Steel","StuffTheSpire:MirrorStance"],"picked":"SKIP","floor":55.0},{"not_picked":["Tactician","StuffTheSpire:ReptileScales","StuffTheSpire:Injection"],"picked":"SKIP","floor":57.0},{"not_picked":["infinitespire:Punishment","ReplayTheSpireMod:Black Plague"],"picked":"hubris:Rewind","floor":58.0},{"not_picked":["Deflect","StuffTheSpire:BrimstoneBlast","Outmaneuver"],"picked":"SKIP","floor":58.0},{"not_picked":["StuffTheSpire:BumpUp","rat:SilverDagger","StuffTheSpire:Python"],"picked":"SKIP","floor":59.0},{"not_picked":["All Out Attack","Hidden Blade","rat:FanOfKnives"],"picked":"SKIP","floor":61.0},{"not_picked":["rat:Disembowel","rat:RuptureArtery","Outmaneuver"],"picked":"SKIP","floor":62},{"not_picked":["Expertise","ReplayTheSpireMod:Scrap Shanks","Acrobatics"],"picked":"SKIP","floor":64},{"not_picked":["Pace","Bouncing Flask","Deadly Poison"],"picked":"SKIP","floor":65}],"player_experience":633934,"relics_obtained":[{"floor":2.0,"key":"BelialBook"},{"floor":6.0,"key":"DeadEye"},{"floor":8.0,"key":"MoneyPower"},{"floor":9.0,"key":"StuffTheSpire:GrapeVine"},{"floor":11.0,"key":"Bag of Marbles"},{"floor":14.0,"key":"Gremlin Food"},{"floor":24.0,"key":"Omamori"},{"floor":26.0,"key":"infinitespire:Beetle Shell"},{"floor":31.0,"key":"Replay:Bottled Eggs"},{"floor":41.0,"key":"Replay:Wax Seal"},{"floor":43.0,"key":"hubris:BottledRain"},{"floor":46.0,"key":"Dead Branch"},{"floor":48.0,"key":"Centennial Puzzle"},{"floor":52.0,"key":"BrokenLever"},{"floor":55.0,"key":"Regal Pillow"},{"floor":57.0,"key":"SalivaCoin"},{"floor":58.0,"key":"StuffTheSpire:Gunfinga"},{"floor":59.0,"key":"FossilizedHelix"},{"floor":60.0,"key":"hubris:DeckOfHolding"},{"floor":61.0,"key":"halation:EternalFortune"},{"floor":61.0,"key":"ReplayTheSpireMod:TigerMarble"},{"floor":62,"key":"infinitespire:Broken Mirror"},{"floor":65,"key":"ReplayFunnel"}],"event_choices":[{"damage_healed":0.0,"max_hp_gain":0.0,"max_hp_loss":7.0,"gold_gain":0.0,"event_name":"Golden Idol","player_choice":"Lose Max HP","floor":4.0,"gold_loss":0.0,"damage_taken":0.0,"relics_obtained":["Golden Idol"]},{"cards_removed":["Backflip"],"damage_healed":0.0,"max_hp_gain":0.0,"max_hp_loss":0.0,"gold_gain":0.0,"event_name":"Purifier","player_choice":"Purged","floor":19.0,"gold_loss":0.0,"damage_taken":0.0},{"damage_healed":0.0,"max_hp_gain":0.0,"max_hp_loss":0.0,"gold_gain":0.0,"event_name":"betterNote:BetterNote","player_choice":"Ignored","floor":27.0,"gold_loss":0.0,"damage_taken":0.0,"cards_obtained":["StuffTheSpire:Innocence"]},{"damage_healed":2.0,"max_hp_gain":0.0,"max_hp_loss":0.0,"gold_gain":0.0,"event_name":"betterSkull:BetterSkull","player_choice":"LEAVE ","floor":30.0,"gold_loss":0.0,"damage_taken":0.0,"cards_upgraded":[],"relics_obtained":[]}],"is_beta":false,"boss_relics":[{"not_picked":["hubris:BlackHole","energizedSpire:RedRose"],"picked":"hubris:ScarierMask"},{"not_picked":[]},{"not_picked":["Replay:Wanted Poster","aspiration:DefectSkillbook"],"picked":"MagicMushroom"},{"not_picked":[]},{"not_picked":["Runic Pyramid","Fusion Hammer"],"picked":"ChampionBelt"},{"not_picked":[]}],"items_purged_floors":[0,0,13],"is_endless":true,"potions_floor_spawned":[1,2,7,11,18,25,28,33,41,45,46,48,52,57,58,59,61],"killed_by":"Delirium","ascension_level":20}}