{"host":"l84l8xigz5v5foa2","time":1611203298,"event":{"mods":["2.2 Compatiblity","AchievementEnabler","BaseMod","Better Note","Better Vampires","Card Filter","Colored Map","DeckTracker","Gremlin Skip","Hermit","Highlight Path","Keyboard Shortcuts","Minty Spire (QoL Compilation)","Permanent Neow","Quick Restart","Relic Filter","Relic Stats","Shop Mod","StSLib","SuperFastMode","Transform Curses","Unknown Chances"],"gold_per_floor":[111,131,151,151,171,171,184,184,209,209,221,234,262,262,262,392,392,406,16,16,29,44,44,57,57,109,153,173,228,46,62,62,192,192,217,217,217,217,243,255,267,279,291,117,117,140,140,156,156,163,163,163,38,78,78,78],"floor_reached":55,"language":"KOR","playtime":3675,"items_purged":["hermit:Strike_Hermit","hermit:Strike_Hermit","hermit:Strike_Hermit"],"score":712,"play_id":"409440ee-603a-4325-ae16-466abe83595f","local_time":"20210121132818","is_ascension_mode":false,"campfire_choices":[{"data":"hermit:Covet","floor":6.0,"key":"SMITH"},{"data":"hermit:WideOpen","floor":8.0,"key":"SMITH"},{"data":"hermit:Vantage","floor":10.0,"key":"SMITH"},{"data":"hermit:LuckOfTheDraw","floor":15.0,"key":"SMITH"},{"data":"hermit:Adapt","floor":23.0,"key":"SMITH"},{"data":"hermit:LoneWolf","floor":25.0,"key":"SMITH"},{"data":"hermit:Combo","floor":32.0,"key":"SMITH"},{"data":"Deep Breath","floor":40.0,"key":"SMITH"},{"data":"hermit:TakeCover","floor":42.0,"key":"SMITH"},{"data":"Thinking Ahead","floor":45.0,"key":"SMITH"},{"floor":47.0,"key":"RECALL"},{"data":"hermit:EyeOfTheStorm","floor":49,"key":"SMITH"},{"data":"hermit:Roughhouse","floor":52,"key":"SMITH"}],"circlet_count":0,"master_deck":["hermit:Defend_Hermit","hermit:Defend_Hermit","hermit:Defend_Hermit","hermit:Defend_Hermit","hermit:Snapshot","hermit:Covet+1","hermit:Malice","hermit:LoneWolf+1","hermit:WideOpen+1","hermit:Vantage+1","hermit:HeroicBravado","hermit:Deadeye","hermit:LuckOfTheDraw+1","hermit:Adapt+1","hermit:BigShot+1","hermit:Horror","hermit:Shortfuse","hermit:Headshot+1","hermit:EyeOfTheStorm+1","hermit:Combo+1","hermit:BigShot","hermit:Roughhouse+1","hermit:Roulette+1","Madness","Madness","Deep Breath+1","hermit:TakeCover+1","Thinking Ahead+1","hermit:Scavenge+1","hermit:SprayPray+1","hermit:Brawl"],"relics":["hermit:Momento","FossilizedHelix","Tiny Chest","Mummified Hand","Golden Idol","Sozu","Gambling Chip","Anchor","Lizard Tail","Philosopher\u0027s Stone","MawBank","Mercury Hourglass","Akabeko"],"acts_visited":["Exordium","TheCity","TheBeyond","TheEnding"],"potions_floor_usage":[55,55],"damage_taken":[{"damage":0.0,"enemies":"2 Louse","floor":1.0,"turns":2.0},{"damage":0.0,"enemies":"Cultist","floor":2.0,"turns":2.0},{"damage":0.0,"enemies":"Small Slimes","floor":3.0,"turns":3.0},{"damage":0.0,"enemies":"2 Fungi Beasts","floor":5.0,"turns":3.0},{"damage":0.0,"enemies":"Exordium Wildlife","floor":7.0,"turns":3.0},{"damage":0.0,"enemies":"Gremlin Gang","floor":11.0,"turns":2.0},{"damage":0.0,"enemies":"Looter","floor":12.0,"turns":2.0},{"damage":0.0,"enemies":"3 Sentries","floor":13.0,"turns":5.0},{"damage":2.0,"enemies":"Slime Boss","floor":16.0,"turns":11.0},{"damage":0.0,"enemies":"Chosen","floor":18.0,"turns":4.0},{"damage":12.0,"enemies":"Spheric Guardian","floor":21.0,"turns":5.0},{"damage":10.0,"enemies":"Snecko","floor":22.0,"turns":4.0},{"damage":14.0,"enemies":"Snake Plant","floor":24.0,"turns":3.0},{"damage":18.0,"enemies":"Book of Stabbing","floor":27.0,"turns":4.0},{"damage":0.0,"enemies":"Cultist and Chosen","floor":28.0,"turns":5.0},{"damage":0.0,"enemies":"Chosen and Byrds","floor":31.0,"turns":4.0},{"damage":0.0,"enemies":"Automaton","floor":33.0,"turns":6.0},{"damage":0.0,"enemies":"3 Darklings","floor":35.0,"turns":2.0},{"damage":0.0,"enemies":"3 Shapes","floor":46.0,"turns":4.0},{"damage":7,"enemies":"Writhing Mass","floor":48,"turns":7},{"damage":86,"enemies":"Time Eater","floor":50,"turns":8},{"damage":16,"enemies":"Shield and Spear","floor":54,"turns":4},{"damage":77,"enemies":"The Heart","floor":55,"turns":3}],"seed_played":"4767389669581346976","potions_obtained":[{"floor":2.0,"key":"SkillPotion"},{"floor":4.0,"key":"Fruit Juice"},{"floor":4.0,"key":"FairyPotion"},{"floor":4.0,"key":"BlessingOfTheForge"},{"floor":7.0,"key":"DistilledChaos"},{"floor":12.0,"key":"hermit:Eclipse"},{"floor":13.0,"key":"Explosive Potion"},{"floor":16.0,"key":"Strength Potion"}],"is_trial":false,"path_per_floor":["M","M","M","?","M","R","M","R","T","R","M","M","E","?","R","B",null,"M","$","?","M","M","R","M","R","T","E","M","T","$","M","R","B",null,"M","?","?","?","T","R","?","R","T","$","R","M","R","M","R","B",null,"R","$","E","B"],"character_chosen":"HERMIT","items_purchased":["Gambling Chip","hermit:Combo","Thinking Ahead"],"campfire_rested":0,"item_purchase_floors":[19,30,44],"current_hp_per_floor":[54,54,54,59,59,59,59,59,59,59,59,59,59,39,39,37,80,80,80,80,68,58,58,44,44,44,26,26,26,26,26,26,26,80,80,70,60,60,60,60,60,60,60,60,60,60,60,53,53,11,80,80,80,64,0,0],"gold":78,"neow_bonus":"ONE_RARE_RELIC","is_daily":false,"chose_seed":false,"campfire_upgraded":12,"win_rate":0.0,"timestamp":1611203298,"path_taken":["M","M","M","?","M","R","?","R","T","R","M","M","E","?","R","BOSS","M","$","?","M","?","R","M","R","T","E","M","?","$","M","R","BOSS","M","?","?","?","?","R","?","R","T","$","R","?","R","?","R","BOSS","R","$","E","BOSS"],"items_purchased_type":["Relic","Card","Card"],"build_version":"2020-12-22","purchased_purges":3,"victory":false,"max_hp_per_floor":[75,75,75,80,80,80,80,80,80,80,80,80,80,80,80,80,80,80,80,80,80,80,80,80,80,80,80,80,80,80,80,80,80,80,80,80,80,80,80,80,80,80,80,80,80,80,80,80,80,80,80,80,80,80,80,80],"relic_stats":{"Sozu":4,"Lizard Tail":40,"counters":[23,96],"Mummified Hand":[43],"Golden Idol":125,"Gambling Chip":[24],"Tiny Chest":2,"MawBank":60,"obtain_stats":[{"Golden Idol":14,"MawBank":39,"Akabeko":54,"Mercury Hourglass":43,"Sozu":17,"Anchor":26,"Lizard Tail":27,"Mummified Hand":13,"Gambling Chip":19,"Tiny Chest":9,"Philosopher\u0027s Stone":34,"hermit:Momento":0,"FossilizedHelix":0},{"Golden Idol":8,"MawBank":18,"Akabeko":22,"Mercury Hourglass":18,"Sozu":9,"Anchor":13,"Lizard Tail":14,"Mummified Hand":8,"Gambling Chip":10,"Tiny Chest":5,"Philosopher\u0027s Stone":17,"hermit:Momento":0,"FossilizedHelix":0},{"Golden Idol":22,"MawBank":70,"Akabeko":93,"Mercury Hourglass":70,"Sozu":33,"Anchor":49,"Lizard Tail":53,"Mummified Hand":22,"Gambling Chip":37,"Tiny Chest":13,"Philosopher\u0027s Stone":68,"hermit:Momento":0,"FossilizedHelix":0}],"Mercury Hourglass":[75]},"card_choices":[{"not_picked":["hermit:WideOpen","hermit:BodyArmor"],"picked":"hermit:Malice","floor":1.0},{"not_picked":["hermit:Manifest","hermit:TakeAim"],"picked":"hermit:LoneWolf","floor":2.0},{"not_picked":["hermit:CursedWeapon","hermit:Coalescence"],"picked":"hermit:WideOpen","floor":3.0},{"not_picked":["hermit:Glare","hermit:Roulette"],"picked":"hermit:Vantage","floor":5.0},{"not_picked":["hermit:Shortfuse","hermit:Dive"],"picked":"hermit:HeroicBravado","floor":7.0},{"not_picked":["hermit:WideOpen","hermit:Misfire","hermit:Glare"],"picked":"SKIP","floor":11.0},{"not_picked":["hermit:Misfire","hermit:Vantage"],"picked":"hermit:Deadeye","floor":12.0},{"not_picked":["hermit:Glare","hermit:Magnum"],"picked":"hermit:LuckOfTheDraw","floor":13.0},{"not_picked":["hermit:FromBeyond","hermit:OverwhelmingPower"],"picked":"hermit:Adapt","floor":16.0},{"not_picked":["hermit:CalledShot","hermit:Quickdraw"],"picked":"hermit:BigShot+1","floor":18.0},{"not_picked":["hermit:Glare","hermit:Vantage"],"picked":"hermit:Horror","floor":21.0},{"not_picked":["hermit:LoneWolf","hermit:Quickdraw","hermit:WideOpen"],"picked":"SKIP","floor":22.0},{"not_picked":["hermit:LoneWolf","hermit:Quickdraw","hermit:WideOpen"],"picked":"SKIP","floor":22.0},{"not_picked":["hermit:CalledShot","hermit:Scavenge"],"picked":"hermit:Shortfuse","floor":24.0},{"not_picked":["hermit:ShadowCloak","hermit:LowProfile"],"picked":"hermit:Headshot+1","floor":27.0},{"not_picked":["hermit:ShadowCloak","hermit:HoleUp"],"picked":"hermit:EyeOfTheStorm","floor":28.0},{"not_picked":["hermit:HoleUp","hermit:Glare"],"picked":"hermit:BigShot","floor":31.0},{"not_picked":["hermit:FromBeyond","hermit:Gambit"],"picked":"hermit:Roughhouse","floor":33.0},{"not_picked":["hermit:ItchyTrigger+1","hermit:Coalescence"],"picked":"hermit:Roulette+1","floor":35.0},{"not_picked":["Good Instincts","Jack Of All Trades"],"picked":"Deep Breath","floor":37.0},{"not_picked":["hermit:Desperado","hermit:Headshot"],"picked":"hermit:Scavenge+1","floor":46.0},{"not_picked":["hermit:Headshot","hermit:Vantage"],"picked":"hermit:SprayPray+1","floor":48},{"not_picked":["hermit:Midnight+1","hermit:LowProfile+1"],"picked":"hermit:Brawl","floor":54}],"player_experience":1414632,"relics_obtained":[{"floor":9.0,"key":"Tiny Chest"},{"floor":13.0,"key":"Mummified Hand"},{"floor":26.0,"key":"Anchor"},{"floor":27.0,"key":"Lizard Tail"},{"floor":39.0,"key":"MawBank"},{"floor":43.0,"key":"Mercury Hourglass"},{"floor":54,"key":"Akabeko"}],"event_choices":[{"damage_healed":0.0,"max_hp_gain":0.0,"max_hp_loss":0.0,"gold_gain":0.0,"event_name":"Lab","player_choice":"Got Potions","floor":4.0,"gold_loss":0.0,"damage_taken":0.0},{"damage_healed":0.0,"max_hp_gain":0.0,"max_hp_loss":0.0,"gold_gain":0.0,"event_name":"Golden Idol","player_choice":"Take Damage","floor":14.0,"gold_loss":0.0,"damage_taken":20.0,"relics_obtained":["Golden Idol"]},{"damage_healed":0.0,"max_hp_gain":0.0,"max_hp_loss":0.0,"gold_gain":0.0,"event_name":"betterNote:BetterNote","player_choice":"Ignored","floor":20.0,"gold_loss":0.0,"damage_taken":0.0,"cards_obtained":["Night Terror"]},{"damage_healed":0.0,"max_hp_gain":0.0,"max_hp_loss":0.0,"gold_gain":0.0,"event_name":"Winding Halls","player_choice":"Embrace Madness","floor":36.0,"gold_loss":0.0,"damage_taken":10.0,"cards_obtained":["Madness","Madness"]},{"damage_healed":0.0,"max_hp_gain":0.0,"max_hp_loss":0.0,"gold_gain":0.0,"event_name":"SensoryStone","player_choice":"Memory 3","floor":37.0,"gold_loss":0.0,"damage_taken":10.0},{"damage_healed":0.0,"max_hp_gain":0.0,"max_hp_loss":0.0,"gold_gain":0.0,"event_name":"Tomb of Lord Red Mask","player_choice":"Ignored","floor":38.0,"gold_loss":0.0,"damage_taken":0.0},{"damage_healed":0.0,"max_hp_gain":0.0,"max_hp_loss":0.0,"gold_gain":0.0,"cards_transformed":["hermit:Strike_Hermit"],"event_name":"Transmorgrifier","player_choice":"Transformed","floor":41.0,"gold_loss":0.0,"damage_taken":0.0,"cards_obtained":["hermit:TakeCover"]}],"is_beta":false,"boss_relics":[{"not_picked":["Empty Cage","Calling Bell"],"picked":"Sozu"},{"not_picked":["Snecko Eye","hermit:BartenderGlass"],"picked":"Philosopher\u0027s Stone"}],"items_purged_floors":[19,30,53],"is_endless":false,"potions_floor_spawned":[2,7,12,13,16,21,22,31,48],"killed_by":"The Heart","ascension_level":0}}