{"host":"och2iitg9ibgz06n","time":1611218247,"event":{"mods":["Abigail Mod","AchievementEnabler","Aspiration","BaseMod","Colored Powertips","Dio Mod","Hubris","Hyrulean Relics","Infinite Spire","Minty Spire (QoL Compilation)","Replay The Spire","Small Relic Pack","StSLib","The Animator","The Bug Knight","The Hierophant","The Jungle","The Saiyan","TheHero","Wandering Minibosses","everything is the same but u backflip on backflip","slay the spire mod where everything is the same but ironclad has a cowboy hat","vexMod"],"gold_per_floor":[119,132,145,162,162,195,208,239,264,264,264,264,278,296,296,308,308,413,413,425,425,475,487,507,507,532,551,551,551,583,583,432,444,444,556,556,567,578,578,595,611,611,611,611,658,698,698,708,708,742,742,742],"floor_reached":53,"language":"ENG","playtime":2161,"items_purged":[],"score":696,"play_id":"77bb26ac-9027-46d1-bf03-944beab3491f","local_time":"20210121023727","is_ascension_mode":false,"campfire_choices":[{"floor":10,"key":"REST"},{"data":"animeID:FullCowl","floor":15,"key":"SMITH"},{"data":"animeID:Deku","floor":17,"key":"SMITH"},{"data":"animeID:Mineta","floor":25,"key":"SMITH"},{"floor":29,"key":"REST"},{"floor":31,"key":"DIG"},{"floor":34,"key":"REST"},{"floor":43,"key":"DIG"},{"floor":47,"key":"REST"},{"floor":49,"key":"REST"},{"floor":51,"key":"REST"}],"circlet_count":0,"master_deck":["animeID:Deku+1","animeID:Bakugo","animeID:Smash+1","animeID:Smash+1","animeID:Smash+1","animeID:Smash+1","animeID:DefendMH+1","animeID:DefendMH+1","animeID:DefendMH+1","animeID:DefendMH+1","animeID:DelawareSmash","animeID:EraserHead","animeID:Bakugo","animeID:SkinnyGum","animeID:Mezo","animeID:Muscular","animeID:Ojiro","animeID:Rappa","animeID:FullCowl+1","animeID:DetroitSmash","animeID:Endeavor","animeID:DelawareSmash+1","animeID:TodorokiShoto","animeID:Mineta+1","animeID:Stain","animeID:Iida+1","animeID:GentleCriminal","animeID:PlusUltra+1","animeID:Cementoss+1","animeID:Kendo+1","animeID:ToruHagakure+1","animeID:Momo+1","animator:Curse_GriefSeed","Writhe","hubris:Fate+1","animeID:NightEye+1","animeID:DetroitSmash+1","animeID:DetroitDelaware+1"],"relics":["animeID:HeroCostume","aspiration:FrozenJewel","Thread and Needle","aspiration:RitualDagger","Shovel","Toxic Egg 2","hubris:TenFootPole","relicPack:SpireResearchBook","SacredBark","relicPack:OneForAll","Bag of Preparation","Happy Flower","hubris:BundleOfHerbs","Ginger"],"acts_visited":["Exordium","TheCity","TheBeyond"],"potions_floor_usage":[18,18,26,26,46],"damage_taken":[{"damage":0,"enemies":"2 Louse","floor":1,"turns":2},{"damage":0,"enemies":"Small Slimes","floor":2,"turns":3},{"damage":2,"enemies":"Cultist","floor":3,"turns":4},{"damage":10,"enemies":"3 Louse","floor":4,"turns":3},{"damage":21,"enemies":"Replay:BlueRogue","floor":6,"turns":6},{"damage":0,"enemies":"Large Slime","floor":7,"turns":3},{"damage":22,"enemies":"HollowMod:MossKnight","floor":8,"turns":6},{"damage":0,"enemies":"Blue Slaver","floor":13,"turns":3},{"damage":0,"enemies":"3 Louse","floor":14,"turns":2},{"damage":13,"enemies":"Red Slaver","floor":16,"turns":4},{"damage":42,"enemies":"Hexaghost","floor":18,"turns":14},{"damage":28,"enemies":"Chosen","floor":20,"turns":5},{"damage":35,"enemies":"Snake Plant","floor":23,"turns":5},{"damage":32,"enemies":"Cultist and Chosen","floor":24,"turns":5},{"damage":88,"enemies":"Book of Stabbing","floor":26,"turns":9},{"damage":19,"enemies":"Snecko","floor":27,"turns":4},{"damage":33,"enemies":"Gremlin Leader","floor":30,"turns":8},{"damage":21,"enemies":"3 Cultists","floor":33,"turns":5},{"damage":129,"enemies":"Champ","floor":35,"turns":12},{"damage":24,"enemies":"Orb Walker","floor":37,"turns":5},{"damage":16,"enemies":"3 Shapes","floor":38,"turns":4},{"damage":16,"enemies":"Sphere and 2 Shapes","floor":40,"turns":5},{"damage":29,"enemies":"Spire Growth","floor":41,"turns":5},{"damage":70,"enemies":"Nemesis","floor":46,"turns":8},{"damage":9,"enemies":"Maw","floor":48,"turns":3},{"damage":41,"enemies":"Reptomancer","floor":50,"turns":4},{"damage":3,"enemies":"Jotaro","floor":52,"turns":1}],"seed_played":"3434521832096087629","potions_obtained":[{"floor":1,"key":"ColorlessPotion"},{"floor":3,"key":"LiquidBronze"},{"floor":6,"key":"FearPotion"},{"floor":7,"key":"LifebloodPotion"},{"floor":13,"key":"Adrenaline Potion"},{"floor":18,"key":"Milkshake"},{"floor":23,"key":"Energy Potion"},{"floor":27,"key":"EssenceOfSteel"},{"floor":30,"key":"FairyPotion"},{"floor":37,"key":"LiquidMemories"},{"floor":50,"key":"EntropicBrew"}],"is_trial":false,"path_per_floor":["M","M","M","M","$","E","M","E","T","R","PTL","PTL","M","M","R","M","R","B",null,"M","?","?","M","M","R","E","M","T","R","E","R","$","M","R","B",null,"M","M","?","M","M","?","R","?","T","E","R","M","R","E","R","B",null],"character_chosen":"THE_HERO","items_purchased":["relicPack:SpireResearchBook"],"campfire_rested":6,"item_purchase_floors":[32],"current_hp_per_floor":[82,82,81,73,73,54,56,38,38,62,62,62,64,64,64,53,53,19,82,56,56,56,23,82,82,14,6,6,30,50,50,50,42,68,11,88,76,72,72,65,53,56,56,56,56,10,37,62,89,65,91,88],"gold":742,"neow_bonus":"TEN_PERCENT_HP_BONUS","is_daily":false,"chose_seed":false,"campfire_upgraded":3,"win_rate":0.0,"timestamp":1611218247,"path_taken":["M","M","M","M","$","E","M","E","T","R","PTL","PTL","M","M","R","M","R","BOSS","M","?","?","M","M","R","E","?","T","R","E","R","$","M","R","BOSS","M","M","?","M","M","?","R","?","T","E","R","M","R","E","R","BOSS"],"items_purchased_type":["Relic"],"build_version":"2020-12-22","purchased_purges":0,"victory":true,"max_hp_per_floor":[82,82,82,82,82,82,82,82,82,82,82,82,82,82,82,82,82,82,82,82,82,82,82,82,82,82,82,82,82,88,88,88,88,88,88,88,88,88,88,88,88,91,91,91,91,91,91,91,91,91,91,91],"card_choices":[{"not_picked":["animeID:Tsuyu","animeID:DetroitDelaware"],"picked":"animeID:DelawareSmash","floor":1},{"not_picked":["animeID:Uraraka","animeID:Cementoss"],"picked":"animeID:EraserHead","floor":2},{"not_picked":["animeID:GranTorino","animeID:Mezo"],"picked":"animeID:Bakugo","floor":3},{"not_picked":["animeID:Bakugo","animeID:Tsuyu"],"picked":"animeID:SkinnyGum","floor":4},{"not_picked":["animeID:Bakugo","animeID:Mineta"],"picked":"animeID:Mezo","floor":6},{"not_picked":["animeID:Iida","animeID:TetsuTetsu"],"picked":"animeID:Muscular","floor":7},{"not_picked":["animeID:Tomura","animeID:Kirishima"],"picked":"animeID:Ojiro","floor":8},{"not_picked":["animeID:ToruHagakure","animeID:Thirteen"],"picked":"animeID:Rappa","floor":13},{"not_picked":["animeID:Stain","animeID:Bakugo"],"picked":"animeID:FullCowl","floor":14},{"not_picked":["animeID:Kaminari","animeID:Tomura"],"picked":"animeID:DetroitSmash","floor":16},{"not_picked":["animeID:Shigaraki","animeID:PresentMic"],"picked":"animeID:Endeavor","floor":18},{"not_picked":["animeID:Twice","animeID:Momo"],"picked":"animeID:DelawareSmash+1","floor":20},{"not_picked":["animeID:Tengai","animeID:Tamaki"],"picked":"animeID:TodorokiShoto","floor":23},{"not_picked":["animeID:Tamaki","animeID:Kirishima"],"picked":"animeID:Mineta","floor":24},{"not_picked":["animeID:GranTorino","animeID:Mineta"],"picked":"animeID:Stain","floor":26},{"not_picked":["animeID:Tengai+1","animeID:Rei"],"picked":"animeID:Iida+1","floor":27},{"not_picked":["animeID:Mezo","animeID:Kaminari+1","animeID:Eri"],"picked":"SKIP","floor":30},{"not_picked":["animeID:Bakugo","animeID:Momo+1"],"picked":"animeID:GentleCriminal","floor":33},{"not_picked":["animeID:RedRiot","animeID:USA_Smash"],"picked":"animeID:PlusUltra+1","floor":35},{"not_picked":["animeID:Ojiro","animeID:Tsuyu+1"],"picked":"animeID:Cementoss+1","floor":37},{"not_picked":["animeID:Muscular+1","animeID:Hatsume+1"],"picked":"animeID:Kendo+1","floor":38},{"not_picked":["animeID:Uraraka+1","animeID:Rei+1"],"picked":"animeID:ToruHagakure+1","floor":40},{"not_picked":["animeID:TodorokiShoto+1","animeID:Mezo+1"],"picked":"animeID:Momo+1","floor":41},{"not_picked":["hubris:Rewind","infinitespire:SevenWalls"],"picked":"hubris:Fate","floor":44},{"not_picked":["animeID:Aoyama+1","animeID:EraserHead+1"],"picked":"animeID:NightEye+1","floor":46},{"not_picked":["animeID:HowitzerImpact","animeID:Tomura+1"],"picked":"animeID:DetroitSmash+1","floor":48},{"not_picked":["animeID:Mezo","animeID:Kaminari+1"],"picked":"animeID:DetroitDelaware+1","floor":50}],"player_experience":427052,"relics_obtained":[{"floor":6,"key":"aspiration:FrozenJewel"},{"floor":8,"key":"Thread and Needle"},{"floor":26,"key":"Shovel"},{"floor":28,"key":"Toxic Egg 2"},{"floor":30,"key":"vexMod:BerryBomb"},{"floor":31,"key":"hubris:TenFootPole"},{"floor":43,"key":"Bag of Preparation"},{"floor":45,"key":"Happy Flower"},{"floor":46,"key":"hubris:BundleOfHerbs"},{"floor":50,"key":"Ginger"}],"event_choices":[{"damage_healed":0,"gold_gain":0,"player_choice":"Simplicity","damage_taken":0,"max_hp_gain":0,"max_hp_loss":0,"event_name":"Back to Basics","floor":21,"gold_loss":0,"cards_upgraded":["animeID:Smash","animeID:Smash","animeID:Smash","animeID:Smash","animeID:DefendMH","animeID:DefendMH","animeID:DefendMH","animeID:DefendMH"]},{"damage_healed":0,"gold_gain":100,"player_choice":"Bet on Murderer","damage_taken":0,"max_hp_gain":0,"max_hp_loss":0,"event_name":"The Joust","floor":22,"gold_loss":50}],"is_beta":false,"boss_relics":[{"not_picked":["aspiration:FutureDiary","Painkiller Herb"],"picked":"aspiration:RitualDagger"},{"not_picked":["Astrolabe","hubris:VirtuousBlindfold"],"picked":"SacredBark"}],"items_purged_floors":[],"is_endless":false,"potions_floor_spawned":[1,3,6,7,13,14,18,23,27,30,37,50],"ascension_level":0}}