{"host":"xi8yg1ddhptuxb9d","time":1611247662,"event":{"mods":["AchievementEnabler","AlwaysNeverKeys","BaseMod","Block Reminder","Minty Spire (QoL Compilation)","Relic Sorter","StSLib"],"gold_per_floor":[110,110,110,125,125,159,171,183,247,273,285,310,322,347,359,462,474,507,519,550,562,574,574],"floor_reached":22,"language":"ENG","playtime":920,"items_purged":[],"score":340,"play_id":"bc15cee9-1fe3-4aa1-9546-49dc42fc696f","local_time":"20210121114742","is_ascension_mode":true,"campfire_choices":[{"floor":7.0,"key":"REST"},{"floor":11.0,"key":"REST"},{"data":"Burst","floor":13.0,"key":"SMITH"},{"data":"Cloak And Dagger","floor":15,"key":"SMITH"}],"circlet_count":0,"master_deck":["AscendersBane","Strike_G","Strike_G","Strike_G","Strike_G","Strike_G","Defend_G","Defend_G+1","Defend_G","Defend_G","Defend_G+1","Survivor","Neutralize","Burst+1","Cloak And Dagger+1","Deadly Poison","Injury","Backstab","Blade Dance","Quick Slash","After Image","Sucker Punch"],"relics":["Ring of the Snake","Bloody Idol","MawBank","Akabeko","SlaversCollar"],"acts_visited":["Exordium","TheCity"],"potions_floor_usage":[18,22],"damage_taken":[{"damage":1.0,"enemies":"Cultist","floor":1.0,"turns":5.0},{"damage":0.0,"enemies":"Small Slimes","floor":4.0,"turns":6.0},{"damage":36.0,"enemies":"Lagavulin","floor":6.0,"turns":10.0},{"damage":0.0,"enemies":"2 Louse","floor":10.0,"turns":3.0},{"damage":0.0,"enemies":"Looter","floor":12.0,"turns":2.0},{"damage":4,"enemies":"Large Slime","floor":14,"turns":4},{"damage":27,"enemies":"The Guardian","floor":16,"turns":12},{"damage":3,"enemies":"2 Thieves","floor":18,"turns":5},{"damage":4,"enemies":"3 Byrds","floor":20,"turns":6},{"damage":68,"enemies":"Cultist and Chosen","floor":22,"turns":8}],"seed_played":"-7000028602575435154","potions_obtained":[{"floor":4.0,"key":"GhostInAJar"},{"floor":6.0,"key":"AttackPotion"},{"floor":12.0,"key":"FearPotion"},{"floor":18,"key":"Block Potion"}],"is_trial":false,"path_per_floor":["M","?","?","M","?","E","R","$","T","M","R","M","R","M","R","B",null,"M","?","M","$","M"],"character_chosen":"THE_SILENT","items_purchased":[],"campfire_rested":2,"item_purchase_floors":[],"current_hp_per_floor":[58,38,38,38,38,2,21,21,21,21,40,40,40,36,36,9,52,49,49,55,60,0,0],"gold":574,"neow_bonus":"ONE_RANDOM_RARE_CARD","is_daily":false,"chose_seed":false,"campfire_upgraded":2,"win_rate":0.0,"timestamp":1611247662,"path_taken":["M","?","?","M","?","E","R","$","T","M","R","M","R","M","R","BOSS","M","?","M","$","M"],"items_purchased_type":[],"build_version":"2020-12-22","purchased_purges":0,"victory":false,"max_hp_per_floor":[66,66,66,66,66,66,66,66,66,66,66,66,66,66,66,66,66,66,66,66,66,66,66],"card_choices":[{"not_picked":["Bane","Catalyst"],"picked":"Cloak And Dagger","floor":1.0},{"not_picked":["All Out Attack","Slice"],"picked":"Deadly Poison","floor":4.0},{"not_picked":["Slice","Outmaneuver"],"picked":"Backstab","floor":6.0},{"not_picked":["Underhanded Strike","Outmaneuver","Tactician"],"picked":"SKIP","floor":10.0},{"not_picked":["Endless Agony","Catalyst"],"picked":"Blade Dance","floor":12.0},{"not_picked":["Deflect","Choke"],"picked":"Quick Slash","floor":14},{"not_picked":["Burst","Unload"],"picked":"After Image","floor":16},{"not_picked":["Slice","Flying Knee"],"picked":"Sucker Punch","floor":18},{"not_picked":["Endless Agony","Outmaneuver","Escape Plan"],"picked":"SKIP","floor":20}],"player_experience":658566,"relics_obtained":[{"floor":6.0,"key":"MawBank"},{"floor":9.0,"key":"Akabeko"}],"event_choices":[{"damage_healed":0.0,"max_hp_gain":0.0,"max_hp_loss":0.0,"gold_gain":0.0,"event_name":"Shining Light","player_choice":"Entered Light","floor":2.0,"gold_loss":0.0,"damage_taken":20.0,"cards_upgraded":["Defend_G","Defend_G"]},{"damage_healed":0.0,"max_hp_gain":0.0,"max_hp_loss":0.0,"gold_gain":0.0,"event_name":"Golden Wing","player_choice":"Ignored","floor":3.0,"gold_loss":0.0,"damage_taken":0.0},{"damage_healed":0.0,"max_hp_gain":0.0,"max_hp_loss":0.0,"gold_gain":0.0,"event_name":"Golden Idol","player_choice":"Take Wound","floor":5.0,"gold_loss":0.0,"damage_taken":0.0,"relics_obtained":["Golden Idol"],"cards_obtained":["Injury"]},{"damage_healed":0,"gold_gain":0,"player_choice":"Gave Idol","damage_taken":0,"relics_obtained":["Bloody Idol"],"max_hp_gain":0,"max_hp_loss":0,"event_name":"Forgotten Altar","floor":19,"relics_lost":["Golden Idol"],"gold_loss":0}],"is_beta":false,"boss_relics":[{"not_picked":["Pandora\u0027s Box","Coffee Dripper"],"picked":"SlaversCollar"}],"items_purged_floors":[],"is_endless":false,"potions_floor_spawned":[4,6,12,18],"killed_by":"Cultist and Chosen","ascension_level":17}}