{"host":"sdjng9zhqonqi3uc","time":1611235778,"event":{"mods":["2.2 Compatiblity","AchievementEnabler","BaseMod","Better Third Choice","BetterRewards","Colored Map","Colored Powertips","Downfall","Hero for Fun","Highlight Path","Hubris","Minty Spire (QoL Compilation)","Quick Restart","Shop Mod","Spicy Shops","StSLib","Td1madao Mod","The Animator","The Cursed","The Servant 0.9.4"],"gold_per_floor":[111,111,111,146,170,170,198,198,223,264,274,299,299,307,307],"floor_reached":14,"language":"ENG","playtime":710,"items_purged":[],"score":170,"play_id":"9523b912-eb83-4c5b-9d85-deb9fa1e3093","local_time":"20210121142938","is_ascension_mode":true,"campfire_choices":[{"data":"animator:Kuroyukihime","floor":6,"key":"SMITH"},{"data":"animator:LimeBell","floor":8,"key":"SMITH"}],"circlet_count":0,"master_deck":["animator:Strike_AccelWorld+1","animator:Strike","animator:Strike+1","animator:Strike+1","animator:Defend","animator:Defend","animator:Defend","animator:Kuroyukihime+1","animator:LimeBell+1","animator:Vesta+1","animator:Vanir","animator:Millim","animator:Togame","animator:MadokaKaname","animator:Chris","Regret"],"relics":["animator:LivingPicture","animator:TheMissingPiece","animator:PurgingStone","NeowsBlessing","hubris:Towel","Whetstone","Bag of Marbles","Strawberry","Tiny Chest","Girya"],"acts_visited":["Exordium"],"potions_floor_usage":[10,10],"damage_taken":[{"damage":0,"enemies":"Small Slimes","floor":1,"turns":1},{"damage":0,"enemies":"2 Louse","floor":5,"turns":1},{"damage":0,"enemies":"3 Sentries","floor":7,"turns":1},{"damage":3,"enemies":"Lagavulin","floor":10,"turns":4},{"damage":7,"enemies":"Jaw Worm","floor":11,"turns":3},{"damage":20,"enemies":"3 Sentries","floor":12,"turns":8},{"damage":32,"enemies":"Lagavulin","floor":14,"turns":5}],"seed_played":"-318879834949381959","potions_obtained":[{"floor":1,"key":"Slimebound:ThreeZeroPotion"},{"floor":7,"key":"Block Potion"}],"is_trial":false,"path_per_floor":["M","?","?","?","M","R","E","R","T","E","M","E","?","E"],"character_chosen":"THE_ANIMATOR","items_purchased":[],"campfire_rested":0,"item_purchase_floors":[],"current_hp_per_floor":[59,46,46,46,46,46,46,46,46,50,43,24,24,0,0],"gold":307,"neow_bonus":"THREE_ENEMY_KILL","is_daily":false,"chose_seed":false,"campfire_upgraded":2,"win_rate":0.0,"timestamp":1611235778,"path_taken":["M","?","?","?","M","R","E","R","T","E","M","E","?","E"],"items_purchased_type":[],"build_version":"2020-12-22","purchased_purges":0,"victory":false,"max_hp_per_floor":[66,66,66,66,66,66,66,66,66,73,73,74,74,74,74],"card_choices":[{"not_picked":["animator:Darkness","animator:RinTohsaka"],"picked":"animator:Vesta","floor":1},{"not_picked":["animator:Lancer","animator:OrikoMikuni"],"picked":"animator:Vanir","floor":5},{"not_picked":["animator:CowGirl","animator:Benimaru"],"picked":"animator:Millim","floor":7},{"not_picked":["animator:ShinjiMatou","animator:Priestess"],"picked":"animator:Togame","floor":10},{"not_picked":["animator:Megumin","animator:Cocytus"],"picked":"animator:MadokaKaname","floor":11},{"not_picked":["animator:Raven","animator:Shion"],"picked":"animator:Chris","floor":12}],"player_experience":351838,"relics_obtained":[{"floor":7,"key":"Whetstone"},{"floor":9,"key":"Bag of Marbles"},{"floor":10,"key":"Strawberry"},{"floor":12,"key":"Tiny Chest"}],"event_choices":[{"damage_healed":59,"gold_gain":0,"player_choice":"Upgrade","damage_taken":13,"max_hp_gain":0,"max_hp_loss":66,"event_name":"betterThird:BetterShining","floor":2,"gold_loss":0,"cards_upgraded":["animator:Strike","animator:Vesta"]},{"damage_healed":0,"gold_gain":0,"player_choice":"Box","damage_taken":0,"relics_obtained":["Girya"],"max_hp_gain":0,"max_hp_loss":0,"event_name":"Big Fish","floor":13,"gold_loss":0,"cards_obtained":["Regret"]}],"is_beta":false,"boss_relics":[],"items_purged_floors":[],"is_endless":false,"potions_floor_spawned":[1,7],"killed_by":"Lagavulin","ascension_level":6}}