{"host":"7sni158j623xchr2","time":1611258050,"event":{"mods":["BaseMod","Colored Map","Highlight Path","Minty Spire (QoL Compilation)","Permanent Neow","Potion Indicator Mod","Rare Cards Sparkle","Relic Sorter","Relic Stats","StSLib","everything is the same but u backflip on backflip"],"gold_per_floor":[110,110,110,122,135,162,162,179,179,179,205,224,254,254,254,356,356,368,66,84,84,64,91,91,121,121,153,169,195,195,214,214,310,310,329,329,342,1341,1351,1376,1376,1376,1429,1454,1473,1489,1512,1525,1525,1525,1525],"floor_reached":50,"language":"ENG","playtime":1722,"items_purged":["Strike_R"],"score":762,"play_id":"02012414-5757-4308-b1f9-e2c781479ad7","local_time":"20210121134050","is_ascension_mode":true,"campfire_choices":[{"data":"Bash","floor":7,"key":"SMITH"},{"data":"Sever Soul","floor":10,"key":"SMITH"},{"data":"Shockwave","floor":15,"key":"SMITH"},{"data":"Feel No Pain","floor":30,"key":"SMITH"},{"data":"Disarm","floor":32,"key":"SMITH"},{"data":"Dark Embrace","floor":41,"key":"SMITH"},{"floor":49,"key":"RECALL"}],"circlet_count":0,"master_deck":["Strike_R","Strike_R","Strike_R","Defend_R","Defend_R","Defend_R","Bash+1","Armaments","True Grit","Iron Wave+1","Corruption","Sever Soul+1","Shockwave+1","Headbutt+1","Reckless Charge","Blood for Blood","Disarm+1","Impervious","Feed","Sentinel","Fiend Fire","Evolve","Pommel Strike","Feel No Pain+1","Impervious","Dual Wield+1","Shrug It Off","Limit Break","Battle Trance+1","Normality","Normality","Havoc+1","Dark Embrace+1","Disarm+1","Battle Trance"],"relics":["Burning Blood","Red Skull","Blood Vial","Blue Candle","Tiny Chest","Philosopher\u0027s Stone","PreservedInsect","Whetstone","Lantern","Question Card","Vajra","Toy Ornithopter","Torii","Coffee Dripper","Omamori","Molten Egg 2","Regal Pillow"],"acts_visited":["Exordium","TheCity","TheBeyond"],"potions_floor_usage":[6,6,16,23,23,28,33,33,39,42,44,46],"damage_taken":[{"damage":7,"enemies":"Jaw Worm","floor":1,"turns":3},{"damage":5,"enemies":"Small Slimes","floor":4,"turns":3},{"damage":1,"enemies":"Cultist","floor":5,"turns":3},{"damage":36,"enemies":"Gremlin Nob","floor":6,"turns":6},{"damage":10,"enemies":"2 Fungi Beasts","floor":8,"turns":4},{"damage":11,"enemies":"Lagavulin","floor":11,"turns":6},{"damage":14,"enemies":"Red Slaver","floor":12,"turns":2},{"damage":14,"enemies":"3 Sentries","floor":13,"turns":5},{"damage":24,"enemies":"Slime Boss","floor":16,"turns":6},{"damage":12,"enemies":"Spheric Guardian","floor":18,"turns":3},{"damage":21,"enemies":"Shell Parasite","floor":20,"turns":8},{"damage":34,"enemies":"Slavers","floor":23,"turns":5},{"damage":15,"enemies":"Gremlin Leader","floor":25,"turns":7},{"damage":17,"enemies":"Book of Stabbing","floor":27,"turns":6},{"damage":7,"enemies":"Cultist and Chosen","floor":28,"turns":6},{"damage":16,"enemies":"Slavers","floor":29,"turns":4},{"damage":7,"enemies":"Snecko","floor":31,"turns":6},{"damage":66,"enemies":"Automaton","floor":33,"turns":12},{"damage":24,"enemies":"3 Darklings","floor":35,"turns":6},{"damage":14,"enemies":"Orb Walker","floor":37,"turns":4},{"damage":52,"enemies":"Transient","floor":39,"turns":5},{"damage":11,"enemies":"Giant Head","floor":40,"turns":7},{"damage":1,"enemies":"Sphere and 2 Shapes","floor":42,"turns":1},{"damage":64,"enemies":"Nemesis","floor":44,"turns":7},{"damage":4,"enemies":"3 Darklings","floor":45,"turns":5},{"damage":3,"enemies":"Writhing Mass","floor":46,"turns":4},{"damage":23,"enemies":"4 Shapes","floor":48,"turns":4},{"damage":26,"enemies":"Donu and Deca","floor":50,"turns":2}],"seed_played":"6878120071157140499","potions_obtained":[{"floor":4,"key":"SkillPotion"},{"floor":5,"key":"Explosive Potion"},{"floor":6,"key":"SteroidPotion"},{"floor":12,"key":"Weak Potion"},{"floor":16,"key":"ElixirPotion"},{"floor":22,"key":"Swift Potion"},{"floor":25,"key":"PowerPotion"},{"floor":27,"key":"BloodPotion"},{"floor":31,"key":"Weak Potion"},{"floor":35,"key":"Fire Potion"},{"floor":37,"key":"SmokeBomb"},{"floor":45,"key":"LiquidMemories"}],"is_trial":false,"path_per_floor":["M","?","?","M","M","E","R","M","T","R","E","M","E","?","R","B",null,"M","$","M","T","?","E","T","E","T","E","M","E","R","M","R","B",null,"M","?","M","?","M","E","R","M","T","E","M","M","T","M","R","B"],"character_chosen":"IRONCLAD","items_purchased":["Fiend Fire","Evolve"],"campfire_rested":0,"item_purchase_floors":[19,19],"current_hp_per_floor":[79,84,84,85,85,55,55,51,51,51,48,42,36,36,36,20,85,79,79,69,69,69,46,46,39,39,33,42,37,37,41,41,13,103,88,88,85,85,46,46,46,58,58,11,15,25,25,13,13,0,0],"gold":1525,"neow_bonus":"REMOVE_CARD","is_daily":false,"chose_seed":false,"campfire_upgraded":6,"win_rate":0.0,"timestamp":1611258050,"path_taken":["M","?","?","M","M","E","R","?","T","R","E","M","E","?","R","BOSS","M","$","M","?","?","E","?","E","T","E","M","E","R","?","R","BOSS","M","?","M","?","M","E","R","M","T","E","M","M","?","M","R","BOSS"],"items_purchased_type":["Card","Card"],"build_version":"2020-12-22","purchased_purges":1,"victory":false,"max_hp_per_floor":[80,85,85,85,85,85,85,85,85,85,85,85,85,85,85,85,85,85,85,88,88,88,91,91,91,91,94,97,100,100,103,103,103,103,106,106,109,109,109,112,112,112,112,116,116,116,116,119,119,119,119],"relic_stats":{"Blood Vial":42,"Regal Pillow":0,"Torii":27,"counters":[28,140],"Blue Candle":[12],"Tiny Chest":2,"PreservedInsect":338,"Whetstone":["Iron Wave","Headbutt"],"Question Card":13,"obtain_stats":[{"Lantern":24,"Regal Pillow":47,"Torii":29,"Blue Candle":11,"Vajra":26,"PreservedInsect":21,"Omamori":40,"Whetstone":23,"Question Card":25,"Burning Blood":0,"Blood Vial":9,"Tiny Chest":13,"Philosopher\u0027s Stone":17,"Molten Egg 2":44,"Coffee Dripper":34,"Red Skull":6,"Toy Ornithopter":27},{"Lantern":12,"Regal Pillow":26,"Torii":16,"Blue Candle":6,"Vajra":13,"PreservedInsect":11,"Omamori":22,"Whetstone":12,"Question Card":13,"Burning Blood":0,"Blood Vial":5,"Tiny Chest":8,"Philosopher\u0027s Stone":9,"Molten Egg 2":24,"Coffee Dripper":18,"Red Skull":4,"Toy Ornithopter":14},{"Lantern":54,"Regal Pillow":134,"Torii":77,"Blue Candle":25,"Vajra":61,"PreservedInsect":49,"Omamori":117,"Whetstone":54,"Question Card":61,"Burning Blood":0,"Blood Vial":19,"Tiny Chest":32,"Philosopher\u0027s Stone":38,"Molten Egg 2":125,"Coffee Dripper":95,"Red Skull":15,"Toy Ornithopter":67}],"Burning Blood":157,"Toy Ornithopter":35},"card_choices":[{"not_picked":["Havoc","Metallicize"],"picked":"Armaments","floor":1},{"not_picked":["Perfected Strike","Heavy Blade"],"picked":"Iron Wave","floor":4},{"not_picked":["Bloodletting","Havoc"],"picked":"Corruption","floor":5},{"not_picked":["Dual Wield","Hemokinesis"],"picked":"Sever Soul","floor":6},{"not_picked":["Entrench","Body Slam"],"picked":"Shockwave","floor":8},{"not_picked":["Searing Blow","Havoc"],"picked":"Headbutt","floor":11},{"not_picked":["Clothesline","Dropkick"],"picked":"Reckless Charge","floor":12},{"not_picked":["Heavy Blade","Sever Soul"],"picked":"Blood for Blood","floor":13},{"not_picked":["Corruption","Juggernaut"],"picked":"Feed","floor":16},{"not_picked":["Perfected Strike","Bloodletting"],"picked":"Sentinel","floor":18},{"not_picked":["Clothesline","Clash"],"picked":"Pommel Strike","floor":20},{"not_picked":["Body Slam","Blood for Blood","Rampage+1"],"picked":"SKIP","floor":23},{"not_picked":["Shrug It Off+1","Rampage"],"picked":"Feel No Pain","floor":25},{"not_picked":["Clothesline","Seeing Red","Feed"],"picked":"Impervious","floor":27},{"not_picked":["Dual Wield+1","Clothesline","Dropkick","Infernal Blade"],"picked":"SKIP","floor":28},{"not_picked":["Clothesline","Dropkick","Infernal Blade"],"picked":"Dual Wield+1","floor":28},{"not_picked":["Body Slam","Fiend Fire","Burning Pact"],"picked":"Shrug It Off","floor":29},{"not_picked":["Clothesline","True Grit","Combust","Headbutt"],"picked":"SKIP","floor":31},{"not_picked":["Berserk","Barricade","Bludgeon"],"picked":"Limit Break","floor":33},{"not_picked":["Blood for Blood","Iron Wave+1","Wild Strike+1","Clash"],"picked":"SKIP","floor":35},{"not_picked":["Flame Barrier","Metallicize+1","Corruption"],"picked":"Battle Trance+1","floor":37},{"not_picked":["Evolve+1","Anger","Twin Strike+1"],"picked":"Havoc+1","floor":39},{"not_picked":["Flex+1","Offering","Carnage"],"picked":"Dark Embrace","floor":40},{"not_picked":["Body Slam+1","Dropkick+1","Clash+1","Perfected Strike+1"],"picked":"SKIP","floor":44},{"not_picked":["Clothesline+1","Heavy Blade+1","Shockwave"],"picked":"Disarm+1","floor":45},{"not_picked":["Uppercut+1","Thunderclap+1","Body Slam+1","Headbutt+1"],"picked":"SKIP","floor":46},{"not_picked":["Headbutt+1","Berserk","Clothesline+1"],"picked":"Battle Trance","floor":48}],"player_experience":1669967,"relics_obtained":[{"floor":6,"key":"Red Skull"},{"floor":9,"key":"Blood Vial"},{"floor":11,"key":"Blue Candle"},{"floor":13,"key":"Tiny Chest"},{"floor":21,"key":"PreservedInsect"},{"floor":23,"key":"Whetstone"},{"floor":24,"key":"Lantern"},{"floor":25,"key":"Question Card"},{"floor":26,"key":"Vajra"},{"floor":27,"key":"Toy Ornithopter"},{"floor":29,"key":"Torii"},{"floor":40,"key":"Omamori"},{"floor":44,"key":"Molten Egg 2"},{"floor":47,"key":"Regal Pillow"}],"event_choices":[{"damage_healed":0,"gold_gain":0,"player_choice":"Donut","damage_taken":0,"max_hp_gain":5,"max_hp_loss":0,"event_name":"Big Fish","floor":2,"gold_loss":0},{"damage_healed":0,"gold_gain":0,"cards_transformed":["Strike_R"],"player_choice":"Transformed","damage_taken":0,"max_hp_gain":0,"max_hp_loss":0,"event_name":"Transmorgrifier","floor":3,"gold_loss":0,"cards_obtained":["True Grit"]},{"damage_healed":0,"gold_gain":0,"player_choice":"2 cards matched","damage_taken":0,"max_hp_gain":0,"max_hp_loss":0,"event_name":"Match and Keep!","floor":14,"gold_loss":0,"cards_obtained":["Disarm","Impervious"]},{"damage_healed":0,"gold_gain":0,"player_choice":"Bought 1 Potion","damage_taken":0,"max_hp_gain":0,"max_hp_loss":0,"event_name":"The Woman in Blue","floor":22,"gold_loss":0},{"damage_healed":0,"gold_gain":0,"player_choice":"Ignored","damage_taken":0,"max_hp_gain":0,"max_hp_loss":0,"event_name":"Tomb of Lord Red Mask","floor":36,"gold_loss":0},{"damage_healed":0,"gold_gain":999,"player_choice":"Gold","damage_taken":0,"max_hp_gain":0,"max_hp_loss":0,"event_name":"MindBloom","floor":38,"gold_loss":0,"cards_obtained":["Normality","Normality"]}],"is_beta":false,"boss_relics":[{"not_picked":["SlaversCollar","Sozu"],"picked":"Philosopher\u0027s Stone"},{"not_picked":["Runic Dome","Tiny House"],"picked":"Coffee Dripper"}],"items_purged_floors":[19],"is_endless":false,"potions_floor_spawned":[4,5,6,12,16,25,27,31,35,37,45],"killed_by":"Donu and Deca","ascension_level":2}}