{"host":"jscggscbx0p7706o","time":1611234761,"event":{"mods":["AchievementEnabler","BaseMod","Block Reminder","Colored Powertips","Filter the Spire","Minty Spire (QoL Compilation)","Permanent Neow","Quick Restart","StSLib"],"gold_per_floor":[110,110,130,146,71,71,83,83,83,83,100,100,119,131,131,231,231,244,244,264,284,296,296,296],"floor_reached":23,"language":"ENG","playtime":820,"items_purged":["Strike_B"],"score":187,"play_id":"58019a59-e92e-455a-91c4-32bb0f50a3fb","local_time":"20210121211241","is_ascension_mode":false,"campfire_choices":[{"data":"Dualcast","floor":6.0,"key":"SMITH"},{"data":"Hologram","floor":10.0,"key":"SMITH"},{"data":"Turbo","floor":15.0,"key":"SMITH"}],"circlet_count":0,"master_deck":["Strike_B","Strike_B","Strike_B","Defend_B","Defend_B","Defend_B","Defend_B","Zap+1","Dualcast+1","Meteor Strike","Hologram+1","Ball Lightning","Parasite","Turbo+1","Loop+1","Auto Shields","Creative AI+1","White Noise","Conserve Battery+1"],"relics":["Cracked Core","DataDisk","Frozen Egg 2","Velvet Choker"],"acts_visited":["Exordium","TheCity"],"potions_floor_usage":[18,21,21,23],"damage_taken":[{"damage":4.0,"enemies":"2 Louse","floor":1.0,"turns":3.0},{"damage":0.0,"enemies":"Cultist","floor":3.0,"turns":3.0},{"damage":3.0,"enemies":"Jaw Worm","floor":4.0,"turns":4.0},{"damage":11.0,"enemies":"Large Slime","floor":7.0,"turns":7.0},{"damage":5.0,"enemies":"Lots of Slimes","floor":11.0,"turns":2.0},{"damage":0.0,"enemies":"3 Louse","floor":13.0,"turns":1.0},{"damage":0.0,"enemies":"Blue Slaver","floor":14.0,"turns":2.0},{"damage":43,"enemies":"The Guardian","floor":16,"turns":11},{"damage":5,"enemies":"Chosen","floor":18,"turns":4},{"damage":9,"enemies":"Shell Parasite","floor":20,"turns":5},{"damage":26,"enemies":"Centurion and Healer","floor":21,"turns":8},{"damage":15,"enemies":"Snecko","floor":22,"turns":4},{"damage":14,"enemies":"Chosen and Byrds","floor":23,"turns":4}],"seed_played":"-5528702717442138804","potions_obtained":[{"floor":3.0,"key":"SneckoOil"},{"floor":13.0,"key":"Block Potion"},{"floor":14.0,"key":"FearPotion"},{"floor":18,"key":"Block Potion"},{"floor":21,"key":"FocusPotion"}],"is_trial":false,"path_per_floor":["M","?","M","M","$","R","M","?","T","R","M","T","M","M","R","B",null,"M","?","M","M","M","M"],"character_chosen":"DEFECT","items_purchased":[],"campfire_rested":0,"item_purchase_floors":[],"current_hp_per_floor":[64,64,64,61,61,61,50,67,67,67,62,62,62,62,62,19,68,63,63,54,28,13,0,0],"gold":296,"neow_bonus":"THREE_RARE_CARDS","is_daily":false,"chose_seed":false,"campfire_upgraded":3,"win_rate":0.0,"timestamp":1611234761,"path_taken":["M","?","?","M","$","R","M","?","T","R","M","?","M","M","R","BOSS","M","?","M","?","M","M"],"items_purchased_type":[],"build_version":"2020-12-22","purchased_purges":1,"victory":false,"max_hp_per_floor":[68,68,68,68,68,68,68,68,68,68,68,68,68,68,68,68,68,68,68,68,68,68,68,68],"card_choices":[{"not_picked":["Core Surge","Thunder Strike"],"picked":"Meteor Strike","floor":0.0},{"not_picked":["Beam Cell","Leap","Undo"],"picked":"SKIP","floor":1.0},{"not_picked":["Redo","Cold Snap"],"picked":"Hologram","floor":3.0},{"not_picked":["Redo","Hello World","Recycle"],"picked":"SKIP","floor":4.0},{"not_picked":["Steam","Barrage"],"picked":"Ball Lightning","floor":7.0},{"not_picked":["Skim","Scrape"],"picked":"Turbo","floor":11.0},{"not_picked":["Stack","Turbo"],"picked":"Loop+1","floor":13.0},{"not_picked":["White Noise","Self Repair+1"],"picked":"Auto Shields","floor":14.0},{"not_picked":["Rainbow","Thunder Strike"],"picked":"Creative AI+1","floor":16},{"not_picked":["Force Field","Doom and Gloom","Streamline"],"picked":"SKIP","floor":18},{"not_picked":["Streamline","Auto Shields"],"picked":"White Noise","floor":20},{"not_picked":["Go for the Eyes","Redo","Ball Lightning"],"picked":"SKIP","floor":21},{"not_picked":["Ball Lightning","Stack+1"],"picked":"Conserve Battery+1","floor":22}],"player_experience":330231,"relics_obtained":[{"floor":9.0,"key":"DataDisk"},{"floor":12.0,"key":"Frozen Egg 2"}],"event_choices":[{"damage_healed":0.0,"max_hp_gain":0.0,"max_hp_loss":0.0,"gold_gain":0.0,"event_name":"Upgrade Shrine","player_choice":"Upgraded","floor":2.0,"gold_loss":0.0,"damage_taken":0.0,"cards_upgraded":["Zap"]},{"damage_healed":17.0,"max_hp_gain":0.0,"max_hp_loss":0.0,"gold_gain":0.0,"event_name":"Mushrooms","player_choice":"Healed and dodged fight","floor":8.0,"gold_loss":0.0,"damage_taken":0.0,"cards_obtained":["Parasite"]},{"damage_healed":0,"gold_gain":0,"player_choice":"Bought 0 Potions","damage_taken":0,"max_hp_gain":0,"max_hp_loss":0,"event_name":"The Woman in Blue","floor":19,"gold_loss":0}],"is_beta":false,"boss_relics":[{"not_picked":["Cursed Key","Busted Crown"],"picked":"Velvet Choker"}],"items_purged_floors":[5],"is_endless":false,"potions_floor_spawned":[3,13,14,18,21],"killed_by":"Chosen and Byrds","ascension_level":0}}