{"host":"g8ufh7m4frdlkxwv","time":1611255737,"event":{"mods":["AchievementEnabler","BaseMod","Colored Map","Dark Map","Minty Spire (QoL Compilation)","RNG Fix","Relic Stats","StSLib","ojb\u0027s Info Mod"],"gold_per_floor":[118,137,137,137,152,178,188,218,218,233,246,246,275,291,291,291,291],"floor_reached":16,"language":"ENG","playtime":868,"items_purged":[],"score":248,"play_id":"21f3c221-0188-422c-a8cf-3ef15e3b48ba","local_time":"20210121200217","is_ascension_mode":true,"campfire_choices":[{"data":"Predator","floor":15,"key":"SMITH"}],"circlet_count":0,"master_deck":["AscendersBane","Strike_G","Strike_G","Strike_G","Defend_G","Defend_G","Defend_G","Defend_G","Defend_G","Survivor","Neutralize","Slice","Skewer","Predator+1","Endless Agony","Flying Knee","Backflip","Adrenaline","Backflip","Crippling Poison"],"relics":["Ring of the Snake","Peace Pipe","CaptainsWheel","Bottled Flame","TungstenRod"],"acts_visited":["Exordium"],"potions_floor_usage":[6,8,11,13,16],"damage_taken":[{"damage":2.0,"enemies":"2 Louse","floor":1.0,"turns":6.0},{"damage":9.0,"enemies":"Jaw Worm","floor":2.0,"turns":4.0},{"damage":1.0,"enemies":"Small Slimes","floor":5.0,"turns":4.0},{"damage":6,"enemies":"Gremlin Nob","floor":6,"turns":3},{"damage":6,"enemies":"Looter","floor":7,"turns":3},{"damage":25,"enemies":"Lagavulin","floor":8,"turns":5},{"damage":8,"enemies":"Lots of Slimes","floor":10,"turns":4},{"damage":9,"enemies":"Gremlin Gang","floor":11,"turns":4},{"damage":8,"enemies":"Gremlin Nob","floor":13,"turns":4},{"damage":0,"enemies":"Large Slime","floor":14,"turns":6},{"damage":22,"enemies":"Hexaghost","floor":16,"turns":9}],"seed_played":"3867710417064814379","potions_obtained":[{"floor":1.0,"key":"Strength Potion"},{"floor":6,"key":"SkillPotion"},{"floor":7,"key":"SkillPotion"},{"floor":10,"key":"Regen Potion"},{"floor":11,"key":"Explosive Potion"},{"floor":13,"key":"Poison Potion"}],"is_trial":false,"path_per_floor":["M","M","?","?","M","E","M","E","T","M","M","?","E","M","R","B"],"character_chosen":"THE_SILENT","items_purchased":[],"campfire_rested":0,"item_purchase_floors":[],"current_hp_per_floor":[63,54,47,71,70,64,58,33,33,25,28,28,20,20,20,0,0],"gold":291,"neow_bonus":"TEN_PERCENT_HP_BONUS","is_daily":false,"chose_seed":false,"campfire_upgraded":1,"win_rate":0.0,"timestamp":1611255737,"path_taken":["M","M","?","?","M","E","M","E","T","M","M","?","E","M","R","BOSS"],"items_purchased_type":[],"build_version":"2020-12-22","purchased_purges":0,"victory":false,"max_hp_per_floor":[72,72,72,72,72,72,72,72,72,72,72,72,72,72,72,72,72],"relic_stats":{"Peace Pipe":0,"counters":[11,52],"obtain_stats":[{"Peace Pipe":6,"CaptainsWheel":8,"Bottled Flame":9,"TungstenRod":13,"Ring of the Snake":0},{"Peace Pipe":4,"CaptainsWheel":6,"Bottled Flame":6,"TungstenRod":9,"Ring of the Snake":0},{"Peace Pipe":17,"CaptainsWheel":25,"Bottled Flame":25,"TungstenRod":37,"Ring of the Snake":0}],"TungstenRod":8,"Ring of the Snake":[23]},"card_choices":[{"not_picked":["Reflex","Poisoned Stab"],"picked":"Slice","floor":1.0},{"not_picked":["Dagger Throw","Tactician"],"picked":"Skewer","floor":2.0},{"not_picked":["Dodge and Roll","PiercingWail"],"picked":"Predator","floor":5.0},{"not_picked":["Blur","Prepared"],"picked":"Endless Agony","floor":6},{"not_picked":["Reflex","Outmaneuver"],"picked":"Flying Knee","floor":7},{"not_picked":["Caltrops","Bane","Skewer"],"picked":"SKIP","floor":8},{"not_picked":["Poisoned Stab","Setup","Flying Knee"],"picked":"SKIP","floor":10},{"not_picked":["Infinite Blades","Envenom"],"picked":"Backflip","floor":11},{"not_picked":["Dodge and Roll","Cloak And Dagger"],"picked":"Backflip","floor":13},{"not_picked":["Dagger Spray","Deflect"],"picked":"Crippling Poison","floor":14}],"player_experience":1057326,"relics_obtained":[{"floor":6,"key":"Peace Pipe"},{"floor":8,"key":"CaptainsWheel"},{"floor":9,"key":"Bottled Flame"},{"floor":13,"key":"TungstenRod"}],"event_choices":[{"cards_removed":["Strike_G"],"damage_healed":0.0,"max_hp_gain":0.0,"max_hp_loss":0.0,"gold_gain":0.0,"event_name":"Golden Wing","player_choice":"Card Removal","floor":3.0,"gold_loss":0.0,"damage_taken":7.0},{"damage_healed":24.0,"max_hp_gain":0.0,"max_hp_loss":0.0,"gold_gain":0.0,"event_name":"Big Fish","player_choice":"Banana","floor":4.0,"gold_loss":0.0,"damage_taken":0.0},{"damage_healed":0,"gold_gain":0,"cards_transformed":["Strike_G"],"player_choice":"Change","damage_taken":0,"max_hp_gain":0,"max_hp_loss":0,"event_name":"Living Wall","floor":12,"gold_loss":0,"cards_obtained":["Adrenaline"]}],"is_beta":false,"boss_relics":[],"items_purged_floors":[],"is_endless":false,"potions_floor_spawned":[1,6,7,10,11,13],"killed_by":"Hexaghost","ascension_level":20}}