{"host":"bf9sa99gaumonoeu","time":1611246707,"event":{"mods":["AchievementEnabler","Act Like it!","Aspiration","BaseMod","Bestiary","Better Note","Block Reminder","Colored Map","Colored Powertips","Fox Events","Friendly Minions","Gensokyo","GifTheSpireLib","Googly Eyes","Hallownest","Hermit","Highlight Path","Jorbs\u0027s Wanderer Trilogy","KinomotoSakuraMod(????)","Koishi","Marisa????????","Minty Spire (QoL Compilation)","Rare Cards Sparkle","Relic Stats","Spire Arcade","StSLib","The Administrix","The Animator","The Bug Knight","The Construct","The Cursed","The Hierophant","The Mystic","The Necromancer","The Poker Player","The Runesmith","The Senshi","The Servant 0.9.4","ojb\u0027s Info Mod"],"gold_per_floor":[112,127,142,154,174,174,174],"floor_reached":6,"language":"ENG","playtime":326,"items_purged":[],"score":80,"play_id":"66e097a3-c7c5-4bc8-a542-3d4dd157f17e","local_time":"20210121143147","is_ascension_mode":true,"campfire_choices":[],"circlet_count":0,"master_deck":["AscendersBane","Strike_G","Strike_G","Strike_G","Strike_G","Strike_G","Defend_G","Defend_G","Defend_G","Defend_G","Defend_G","Survivor","Neutralize","Predator","Masterful Stab","Caltrops","Dagger Spray","Choke"],"relics":["Sozu"],"acts_visited":["Exordium"],"potions_floor_usage":[],"damage_taken":[{"damage":10,"enemies":"Small Slimes","floor":1,"turns":5},{"damage":0,"enemies":"Jaw Worm","floor":2,"turns":4},{"damage":0,"enemies":"Cultist","floor":3,"turns":4},{"damage":9,"enemies":"Large Slime","floor":4,"turns":4},{"damage":7,"enemies":"Exordium Wildlife","floor":5,"turns":3},{"damage":40,"enemies":"Lagavulin","floor":6,"turns":5}],"seed_played":"2516613373218812546","potions_obtained":[],"is_trial":false,"path_per_floor":["M","M","M","M","M","E"],"character_chosen":"THE_SILENT","items_purchased":[],"campfire_rested":0,"item_purchase_floors":[],"current_hp_per_floor":[49,49,49,40,33,0,0],"gold":174,"neow_bonus":"BOSS_RELIC","is_daily":false,"chose_seed":false,"campfire_upgraded":0,"win_rate":0.0,"timestamp":1611246707,"path_taken":["M","M","M","M","M","E"],"items_purchased_type":[],"build_version":"2020-12-22","purchased_purges":0,"victory":false,"max_hp_per_floor":[66,66,66,66,66,66,66],"relic_stats":{"Sozu":2,"counters":[6,25],"obtain_stats":[{"Sozu":0,"Ring of the Snake":0},{"Sozu":0,"Ring of the Snake":0},{"Sozu":0,"Ring of the Snake":0}]},"card_choices":[{"not_picked":["Infinite Blades","Sucker Punch"],"picked":"Predator","floor":1},{"not_picked":["Cloak And Dagger","Sucker Punch"],"picked":"Masterful Stab","floor":2},{"not_picked":["Expertise","Flechettes"],"picked":"Caltrops","floor":3},{"not_picked":["Acrobatics","Crippling Poison"],"picked":"Dagger Spray","floor":4},{"not_picked":["Acrobatics","Blade Dance"],"picked":"Choke","floor":5}],"player_experience":1062049,"relics_obtained":[],"event_choices":[],"is_beta":false,"boss_relics":[],"items_purged_floors":[],"is_endless":false,"potions_floor_spawned":[1,2],"killed_by":"Lagavulin","ascension_level":20}}