{"host":"x0zs2aah5aepmxqq","time":1611190529,"event":{"mods":["BaseMod","Downfall","Minty Spire (QoL Compilation)","StSLib"],"gold_per_floor":[99,116,216,229,240,390,442,442,342,48,74,74,103,138,168,168,168,168],"floor_reached":16,"language":"ENG","playtime":1539,"items_purged":[],"score":94,"play_id":"e6f53ac0-2d8a-447f-9905-7daaf049b9aa","local_time":"20210120175529","is_ascension_mode":false,"campfire_choices":[{"floor":1,"key":"RECALL"},{"data":"hexamod:SoulSteal","floor":9,"key":"SMITH"}],"circlet_count":0,"master_deck":["hexamod:Strike","hexamod:Strike","hexamod:Strike","hexamod:Strike","hexamod:Defend","hexamod:Defend","hexamod:Defend","hexamod:Defend","hexamod:Sear","hexamod:Float+1","hexamod:GhostLash+1","hexamod:SoulSteal+1","hexamod:CatchUp","downfall:Icky","hexamod:Again","hexamod:ThirdSeal","hexamod:BurningTouch","hexamod:AdvancingGuard","hexamod:GhostLash","hexamod:FlamesFromBeyond","hexamod:FirstSeal","hexamod:PhantomCloak"],"relics":["hexamod:SpiritBrand","CeramicFish","downfall:HeartBlessingRed","Letter Opener"],"acts_visited":["Exordium"],"potions_floor_usage":[],"damage_taken":[{"damage":0,"enemies":"2 Louse","floor":2,"turns":3},{"damage":0,"enemies":"Small Slimes","floor":4,"turns":4},{"damage":0,"enemies":"Cultist","floor":5,"turns":3},{"damage":5,"enemies":"downfall:FleeingMerchant","floor":10,"turns":4},{"damage":15,"enemies":"Large Slime","floor":11,"turns":5},{"damage":6,"enemies":"Red Slaver","floor":13,"turns":3},{"damage":6,"enemies":"Gremlin Gang","floor":14,"turns":3},{"damage":14,"enemies":"Large Slime","floor":15,"turns":5},{"damage":34,"enemies":"SI_SHIV_ARCHETYPE","floor":16,"turns":8}],"seed_played":"4339939136320055517","potions_obtained":[{"floor":4,"key":"hexamod:SoulburnPotion"},{"floor":11,"key":"ColorlessPotion"},{"floor":14,"key":"SmokeBomb"}],"is_trial":false,"path_per_floor":["R","M","?","M","M","?","T","?","R","$","M","?","M","M","M","B"],"character_chosen":"THE_SPIRIT","items_purchased":["hexamod:ThirdSeal","Letter Opener"],"campfire_rested":0,"item_purchase_floors":[10,10],"current_hp_per_floor":[70,70,70,70,70,70,70,75,75,70,55,55,49,43,29,0,0,0],"gold":168,"neow_bonus":"UPGRADE_CARD","is_daily":false,"chose_seed":false,"campfire_upgraded":1,"win_rate":0.0,"timestamp":1611190529,"path_taken":["R","M","?","M","M","?","T","?","R","$","M","?","M","M","M","BOSS"],"items_purchased_type":["Card","Relic"],"build_version":"2020-12-22","purchased_purges":0,"victory":false,"max_hp_per_floor":[70,70,70,70,70,70,70,75,75,75,75,75,75,75,75,75,75,75],"card_choices":[{"not_picked":["hexamod:GhostflameBarrier","hexamod:GhostOfSpirePast"],"picked":"hexamod:GhostLash","floor":2},{"not_picked":["hexamod:Hexaguard","hexamod:SuperheatedStrike"],"picked":"hexamod:SoulSteal","floor":4},{"not_picked":["hexamod:Firestarter","hexamod:SuperheatedStrike"],"picked":"hexamod:CatchUp","floor":5},{"not_picked":["hexamod:RetreatToShadows","hexamod:GhostflameInferno"],"picked":"hexamod:Again","floor":10},{"not_picked":["hexamod:NightmareGuise","hexamod:Incineration"],"picked":"hexamod:BurningTouch","floor":11},{"not_picked":["hexamod:CatchUp","hexamod:EtherealExpedition"],"picked":"hexamod:AdvancingGuard","floor":13},{"not_picked":["hexamod:Haunt","hexamod:Hexaguard"],"picked":"hexamod:GhostLash","floor":14},{"not_picked":["hexamod:InspiringFlames","hexamod:SuperheatedStrike"],"picked":"hexamod:FlamesFromBeyond","floor":14},{"not_picked":["hexamod:Firestarter","hexamod:PhantomCloak"],"picked":"hexamod:FirstSeal","floor":15},{"not_picked":["hexamod:StepThrough","hexamod:SwordOfDarkness"],"picked":"hexamod:PhantomCloak","floor":15}],"player_experience":300830,"relics_obtained":[{"floor":7,"key":"CeramicFish"}],"event_choices":[{"damage_healed":0,"gold_gain":0,"player_choice":"Donut","damage_taken":0,"max_hp_gain":5,"max_hp_loss":0,"event_name":"Big Fish","floor":8,"gold_loss":0},{"damage_healed":0,"gold_gain":0,"player_choice":"Forge","damage_taken":0,"max_hp_gain":0,"max_hp_loss":0,"event_name":"Accursed Blacksmith","floor":12,"gold_loss":0,"cards_upgraded":["hexamod:GhostLash"]}],"is_beta":false,"boss_relics":[],"items_purged_floors":[],"is_endless":false,"potions_floor_spawned":[4,11,14],"killed_by":"SI_SHIV_ARCHETYPE","ascension_level":0}}