{"host":"1a3cjta80tad0aqj","time":1611220467,"event":{"mods":["2.2 Compatiblity","AchievementEnabler","BaseMod","Colored Map","DeckTracker","KOR Keyword Fix","Keyboard Shortcuts","Minty Spire (QoL Compilation)","Permanent Neow","Quick Restart","Random Character Button","StSLib","SuperFastMode","everything is the same but u backflip on backflip"],"gold_per_floor":[114,129,144,13,80,80,95,110,135,165,165,50,50,80,80,180,180,195,210,37,52,52,82,97,127,152,152,152,152,167,167,167,267,267,282,297,312,162,212,242,242,242,267,282,297,75,75,90,90,90],"floor_reached":51,"language":"KOR","playtime":2377,"items_purged":[],"score":1027,"play_id":"f04c8904-ee22-4c7d-9b6e-46f5d7cef9b7","local_time":"20210121181427","daily_mods":["Chimera","Hoarder","Binary"],"is_ascension_mode":false,"campfire_choices":[{"data":"Eruption","floor":6.0,"key":"SMITH"},{"data":"Perfected Strike","floor":11.0,"key":"SMITH"},{"data":"Perfected Strike","floor":15,"key":"SMITH"},{"data":"Perfected Strike","floor":27,"key":"SMITH"},{"floor":29,"key":"REST"},{"data":"Armaments","floor":32,"key":"SMITH"},{"data":"Perfected Strike","floor":42,"key":"SMITH"},{"data":"Perfected Strike","floor":49,"key":"SMITH"}],"circlet_count":0,"master_deck":["Bash","Survivor","Zap","Eruption+1","Strike_R+1","Strike_G","Strike_B","Defend_R","Defend_G","Defend_P","Whirlwind","Whirlwind","Whirlwind","Perfected Strike+1","Perfected Strike+1","Perfected Strike+1","Wild Strike+1","Wild Strike","Wild Strike","Swift Strike","Swift Strike","Swift Strike","Twin Strike","Twin Strike","Twin Strike","Headbutt","Headbutt","Headbutt","Shockwave","Shockwave","Shockwave","Armaments+1","Armaments","Armaments","Demon Form","Demon Form","Perfected Strike+1","Perfected Strike+1","Perfected Strike","True Grit","True Grit","True Grit","Shrug It Off","Shrug It Off","Shrug It Off","Flame Barrier","Flame Barrier","Flame Barrier","Twin Strike+1","Twin Strike+1","Twin Strike+1","Pommel Strike","Pommel Strike","Pommel Strike","Reaper","Reaper","Reaper","Perfected Strike","Perfected Strike","Perfected Strike","Dual Wield+1","Dual Wield+1","Dual Wield+1","Wild Strike","Wild Strike","Wild Strike"],"relics":["Burning Blood","Whetstone","Bag of Preparation","Boot","Sozu","Pen Nib","Singing Bowl","TungstenRod","Akabeko","Red Mask","SlaversCollar","Medical Kit","Dead Branch","The Courier","Bronze Scales","Pantograph"],"acts_visited":["Exordium","TheCity","TheBeyond"],"potions_floor_usage":[16,50,50],"damage_taken":[{"damage":1.0,"enemies":"Jaw Worm","floor":1.0,"turns":5.0},{"damage":7.0,"enemies":"Small Slimes","floor":2.0,"turns":3.0},{"damage":0.0,"enemies":"2 Louse","floor":3.0,"turns":1.0},{"damage":4.0,"enemies":"2 Fungi Beasts","floor":7.0,"turns":3.0},{"damage":16.0,"enemies":"Gremlin Gang","floor":8.0,"turns":3.0},{"damage":0.0,"enemies":"Gremlin Nob","floor":10.0,"turns":2.0},{"damage":5,"enemies":"3 Sentries","floor":14,"turns":3},{"damage":0,"enemies":"Slime Boss","floor":16,"turns":4},{"damage":0,"enemies":"3 Byrds","floor":18,"turns":3},{"damage":15,"enemies":"Shell Parasite","floor":19,"turns":3},{"damage":12,"enemies":"Snake Plant","floor":21,"turns":3},{"damage":0,"enemies":"Slavers","floor":23,"turns":3},{"damage":26,"enemies":"Snecko","floor":24,"turns":4},{"damage":18,"enemies":"Gremlin Leader","floor":25,"turns":2},{"damage":4,"enemies":"Masked Bandits","floor":28,"turns":3},{"damage":0,"enemies":"Shelled Parasite and Fungi","floor":30,"turns":2},{"damage":61,"enemies":"Collector","floor":33,"turns":7},{"damage":0,"enemies":"3 Shapes","floor":35,"turns":2},{"damage":0,"enemies":"Orb Walker","floor":36,"turns":1},{"damage":1,"enemies":"Maw","floor":37,"turns":4},{"damage":18,"enemies":"Mind Bloom Boss Battle","floor":39,"turns":3},{"damage":0,"enemies":"Nemesis","floor":40,"turns":1},{"damage":4,"enemies":"Transient","floor":44,"turns":5},{"damage":0,"enemies":"Sphere and 2 Shapes","floor":45,"turns":2},{"damage":0,"enemies":"Jaw Worm Horde","floor":48,"turns":1},{"damage":85,"enemies":"Awakened One","floor":50,"turns":8}],"seed_played":"811174962971598332","potions_obtained":[{"floor":1.0,"key":"Weak Potion"},{"floor":3.0,"key":"Fire Potion"},{"floor":8.0,"key":"DistilledChaos"},{"floor":10.0,"key":"PowerPotion"}],"is_trial":false,"path_per_floor":["M","M","M","$","?","R","M","M","T","E","R","$","?","E","R","B",null,"M","M","$","M","?","E","M","E","T","R","?","R","M","?","R","B",null,"M","M","M","$","?","E","?","R","T","M","M","$","?","M","R","B",null],"character_chosen":"IRONCLAD","items_purchased":["Swift Strike","SteroidPotion","Shockwave","Armaments","Pen Nib","True Grit","Medical Kit","Wild Strike","Pantograph"],"campfire_rested":1,"item_purchase_floors":[4,4,12,12,20,20,38,46,46],"current_hp_per_floor":[80,79,80,80,80,80,80,70,70,76,76,76,81,82,82,85,85,85,76,76,70,70,76,56,44,44,44,48,74,82,82,82,27,89,91,91,93,93,83,91,91,91,91,97,99,99,94,96,96,22],"gold":90,"neow_bonus":"","is_daily":true,"chose_seed":false,"campfire_upgraded":7,"win_rate":0.0,"timestamp":1611220467,"path_taken":["M","M","M","$","?","R","M","M","T","E","R","$","?","E","R","BOSS","M","M","$","M","?","E","M","E","T","R","?","R","M","?","R","BOSS","M","?","M","$","?","E","?","R","T","M","M","$","?","M","R","BOSS"],"items_purchased_type":["Card","Potion","Card","Card","Relic","Card","Relic","Card","Relic"],"build_version":"2020-12-22","purchased_purges":0,"victory":true,"max_hp_per_floor":[80,80,80,80,80,80,80,80,80,80,80,80,85,85,85,85,85,85,85,85,85,85,85,85,85,85,85,87,87,89,89,89,89,89,91,91,93,93,95,97,97,97,97,97,99,99,94,96,96,96],"card_choices":[{"not_picked":["Burning Pact"],"picked":"Whirlwind","floor":1.0},{"not_picked":["Anger"],"picked":"Perfected Strike","floor":2.0},{"not_picked":["Heavy Blade"],"picked":"Wild Strike","floor":3.0},{"not_picked":["Spot Weakness"],"picked":"Twin Strike","floor":7.0},{"not_picked":["Body Slam","Heavy Blade"],"picked":"SKIP","floor":8.0},{"not_picked":["Iron Wave"],"picked":"Headbutt","floor":10.0},{"not_picked":["Rupture","Pummel"],"picked":"SKIP","floor":14},{"not_picked":["Juggernaut"],"picked":"Demon Form","floor":16},{"not_picked":["Clothesline","Hemokinesis"],"picked":"SKIP","floor":18},{"not_picked":["Iron Wave"],"picked":"Perfected Strike","floor":19},{"not_picked":["Wild Strike"],"picked":"Shrug It Off","floor":21},{"not_picked":["Fire Breathing"],"picked":"Flame Barrier","floor":23},{"not_picked":["Thunderclap+1"],"picked":"Twin Strike+1","floor":24},{"not_picked":["Carnage+1"],"picked":"Pommel Strike","floor":25},{"not_picked":["Anger+1","Fiend Fire"],"picked":"Singing Bowl","floor":28},{"not_picked":["Havoc+1","Entrench"],"picked":"Singing Bowl","floor":30},{"not_picked":["Exhume"],"picked":"Reaper","floor":33},{"not_picked":["Sword Boomerang+1","Thunderclap+1"],"picked":"Singing Bowl","floor":35},{"not_picked":["Burning Pact"],"picked":"Perfected Strike","floor":36},{"not_picked":["Shockwave","Clash"],"picked":"Singing Bowl","floor":37},{"not_picked":["Berserk","True Grit+1"],"picked":"Singing Bowl","floor":39},{"not_picked":["Burning Pact+1","Heavy Blade+1"],"picked":"Singing Bowl","floor":40},{"not_picked":["Pommel Strike+1"],"picked":"Dual Wield+1","floor":44},{"not_picked":["Shrug It Off","Sword Boomerang"],"picked":"Singing Bowl","floor":45},{"not_picked":["True Grit+1","Body Slam+1"],"picked":"Singing Bowl","floor":48}],"player_experience":830859,"relics_obtained":[{"floor":9.0,"key":"Whetstone"},{"floor":10.0,"key":"Bag of Preparation"},{"floor":14,"key":"Boot"},{"floor":23,"key":"Singing Bowl"},{"floor":25,"key":"TungstenRod"},{"floor":26,"key":"Akabeko"},{"floor":28,"key":"Red Mask"},{"floor":39,"key":"Dead Branch"},{"floor":40,"key":"The Courier"},{"floor":43,"key":"Bronze Scales"}],"event_choices":[{"damage_healed":0.0,"max_hp_gain":0.0,"max_hp_loss":0.0,"gold_gain":67.0,"event_name":"Golden Wing","player_choice":"Gained Gold","floor":5.0,"gold_loss":0.0,"damage_taken":0.0},{"damage_healed":0,"gold_gain":0,"player_choice":"Donut","damage_taken":0,"max_hp_gain":5,"max_hp_loss":0,"event_name":"Big Fish","floor":13,"gold_loss":0},{"damage_healed":0,"gold_gain":0,"player_choice":"Ignored","damage_taken":0,"max_hp_gain":0,"max_hp_loss":0,"event_name":"Ghosts","floor":22,"gold_loss":0},{"damage_healed":0,"gold_gain":0,"player_choice":"Fought Bandits","damage_taken":0,"max_hp_gain":0,"max_hp_loss":0,"event_name":"Masked Bandits","floor":28,"gold_loss":0},{"damage_healed":0,"gold_gain":0,"player_choice":"Ignored","damage_taken":0,"max_hp_gain":0,"max_hp_loss":0,"event_name":"N\u0027loth","floor":31,"gold_loss":0},{"damage_healed":0,"gold_gain":0,"player_choice":"Fight","damage_taken":0,"max_hp_gain":0,"max_hp_loss":0,"event_name":"MindBloom","floor":39,"gold_loss":0},{"cards_removed":["Demon Form"],"damage_healed":0,"gold_gain":0,"player_choice":"Removed Power","damage_taken":0,"max_hp_gain":0,"max_hp_loss":0,"event_name":"Falling","floor":41,"gold_loss":0},{"damage_healed":0,"gold_gain":0,"player_choice":"Max HP","damage_taken":0,"max_hp_gain":0,"max_hp_loss":5,"event_name":"Winding Halls","floor":47,"gold_loss":0}],"is_beta":false,"boss_relics":[{"not_picked":["SacredBark","Snecko Eye"],"picked":"Sozu"},{"not_picked":["Runic Cube","Tiny House"],"picked":"SlaversCollar"}],"items_purged_floors":[],"is_endless":false,"potions_floor_spawned":[1,3,8,10,18,21,23,28,33,36,37,39,45,48],"ascension_level":0}}