{"host":"wcqwttj5v9rz3xmq","time":1611201588,"event":{"mods":["BaseMod","Colored Map","Downfall","Minty Spire (QoL Compilation)","StSLib"],"gold_per_floor":[99,99,99,99,118,135,135,135,135,12,23,49,62,81,101,205,205,5,22,22,42,42,42,42,57,82,82,82,82,98,128,142,247,247,147,197,276,21,21,37,61,112,124,42,60,60,60,90,103,103,103,103,103,103],"floor_reached":52,"language":"ENG","playtime":4520,"items_purged":[],"score":845,"play_id":"194073f3-86cd-4e96-9652-12be93690ebf","local_time":"20210120225948","is_ascension_mode":false,"campfire_choices":[{"floor":1,"key":"RECALL"},{"data":"bronze:DelayedSlice","floor":9,"key":"SMITH"},{"data":"bronze:Boost","floor":18,"key":"SMITH"},{"floor":27,"key":"REST"},{"data":"bronze:Shell","floor":29,"key":"SMITH"},{"data":"bronze:MaxOutput","floor":35,"key":"SMITH"},{"data":"Writhe","floor":47,"key":"PURGE"}],"circlet_count":0,"master_deck":["bronze:Replicate","bronze:Frontload","bronze:DelayedSlice+1","bronze:Branch","bronze:OilSpill","bronze:ChosenStrike","bronze:Safeguard","bronze:ItsAFeature","bronze:Boost+1","bronze:Optimize","bronze:Shell+1","bronze:ChildClass","bronze:Flail","bronze:Iterate","bronze:DelayedSlice","bronze:ThunderWave","bronze:MaxOutput+1","bronze:DelayedSlice","RitualDagger","bronze:ChildClass","bronze:OilSpill","bronze:Flail+1","bronze:CutThrough","bronze:Fortify+1","bronze:Verify","bronze:Optimize","bronze:Overheat","bronze:WildBeam","bronze:Branch","bronze:NullPointer","bronze:WhirlingStrike","bronze:Break","bronze:Frontload","bronze:DelayedSlice+1","expansioncontent:YouAreMine","bronze:WildBeam","Good Instincts","bronze:ThunderWave","bronze:Iterate","bronze:FollowUp","bronze:BuggyMess+1","bronze:ChosenStrike+1","bronze:WhirlingStrike+1"],"relics":["bronze:BronzeCore","downfall:HeartsMalice","Pen Nib","Philosopher\u0027s Stone","downfall:HeartBlessingRed","downfall:HeartBlessingGreen","Enchiridion","downfall:RedIOU","Ice Cream","Anchor","Gremlin Horn","Pandora\u0027s Box","downfall:HeartBlessingBlue","Peace Pipe","Darkstone Periapt","OrangePellets","Bag of Preparation","Torii","Mummified Hand","Happy Flower","Strawberry"],"acts_visited":["Exordium","TheCity","TheBeyond","TheEnding"],"potions_floor_usage":[26,26,33,52,52],"damage_taken":[{"damage":0,"enemies":"2 Louse","floor":2,"turns":1},{"damage":0,"enemies":"Cultist","floor":3,"turns":1},{"damage":0,"enemies":"Small Slimes","floor":4,"turns":1},{"damage":2,"enemies":"Blue Slaver","floor":5,"turns":4},{"damage":12,"enemies":"Exordium Thugs","floor":6,"turns":6},{"damage":0,"enemies":"downfall:FleeingMerchant","floor":10,"turns":4},{"damage":0,"enemies":"2 Fungi Beasts","floor":11,"turns":3},{"damage":33,"enemies":"Gremlin Nob","floor":12,"turns":5},{"damage":4,"enemies":"Blue Slaver","floor":13,"turns":4},{"damage":8,"enemies":"Exordium Thugs","floor":14,"turns":3},{"damage":0,"enemies":"Exordium Wildlife","floor":15,"turns":3},{"damage":0,"enemies":"IC_STATUS_ARCHETYPE","floor":16,"turns":6},{"damage":0,"enemies":"Chosen","floor":19,"turns":3},{"damage":2,"enemies":"3 Cultists","floor":21,"turns":5},{"damage":0,"enemies":"Snake Plant","floor":25,"turns":2},{"damage":22,"enemies":"Slavers","floor":26,"turns":4},{"damage":0,"enemies":"Cultist and Chosen","floor":30,"turns":4},{"damage":4,"enemies":"Book of Stabbing","floor":31,"turns":4},{"damage":0,"enemies":"Snecko","floor":32,"turns":2},{"damage":4,"enemies":"SI_MIRROR_ARCHETYPE","floor":33,"turns":6},{"damage":16,"enemies":"SI_MIRROR_ARCHETYPE","floor":36,"turns":3},{"damage":12,"enemies":"downfall:FleeingMerchant","floor":38,"turns":4},{"damage":0,"enemies":"3 Darklings","floor":40,"turns":2},{"damage":0,"enemies":"2 Orb Walkers","floor":42,"turns":2},{"damage":0,"enemies":"3 Shapes","floor":43,"turns":3},{"damage":0,"enemies":"downfall:FleeingMerchant","floor":44,"turns":1},{"damage":0,"enemies":"Transient","floor":45,"turns":5},{"damage":0,"enemies":"Reptomancer","floor":48,"turns":2},{"damage":0,"enemies":"Sphere and 2 Shapes","floor":49,"turns":2},{"damage":11,"enemies":"WA_ARCHETYPE_DIVINITY","floor":50,"turns":9},{"damage":95,"enemies":"downfall:CharBossMerchant","floor":52,"turns":8}],"seed_played":"-5957872948909456394","potions_obtained":[{"floor":6,"key":"BlessingOfTheForge"},{"floor":11,"key":"hexamod:SoulburnPotion"},{"floor":13,"key":"Swift Potion"},{"floor":25,"key":"Energy Potion"},{"floor":26,"key":"sneckomod:MuddlingPotion"},{"floor":32,"key":"GamblersBrew"},{"floor":36,"key":"hexamod:SoulburnPotion"},{"floor":40,"key":"EssenceOfSteel"},{"floor":48,"key":"Guardian:BlockOnCardUsePotion"}],"is_trial":false,"path_per_floor":["R","M","M","M","M","M","T","?","R","$","M","E","M","M","M","B",null,"R","M","?","M","?","?","T","M","E","R","?","R","M","E","M","B",null,"R","?","T","$","?","M","T","?","M","$","M","?","R","E","M","B",null,"E"],"character_chosen":"THE_AUTOMATON","items_purchased":["bronze:Boost","bronze:Optimize","OrangePellets","expansioncontent:YouAreMine","Mummified Hand","Happy Flower"],"campfire_rested":1,"item_purchase_floors":[10,10,38,38,44,44],"current_hp_per_floor":[70,70,70,70,68,56,56,56,56,56,56,23,19,11,11,11,70,70,70,54,52,46,46,46,46,24,45,45,45,45,41,41,37,70,80,64,64,52,52,52,52,52,52,52,52,52,52,59,59,48,87,0,0,0],"gold":103,"neow_bonus":"THREE_ENEMY_KILL","is_daily":false,"chose_seed":false,"campfire_upgraded":4,"win_rate":0.0,"timestamp":1611201588,"path_taken":["R","M","M","M","M","M","T","?","R","$","M","E","M","M","M","BOSS","R","M","?","M","?","?","T","M","E","R","?","R","M","E","M","BOSS","R","?","?","?","?","?","T","?","M","?","M","?","R","E","M","BOSS","E"],"items_purchased_type":["Card","Card","Relic","Card","Relic","Relic"],"build_version":"2020-12-22","purchased_purges":0,"victory":false,"max_hp_per_floor":[70,70,70,70,70,70,70,70,70,70,70,70,70,70,70,70,70,70,70,70,70,70,70,70,70,70,70,70,70,70,70,70,70,70,80,80,80,80,80,80,80,80,80,80,80,80,80,87,87,87,87,87,87,87],"card_choices":[{"not_picked":["bronze:GetLatest","bronze:Invalidate"],"picked":"bronze:Frontload","floor":2},{"not_picked":["bronze:WildBeam","bronze:BronzeOrb"],"picked":"bronze:DelayedSlice","floor":3},{"not_picked":["bronze:Invalidate","bronze:Backtrace"],"picked":"bronze:Branch","floor":4},{"not_picked":["bronze:Shield","bronze:Safeguard"],"picked":"bronze:OilSpill","floor":5},{"not_picked":["bronze:DigitalCarnage","bronze:Deprecate"],"picked":"bronze:ChosenStrike","floor":6},{"not_picked":["bronze:ShipIt","bronze:OilSpill"],"picked":"bronze:ItsAFeature","floor":10},{"not_picked":["bronze:Iterate","bronze:ForLoop"],"picked":"bronze:Shell","floor":11},{"not_picked":["bronze:Deprecate","bronze:Optimize"],"picked":"bronze:ChildClass","floor":12},{"not_picked":["bronze:BronzeArmor","bronze:Turbo"],"picked":"bronze:Flail","floor":13},{"not_picked":["bronze:DarkDash","bronze:DigitalCarnage"],"picked":"bronze:Iterate","floor":14},{"not_picked":["bronze:Branch","bronze:Shield"],"picked":"bronze:DelayedSlice","floor":15},{"not_picked":["bronze:BurnOut","bronze:Virus"],"picked":"bronze:ThunderWave","floor":16},{"not_picked":["bronze:CloningBeam","bronze:Backtrace+1"],"picked":"bronze:MaxOutput","floor":19},{"not_picked":["bronze:Branch","bronze:WildBeam"],"picked":"bronze:DelayedSlice","floor":21},{"not_picked":["bronze:BronzeArmor","bronze:Turbo"],"picked":"bronze:ChildClass","floor":25},{"not_picked":["bronze:ShipIt","bronze:Deprecate"],"picked":"bronze:OilSpill","floor":26},{"not_picked":["bronze:OilSpill","bronze:MaxOutput"],"picked":"bronze:Flail+1","floor":30},{"not_picked":["bronze:Overheat","bronze:BitShift+1"],"picked":"bronze:CutThrough","floor":31},{"not_picked":["bronze:Repair+1","bronze:DelayedSlice"],"picked":"bronze:Fortify+1","floor":32},{"not_picked":["bronze:FindAndReplace","bronze:HyperBeam"],"picked":"bronze:Verify","floor":33},{"not_picked":["bronze:BuggyMess","bronze:Branch"],"picked":"bronze:Frontload","floor":36},{"not_picked":["bronze:Deprecate+1","bronze:ChildClass"],"picked":"bronze:DelayedSlice+1","floor":38},{"not_picked":["bronze:Turbo","bronze:OilSpill"],"picked":"bronze:Iterate","floor":40},{"not_picked":["bronze:ChosenStrike+1","bronze:ForLoop+1","bronze:Turbo+1"],"picked":"SKIP","floor":43},{"not_picked":["bronze:Return","bronze:ThunderWave"],"picked":"bronze:FollowUp","floor":44},{"not_picked":["bronze:Frontload","bronze:ChildClass+1"],"picked":"bronze:BuggyMess+1","floor":45},{"not_picked":["bronze:WildBeam+1","bronze:Branch+1"],"picked":"bronze:ChosenStrike+1","floor":48},{"not_picked":["bronze:ItsAFeature+1","bronze:CutThrough"],"picked":"bronze:WhirlingStrike+1","floor":49}],"player_experience":101881,"relics_obtained":[{"floor":7,"key":"Juzu Bracelet"},{"floor":12,"key":"Pen Nib"},{"floor":20,"key":"Enchiridion"},{"floor":26,"key":"Ice Cream"},{"floor":31,"key":"Gremlin Horn"},{"floor":36,"key":"Peace Pipe"},{"floor":37,"key":"Darkstone Periapt"},{"floor":41,"key":"Bag of Preparation"},{"floor":42,"key":"Torii"},{"floor":48,"key":"Strawberry"}],"event_choices":[{"damage_healed":0,"gold_gain":0,"player_choice":"Fight","damage_taken":0,"max_hp_gain":0,"max_hp_loss":0,"event_name":"Mysterious Sphere","floor":42,"gold_loss":0},{"cards_removed":["bronze:Goto"],"damage_healed":0,"gold_gain":0,"player_choice":"Removed Skill","damage_taken":0,"max_hp_gain":0,"max_hp_loss":0,"event_name":"Falling","floor":46,"gold_loss":0}],"is_beta":false,"boss_relics":[{"not_picked":["Runic Pyramid","Coffee Dripper"],"picked":"Philosopher\u0027s Stone"},{"not_picked":["Runic Dome","Velvet Choker"],"picked":"Pandora\u0027s Box"}],"items_purged_floors":[],"is_endless":false,"potions_floor_spawned":[6,11,13,15,21,25,26,32,36,40,42,48],"killed_by":"downfall:CharBossMerchant","ascension_level":0}}