{"host":"gbjphby09ecsfbbs","time":1611188598,"event":{"mods":["AchievementEnabler","BaseMod","Downfall","GifTheSpireLib","Minty Spire (QoL Compilation)","StSLib","The Animator","The Bug Knight","The Cursed","The Saiyan","The Servant 0.9.4"],"gold_per_floor":[115,134,146,113,87,87,87],"floor_reached":6,"language":"ENG","playtime":804,"items_purged":[],"score":38,"play_id":"5742205d-7402-4664-b4dc-cc4935dbddea","local_time":"20210120162318","is_ascension_mode":false,"campfire_choices":[],"circlet_count":0,"master_deck":["animator:Strike_Konosuba","animator:Defend_Konosuba","animator:Strike","animator:Strike","animator:Strike","animator:Defend","animator:Defend","animator:Defend","animator:Kazuma","animator:Aqua","animator:SakuraMatou","animator:Togame","animator:Emonzaemon","animator:GuildGirl","animator:Biyorigo"],"relics":["animator:LivingPicture","animator:TheMissingPiece","animator:PurgingStone"],"acts_visited":["Exordium"],"potions_floor_usage":[],"damage_taken":[{"damage":13,"enemies":"Cultist","floor":1,"turns":7},{"damage":10,"enemies":"2 Louse","floor":2,"turns":4},{"damage":18,"enemies":"Jaw Worm","floor":3,"turns":8},{"damage":5,"enemies":"Looter","floor":4,"turns":5},{"damage":34,"enemies":"Exordium Thugs","floor":5,"turns":5},{"damage":8,"enemies":"HollowMod:MossKnight","floor":6,"turns":2}],"seed_played":"-5741688327483867819","potions_obtained":[{"floor":1,"key":"CultistPotion"},{"floor":5,"key":"Block Potion"}],"is_trial":false,"path_per_floor":["M","M","M","M","M","E"],"character_chosen":"THE_ANIMATOR","items_purchased":[],"campfire_rested":0,"item_purchase_floors":[],"current_hp_per_floor":[61,53,37,34,2,0,0],"gold":87,"neow_bonus":"TEN_PERCENT_HP_BONUS","is_daily":false,"chose_seed":false,"campfire_upgraded":0,"win_rate":0.0,"timestamp":1611188598,"path_taken":["M","M","?","M","M","E"],"items_purchased_type":[],"build_version":"2020-12-22","purchased_purges":0,"victory":false,"max_hp_per_floor":[72,72,72,72,72,72,72],"card_choices":[{"not_picked":["animator:RinTohsaka","animator:Ciel"],"picked":"animator:SakuraMatou","floor":1},{"not_picked":["animator:Millim","animator:Raven"],"picked":"animator:Togame","floor":2},{"not_picked":["animator:Shuna","animator:Konayuki"],"picked":"animator:Emonzaemon","floor":3},{"not_picked":["animator:CowGirl","animator:Spearman"],"picked":"animator:GuildGirl","floor":4},{"not_picked":["animator:Shuna","animator:Spearman"],"picked":"animator:Biyorigo","floor":5}],"player_experience":108589,"relics_obtained":[],"event_choices":[],"is_beta":false,"boss_relics":[],"items_purged_floors":[],"is_endless":false,"potions_floor_spawned":[1,5],"killed_by":"HollowMod:MossKnight","ascension_level":0}}