{"host":"i58uscbei3sy5089","time":1611238071,"event":{"mods":["ATMod(°¢èªMod)","Act Like it!","BaseMod","Challenge The Spire","Colored Powertips","Conspire","Gensokyo","Infinite Spire","KinomotoSakuraMod(Ä¾Ö®±¾Ó£)","Lobotomy","LobotomyExtend","Minty Spire (QoL Compilation)","MostiFishMod","Quick Restart","Remilia£¨ÀÙÃ×ÀòÑÇ£©","Replay The Spire","Shop Mod","Spicy Shops","StSLib","TestMod","The Alterego","UnlockEverythingMod","[IsaacMod]ÒÔÈö¼âËþ","vexMod","¡¾¹¦ÄÜMod¡¿»ìãçÖ®»·ÐÞ¸´²¹¶¡","¡¾ÒÅÎï¿¨ÅÆ¡¿REMEMod","óô»ðÖ¸ÄÏ"],"gold_per_floor":[99,99,99,109,109,142,142,160,185,14,40,86,120,136,13,114,114,377,377,377,379,408,444,20,28,28,123,11,11,74,116,14,150,255,286,308,27,27,27,62,62,99,99,99,20,20,20,20,20,136,136,136],"floor_reached":51,"language":"ZHS","playtime":3843,"items_purged":["Strike_RM","Strike_RM","Strike_RM","Woodsman","Defend_RM","Strike_RM","Dazed","BodiesMountain","QueenOfHatred"],"score":1136,"play_id":"7c1b7df4-f17f-4c01-8260-db1cb4d74ba1","local_time":"20210121220751","is_ascension_mode":true,"campfire_choices":[{"data":"ScarletShoot","floor":2.0,"key":"SMITH"},{"data":"RedMoon","floor":7.0,"key":"SMITH"},{"floor":41.0,"key":"RECALL"},{"floor":49.0,"key":"REST"}],"circlet_count":0,"master_deck":["Defend_RM+1","Defend_RM+1","RedMoon+1","ScarletShoot+1","testmod-Wormhole+1","UnderTheZenith+1","BadLadyScramble+1","DemonKingCradle+1","OSAHOGD","MHz","WallGazer","BlasphemousPunishment+1","MastersStateliness+1","ReincarnationDial+1","BloodySeventeenLaser+1","MostiFishMod:EE1D+1","MostiFishMod:EE1D+1","MostiFishMod:EE1D+1","NothingThere","WhiteNight","UnderTheZenith+1","BlueStar"],"relics":["ScarletHat","testmod-TestBox","HushsDoor","DaveBox","AT_ATBox","REME_ComplimentaryCards","testmod-Antiphasic","DianDianMeat","CogitoBucket","RabbitCall","Gensokyo:CelestialsFlawlessClothing","LetterFromLob","testmod-IndustrialRevolution","Gremlin Food","Boot","AT_RedNoBalance","testmod-Nyarlathotep","BehaviorAdjustment","infinitespire:Midas Blood","AT_RedTearstoneRing","testmod-BatchProcessingSystem","BloodBag","Transparent","Gensokyo:ChorusOfJoy","AT_SilvercatRing","MerchantsRug","OriginationStaff","testmod-TheFather","Moonlight_r","Logging_r","Singing Bowl","Gensokyo:ConquerorOfFear","EE1DDrone","BelialBook","GuppysHairball","TheSmile_r","testmod-Charity","Gensokyo:EmptyGrave","InTheNameOfLoveAndHate_r","Replay:Rubber Ducky","AT_SunfireAegis","testmod-ArcanaOfDestiny","GuppysPaw","Fusion Hammer","AT_ChloranthyRing","Cursed Key"],"acts_visited":["Exordium","Gensokyo:Gensokyo","Gensokyo:Gensokyoer","Gensokyo:Gensokyoest"],"potions_floor_usage":[],"damage_taken":[{"damage":0.0,"enemies":"Gensokyo:2_Kodama","floor":1.0,"turns":1.0},{"damage":1.0,"enemies":"Gensokyo:3_Fairies","floor":4.0,"turns":5.0},{"damage":17.0,"enemies":"Gensokyo:Cirno","floor":6.0,"turns":8.0},{"damage":0.0,"enemies":"Gensokyo:Python","floor":8.0,"turns":3.0},{"damage":28.0,"enemies":"Gensokyo:Aya","floor":11.0,"turns":10.0},{"damage":44.0,"enemies":"conspire:MimicChest","floor":12.0,"turns":15.0},{"damage":192.0,"enemies":"Gensokyo:Cirno","floor":13.0,"turns":6.0},{"damage":14.0,"enemies":"Gensokyo:VengefulSpirit","floor":14.0,"turns":4.0},{"damage":7.0,"enemies":"Gensokyo:Yukari","floor":16.0,"turns":5.0},{"damage":78.0,"enemies":"Gensokyo:3_Dogs","floor":18.0,"turns":7.0},{"damage":190.0,"enemies":"Gensokyo:2_Gloops","floor":22.0,"turns":3.0},{"damage":28.0,"enemies":"Nightmare","floor":23.0,"turns":1.0},{"damage":154.0,"enemies":"Hiden Room Battle","floor":27.0,"turns":4.0},{"damage":151.0,"enemies":"Gensokyo:Koishi","floor":30.0,"turns":4.0},{"damage":91.0,"enemies":"Gensokyo:Slime_Group","floor":31.0,"turns":2.0},{"damage":193.0,"enemies":"Gensokyo:Eiki","floor":33.0,"turns":4.0},{"damage":102.0,"enemies":"Gensokyo:3_Boulders","floor":35.0,"turns":2.0},{"damage":58.0,"enemies":"Gensokyo:AncientGuardian","floor":36.0,"turns":2.0},{"damage":285.0,"enemies":"Gensokyo:Marisa","floor":40.0,"turns":3.0},{"damage":152.0,"enemies":"Nightmare","floor":42.0,"turns":2.0},{"damage":346,"enemies":"Gensokyo:Scarlet_Devils","floor":50,"turns":5}],"seed_played":"-4548922773024737138","potions_obtained":[{"floor":8.0,"key":"AttackPotion"},{"floor":11.0,"key":"Swift Potion"},{"floor":12.0,"key":"AttackPotion"},{"floor":27.0,"key":"Reflective Coating"},{"floor":30.0,"key":"FearPotion"},{"floor":33.0,"key":"GamblersBrew"},{"floor":35.0,"key":"Swift Potion"}],"is_trial":false,"path_per_floor":["M","R","?","M","?","E","R","M","T","COS","E","?","E","M","R","B",null,"M","AVR","?","?","M","NM","R","?","T","?","$","?","E","M","R","B",null,"M","M","$","?","?","E","R","NM","T","AVR","R","COS","?","$","R","B",null],"character_chosen":"REMILIA","items_purchased":["infinitespire:Midas Blood","AT_RedTearstoneRing","MerchantsRug","OriginationStaff","testmod-TheFather","BelialBook","GuppysHairball","testmod-EscapePotion","DestinyDice","infinitespire:BlackPotion","testmod-Charity","AT_ChloranthyRing"],"campfire_rested":1,"item_purchase_floors":[15,15,24,24,24,34,34,34,34,34,37,45],"current_hp_per_floor":[81,81,61,62,55,42,42,42,42,62,46,44,204,88,50,70,219,259,259,259,213,282,321,321,84,84,347,347,347,349,373,373,420,459,461,491,493,493,454,501,501,539,539,539,539,539,539,539,539,285,285,285],"gold":136,"neow_bonus":"","is_daily":false,"chose_seed":false,"campfire_upgraded":2,"win_rate":0.0,"timestamp":1611238071,"path_taken":["M","M","?","M","?","E","R","?","T","COS","E","?","E","?","R","BOSS","M","AVR","?","?","?","NM","R","?","T","?","$","?","E","M","R","BOSS","M","M","$","?","?","E","R","NM","T","AVR","R","COS","?","?","R","BOSS"],"items_purchased_type":["Relic","Relic","Relic","Relic","Relic","Relic","Relic","Potion","Potion","Potion","Relic","Relic"],"build_version":"2020-12-22","purchased_purges":9,"victory":false,"max_hp_per_floor":[81,81,81,81,95,99,99,99,99,134,144,180,204,204,204,219,219,259,259,259,277,282,321,321,326,326,347,347,347,349,373,373,420,459,461,491,493,493,454,501,501,570,570,570,572,572,572,572,572,639,639,639],"card_choices":[{"not_picked":[],"picked":"ChaosCard","floor":0.0},{"not_picked":["MeatLantern","CrumblingArmor","Wellcheers"],"picked":"Singing Bowl","floor":4.0},{"not_picked":["ScarletImprint","EndlessAdversity","VampirishNight"],"picked":"SKIP","floor":4.0},{"not_picked":["ShyLook","CrumblingArmor","Wellcheers"],"picked":"Singing Bowl","floor":6.0},{"not_picked":["Ultimatum","BloodHunter"],"picked":"UnderTheZenith","floor":6.0},{"not_picked":["LittlePrince","WallGazer","UniverseFragment"],"picked":"Singing Bowl","floor":8.0},{"not_picked":["VampirishNight","EmergencyRegeneration","BloodyTrap"],"picked":"SKIP","floor":8.0},{"not_picked":["FairyFestival","GreedKing","Funeral"],"picked":"Singing Bowl","floor":11.0},{"not_picked":["BloodHunter+1","NightLord+1"],"picked":"BadLadyScramble+1","floor":11.0},{"not_picked":["RedMagic","CharismaGuard","HunterOfTheNight"],"picked":"SKIP","floor":11.0},{"not_picked":["ForecastOfChange","HellCatastrophe"],"picked":"DemonKingCradle","floor":12.0},{"not_picked":["MeatLantern","CrumblingArmor","Variant"],"picked":"Singing Bowl","floor":12.0},{"not_picked":["CrumblingArmor","VoidDream"],"picked":"OSAHOGD","floor":12.0},{"not_picked":["ScarletDream","BlasphemousPunishment"],"picked":"EmergencyRegeneration","floor":12.0},{"not_picked":["WhitesApple","LittleHelper"],"picked":"MHz","floor":13.0},{"not_picked":["RedRainbow","VampireFantasy","MiserableFate"],"picked":"SKIP","floor":13.0},{"not_picked":["CherryBlossoms","Alriune","SilentOrchestra"],"picked":"Singing Bowl","floor":14.0},{"not_picked":["VampireKiss","FavorOfDestiny","UnderTheZenith"],"picked":"SKIP","floor":14.0},{"not_picked":["DespairKnight","Wellcheers","MeltingLove"],"picked":"Singing Bowl","floor":16.0},{"not_picked":["TricksterDevil","DemonKingCradle"],"picked":"QueenOfMidnight","floor":16.0},{"not_picked":["CrumblingArmor","Murderer","Scorched"],"picked":"Singing Bowl","floor":18.0},{"not_picked":["QueenBee","Scarecrow"],"picked":"WallGazer","floor":18.0},{"not_picked":["RedRainbow","EternalNight+1"],"picked":"BlasphemousPunishment","floor":18.0},{"not_picked":["infinitespire:Execution","infinitespire:Menacing"],"picked":"infinitespire:SealOfDarkness+","floor":21.0},{"not_picked":["Murderer","OldLady","UniverseFragment"],"picked":"Singing Bowl","floor":22.0},{"not_picked":["RedMagic","FavorOfDestiny+1","ScarletDream"],"picked":"SKIP","floor":22.0},{"not_picked":["DreamingCurrent","QueenBee","Bloodbath"],"picked":"Singing Bowl","floor":23.0},{"not_picked":["RedShoes","BeautyBeast"],"picked":"Woodsman","floor":23.0},{"not_picked":["EternalNight","VampireSweep"],"picked":"MastersStateliness","floor":23.0},{"not_picked":["BeautyBeast","Alriune","CherryBlossoms"],"picked":"Singing Bowl","floor":27.0},{"not_picked":["UnderTheZenith","VampireKiss"],"picked":"ReincarnationDial","floor":27.0},{"not_picked":["UniverseFragment","Yin","Laetitia"],"picked":"Singing Bowl","floor":30.0},{"not_picked":["HunterOfTheNight","ScarletNetherworld","DevilSight"],"picked":"Singing Bowl","floor":30.0},{"not_picked":["AspirationHeartRelic","TheresiaRelic","HellTrainRelic"],"picked":"Singing Bowl","floor":31.0},{"not_picked":["HeroicMonk","SnowQueen"],"picked":"QueenOfHatred","floor":31.0},{"not_picked":["BloodHunter","ScarletImprint","ScarletSymphony"],"picked":"Singing Bowl","floor":31.0},{"not_picked":["FairyFestival","CrumblingArmor","Yin"],"picked":"Singing Bowl","floor":33.0},{"not_picked":["SingingMachine","BeautyBeast"],"picked":"BodiesMountain","floor":33.0},{"not_picked":["CeilingFear","BatForm"],"picked":"BloodySeventeenLaser","floor":33.0},{"not_picked":["LittlePrince","BigBird","HeroicMonk"],"picked":"Singing Bowl","floor":35.0},{"not_picked":["NightDance+1","Stigmanizer+1","ScarletDevil+1"],"picked":"Singing Bowl","floor":35.0},{"not_picked":["GreedKing","Alriune"],"picked":"CENSORED","floor":36.0},{"not_picked":["ForbiddenFruit+1","NightDance","BloodHunter"],"picked":"Singing Bowl","floor":36.0},{"not_picked":["HappyTeddy","WhitesApple","GalaxyChild"],"picked":"Singing Bowl","floor":40.0},{"not_picked":["UniverseFragment","Scorched"],"picked":"NothingThere","floor":40.0},{"not_picked":["NightDance+1","BloodHunter","ScarletDevilSign+1"],"picked":"Singing Bowl","floor":40.0},{"not_picked":["Freischutz","BlackArmy","Porccubus"],"picked":"Singing Bowl","floor":42.0},{"not_picked":["Bloodbath","HeroicMonk"],"picked":"WhiteNight","floor":42.0},{"not_picked":["StarOfDavid","Stigmanizer"],"picked":"UnderTheZenith","floor":42.0},{"not_picked":["VoidDream","HappyTeddy"],"picked":"BlueStar","floor":50},{"not_picked":["CurseOfVladTepes","KillingBlow","TricksterDevil"],"picked":"Singing Bowl","floor":50}],"player_experience":645179,"relics_obtained":[{"floor":4.0,"key":"LetterFromLob"},{"floor":6.0,"key":"testmod-OneHitWonder"},{"floor":9.0,"key":"testmod-IndustrialRevolution"},{"floor":11.0,"key":"Gremlin Food"},{"floor":12.0,"key":"BookofShadows"},{"floor":13.0,"key":"testmod-AssaultLearning"},{"floor":23.0,"key":"AT_SilvercatRing"},{"floor":26.0,"key":"testmod-TurbochargingSystem"},{"floor":27.0,"key":"Singing Bowl"},{"floor":27.0,"key":"Centennial Puzzle"},{"floor":30.0,"key":"Gensokyo:ConquerorOfFear"},{"floor":30.0,"key":"ReplayTheSpireMod:TigerMarble"},{"floor":40.0,"key":"Replay:Rubber Ducky"},{"floor":42.0,"key":"AT_SunfireAegis"},{"floor":43.0,"key":"testmod-ArcanaOfDestiny"}],"event_choices":[{"damage_healed":0.0,"max_hp_gain":0.0,"max_hp_loss":0.0,"gold_gain":0.0,"event_name":"HidenRoomEvent","player_choice":"Fight","floor":27.0,"gold_loss":0.0,"damage_taken":0.0}],"is_beta":false,"boss_relics":[{"not_picked":["xbg","vexMod:ImprovementManual"],"picked":"testmod-BatchProcessingSystem"},{"not_picked":[]},{"not_picked":["vexMod:TanglingVine","Black Star"],"picked":"EE1DDrone"},{"not_picked":[]},{"not_picked":["TimeKeys","vexMod:BigBerry"],"picked":"Cursed Key"},{"not_picked":[]}],"items_purged_floors":[15,19,24,28,28,32,34,37,44],"is_endless":true,"potions_floor_spawned":[8,11,12,13,16,27,30,35,42],"ascension_level":3}}