{"host":"7yxt37kap0q16lk4","time":1611201477,"event":{"mods":["2.2 Compatiblity","Act Like it!","BaseMod","Better Third Choice","Better-Laid Plans","Colored Map","Custom Start","Highlight Path","Keyboard Shortcuts","Minty Spire (QoL Compilation)","Quick Restart","Rare Cards Sparkle","Relic Stats","Shop Mod","Slay the Relics Exporter","StSLib","SuperFastMode"],"gold_per_floor":[118,98,113,126,141,141,175,195,195,220,235,254,285,304,304,376,376,396,321,321,39,57,57,88,88,88,118,128,228,228,242,242,321,321,334,347,60,76,130,130,155,173,227,227,255,255,271,297,297,297,297,297,297,46,77,77],"floor_reached":57,"language":"KOR","playtime":3172,"items_purged":["Strike_G","Strike_G","Strike_G"],"score":3108,"play_id":"c68550dd-8dac-4e31-aa7f-b709b1b06c3d","local_time":"20210121125757","is_ascension_mode":true,"campfire_choices":[{"data":"Tactician","floor":6,"key":"SMITH"},{"data":"Finisher","floor":15,"key":"SMITH"},{"data":"Apotheosis","floor":23,"key":"SMITH"},{"floor":30,"key":"REST"},{"floor":32,"key":"REST"},{"data":"1","floor":40,"key":"LIFT"},{"floor":49,"key":"RECALL"},{"data":"2","floor":53,"key":"LIFT"}],"circlet_count":0,"master_deck":["AscendersBane","Strike_G","Defend_G","Defend_G","Defend_G","Defend_G","Defend_G","Survivor","Neutralize","Blade Dance","Blade Dance","Tactician+1","Acrobatics","Terror","Crippling Poison","Finisher+1","Cloak And Dagger","Backflip","Phantasmal Killer","Apotheosis+1","Calculated Gamble","Night Terror+1","Tactician+1","Reflex+1","Panacea+1"],"relics":["Ring of the Snake","Orichalcum","Happy Flower","Lizard Tail","Singing Bowl","StoneCalendar","Omamori","Calling Bell","Bag of Preparation","Pantograph","Tingsha","Regal Pillow","White Beast Statue","Dead Branch","Unceasing Top","Toxic Egg 2","Philosopher\u0027s Stone","Vajra","Girya","Ancient Tea Set","Nunchaku","Oddly Smooth Stone","Medical Kit","Art of War"],"acts_visited":["Exordium","TheCity","TheBeyond","TheEnding"],"potions_floor_usage":[7,10,12,13,22,24,27,29],"damage_taken":[{"damage":0,"enemies":"Small Slimes","floor":1,"turns":6},{"damage":1,"enemies":"Cultist","floor":3,"turns":3},{"damage":0,"enemies":"2 Louse","floor":4,"turns":4},{"damage":2,"enemies":"Looter","floor":5,"turns":2},{"damage":17,"enemies":"3 Sentries","floor":7,"turns":8},{"damage":4,"enemies":"Large Slime","floor":8,"turns":5},{"damage":6,"enemies":"Gremlin Nob","floor":10,"turns":3},{"damage":0,"enemies":"2 Fungi Beasts","floor":11,"turns":1},{"damage":11,"enemies":"Exordium Wildlife","floor":12,"turns":7},{"damage":5,"enemies":"3 Sentries","floor":13,"turns":7},{"damage":5,"enemies":"Gremlin Gang","floor":14,"turns":3},{"damage":8,"enemies":"Slime Boss","floor":16,"turns":7},{"damage":17,"enemies":"Chosen","floor":18,"turns":5},{"damage":0,"enemies":"Shell Parasite","floor":22,"turns":2},{"damage":18,"enemies":"Slavers","floor":24,"turns":7},{"damage":0,"enemies":"Gremlin Leader","floor":27,"turns":3},{"damage":0,"enemies":"Shelled Parasite and Fungi","floor":28,"turns":1},{"damage":0,"enemies":"Colosseum Slavers","floor":29,"turns":1},{"damage":0,"enemies":"Colosseum Nobs","floor":29,"turns":2},{"damage":29,"enemies":"Chosen and Byrds","floor":31,"turns":4},{"damage":21,"enemies":"Champ","floor":33,"turns":7},{"damage":0,"enemies":"3 Shapes","floor":35,"turns":3},{"damage":0,"enemies":"3 Darklings","floor":36,"turns":2},{"damage":0,"enemies":"4 Shapes","floor":38,"turns":2},{"damage":0,"enemies":"2 Orb Walkers","floor":39,"turns":2},{"damage":6,"enemies":"Nemesis","floor":41,"turns":3},{"damage":6,"enemies":"Sphere and 2 Shapes","floor":42,"turns":2},{"damage":11,"enemies":"Reptomancer","floor":45,"turns":2},{"damage":1,"enemies":"Transient","floor":47,"turns":5},{"damage":13,"enemies":"Nemesis","floor":48,"turns":3},{"damage":0,"enemies":"Time Eater","floor":50,"turns":2},{"damage":0,"enemies":"Awakened One","floor":51,"turns":3},{"damage":4,"enemies":"Shield and Spear","floor":55,"turns":2},{"damage":125,"enemies":"The Heart","floor":56,"turns":7}],"seed_played":"-5479522772224354278","potions_obtained":[{"floor":2,"key":"SteroidPotion"},{"floor":4,"key":"Block Potion"},{"floor":7,"key":"LiquidBronze"},{"floor":8,"key":"CultistPotion"},{"floor":11,"key":"PowerPotion"},{"floor":14,"key":"Energy Potion"},{"floor":16,"key":"LiquidMemories"},{"floor":24,"key":"GamblersBrew"},{"floor":27,"key":"Dexterity Potion"},{"floor":28,"key":"GamblersBrew"},{"floor":29,"key":"Energy Potion"},{"floor":33,"key":"GhostInAJar"},{"floor":38,"key":"CultistPotion"},{"floor":42,"key":"FairyPotion"},{"floor":48,"key":"FairyPotion"}],"is_trial":false,"path_per_floor":["M","?","M","M","M","R","E","M","T","E","M","M","E","M","R","B",null,"M","$","?","$","M","R","E","?","T","E","M","?","R","M","R","B",null,"M","M","$","M","?","R","E","M","T","?","E","?","M","E","R","B","B",null,"R","$","E","B",null],"character_chosen":"THE_SILENT","items_purchased":["Apotheosis","Vajra","Panacea+1","Medical Kit"],"campfire_rested":2,"item_purchase_floors":[21,37,54,54],"current_hp_per_floor":[59,59,58,58,56,56,39,35,35,29,29,18,15,12,12,4,54,39,39,39,39,41,41,23,23,23,25,27,29,68,41,80,61,77,77,79,79,81,83,83,77,73,73,73,64,64,65,54,54,79,96,96,96,96,94,2],"gold":77,"neow_bonus":"RANDOM_COMMON_RELIC","is_daily":false,"chose_seed":false,"campfire_upgraded":3,"win_rate":0.0,"timestamp":1611201477,"path_taken":["M","?","M","M","M","R","E","?","T","E","M","M","E","M","R","BOSS","M","$","?","$","M","R","E","?","T","E","M","?","R","M","R","BOSS","M","M","$","M","?","R","E","M","T","?","E","?","M","E","R","BOSS","BOSS","R","$","E","BOSS"],"items_purchased_type":["Card","Relic","Card","Relic"],"build_version":"2020-12-22","purchased_purges":3,"victory":true,"max_hp_per_floor":[66,66,66,66,66,66,66,66,66,66,66,66,68,70,70,70,70,72,72,72,72,74,74,74,74,74,76,78,80,80,82,82,82,82,82,84,84,86,88,88,88,90,90,90,92,92,94,96,96,96,96,96,96,96,98,98],"relic_stats":{"Regal Pillow":30,"Happy Flower":[34],"Singing Bowl":32,"counters":[34,126],"Dead Branch":[252],"StoneCalendar":[5],"Tingsha":[673],"Bag of Preparation":[44],"Orichalcum":[216],"Medical Kit":[0],"Lizard Tail":0,"Nunchaku":[12],"Pantograph":48,"Art of War":[1],"obtain_stats":[{"Girya":39,"Regal Pillow":24,"Happy Flower":7,"Singing Bowl":10,"Dead Branch":27,"Vajra":37,"Oddly Smooth Stone":48,"StoneCalendar":13,"Tingsha":17,"Omamori":17,"Bag of Preparation":17,"Orichalcum":0,"Ancient Tea Set":41,"Medical Kit":54,"White Beast Statue":26,"Calling Bell":17,"Lizard Tail":9,"Nunchaku":45,"Pantograph":17,"Philosopher\u0027s Stone":34,"Art of War":55,"Toxic Egg 2":29,"Unceasing Top":29,"Ring of the Snake":0},{"Girya":25,"Regal Pillow":15,"Happy Flower":5,"Singing Bowl":7,"Dead Branch":16,"Vajra":23,"Oddly Smooth Stone":30,"StoneCalendar":10,"Tingsha":12,"Omamori":12,"Bag of Preparation":12,"Orichalcum":0,"Ancient Tea Set":26,"Medical Kit":32,"White Beast Statue":15,"Calling Bell":12,"Lizard Tail":6,"Nunchaku":28,"Pantograph":12,"Philosopher\u0027s Stone":21,"Art of War":33,"Toxic Egg 2":19,"Unceasing Top":19,"Ring of the Snake":0},{"Girya":97,"Regal Pillow":70,"Happy Flower":23,"Singing Bowl":31,"Dead Branch":73,"Vajra":93,"Oddly Smooth Stone":112,"StoneCalendar":46,"Tingsha":56,"Omamori":56,"Bag of Preparation":56,"Orichalcum":0,"Ancient Tea Set":100,"Medical Kit":117,"White Beast Statue":70,"Calling Bell":56,"Lizard Tail":28,"Nunchaku":104,"Pantograph":56,"Philosopher\u0027s Stone":88,"Art of War":119,"Toxic Egg 2":77,"Unceasing Top":77,"Ring of the Snake":0}],"Unceasing Top":[1],"Ring of the Snake":[68]},"card_choices":[{"not_picked":["Flying Knee","Dodge and Roll"],"picked":"Blade Dance","floor":1},{"not_picked":["Endless Agony","Distraction"],"picked":"Blade Dance","floor":3},{"not_picked":["Dagger Throw","Phantasmal Killer"],"picked":"Tactician","floor":4},{"not_picked":["Underhanded Strike","Dodge and Roll"],"picked":"Acrobatics","floor":5},{"not_picked":["Expertise","Sucker Punch"],"picked":"Terror","floor":7},{"not_picked":["Slice","Eviscerate"],"picked":"Crippling Poison","floor":8},{"not_picked":["Flying Knee","Deadly Poison"],"picked":"Finisher","floor":10},{"not_picked":["Prepared","Infinite Blades"],"picked":"Cloak And Dagger","floor":11},{"not_picked":["PiercingWail","Cloak And Dagger"],"picked":"Backflip","floor":12},{"not_picked":["Well Laid Plans","Expertise","Backflip"],"picked":"Singing Bowl","floor":13},{"not_picked":["Leg Sweep","PiercingWail","Eviscerate"],"picked":"Singing Bowl","floor":14},{"not_picked":["Die Die Die","Grand Finale"],"picked":"Phantasmal Killer","floor":16},{"not_picked":["Setup","Slice","Infinite Blades"],"picked":"Singing Bowl","floor":18},{"not_picked":["Riddle With Holes+1","Dagger Spray","Glass Knife"],"picked":"Singing Bowl","floor":22},{"not_picked":["Dagger Spray","Predator"],"picked":"Calculated Gamble","floor":24},{"not_picked":["Expertise","Sucker Punch","Dagger Throw"],"picked":"Singing Bowl","floor":27},{"not_picked":["Sucker Punch","PiercingWail","Eviscerate+1"],"picked":"Singing Bowl","floor":28},{"not_picked":["Quick Slash","Dodge and Roll+1","Deadly Poison+1"],"picked":"Singing Bowl","floor":29},{"not_picked":["Bouncing Flask+1","Underhanded Strike","Dodge and Roll+1"],"picked":"Singing Bowl","floor":31},{"not_picked":["Glass Knife","Envenom"],"picked":"Night Terror+1","floor":33},{"not_picked":["Skewer","Dagger Throw"],"picked":"Tactician+1","floor":35},{"not_picked":["Dodge and Roll+1","Crippling Poison+1","Escape Plan+1"],"picked":"Singing Bowl","floor":36},{"not_picked":["Caltrops","Distraction+1","Prepared+1"],"picked":"Singing Bowl","floor":38},{"not_picked":["Distraction+1","Outmaneuver+1","Well Laid Plans"],"picked":"Singing Bowl","floor":39},{"not_picked":["Footwork+1","Deflect+1"],"picked":"Reflex+1","floor":41},{"not_picked":["Prepared+1","Sucker Punch+1","Venomology+1"],"picked":"Singing Bowl","floor":42},{"not_picked":["Accuracy","Terror+1","Choke"],"picked":"Singing Bowl","floor":45},{"not_picked":["Riddle With Holes","Noxious Fumes","Blade Dance+1"],"picked":"Singing Bowl","floor":47},{"not_picked":["Outmaneuver+1","Bane","Prepared+1"],"picked":"Singing Bowl","floor":48},{"not_picked":["Heel Hook","Slice+1","Footwork"],"picked":"Singing Bowl","floor":55}],"player_experience":1049603,"relics_obtained":[{"floor":7,"key":"Happy Flower"},{"floor":9,"key":"Lizard Tail"},{"floor":10,"key":"Singing Bowl"},{"floor":13,"key":"StoneCalendar"},{"floor":17,"key":"Bag of Preparation"},{"floor":17,"key":"Pantograph"},{"floor":17,"key":"Tingsha"},{"floor":24,"key":"Regal Pillow"},{"floor":26,"key":"White Beast Statue"},{"floor":27,"key":"Dead Branch"},{"floor":29,"key":"Unceasing Top"},{"floor":29,"key":"Toxic Egg 2"},{"floor":39,"key":"Girya"},{"floor":41,"key":"Ancient Tea Set"},{"floor":45,"key":"Nunchaku"},{"floor":48,"key":"Oddly Smooth Stone"},{"floor":55,"key":"Art of War"}],"event_choices":[{"damage_healed":0,"gold_gain":0,"player_choice":"Bought 1 Potion","damage_taken":0,"max_hp_gain":0,"max_hp_loss":0,"event_name":"The Woman in Blue","floor":2,"gold_loss":0},{"damage_healed":0,"gold_gain":0,"player_choice":"Ignored","damage_taken":0,"max_hp_gain":0,"max_hp_loss":0,"event_name":"Ghosts","floor":20,"gold_loss":0},{"damage_healed":0,"gold_gain":0,"player_choice":"Ignored","damage_taken":0,"max_hp_gain":0,"max_hp_loss":0,"event_name":"Vampires","floor":25,"gold_loss":0},{"damage_healed":0,"gold_gain":0,"player_choice":"Fight","damage_taken":0,"max_hp_gain":0,"max_hp_loss":0,"event_name":"Colosseum","floor":29,"gold_loss":0},{"damage_healed":0,"gold_gain":0,"player_choice":"Fled From Nobs","damage_taken":0,"max_hp_gain":0,"max_hp_loss":0,"event_name":"Colosseum","floor":29,"gold_loss":0},{"damage_healed":0,"gold_gain":0,"player_choice":"Fought Nobs","damage_taken":0,"max_hp_gain":0,"max_hp_loss":0,"event_name":"Colosseum","floor":29,"gold_loss":0},{"damage_healed":0,"gold_gain":0,"player_choice":"Fight","damage_taken":0,"max_hp_gain":0,"max_hp_loss":0,"event_name":"Mysterious Sphere","floor":39,"gold_loss":0},{"cards_removed":["Strike_G"],"damage_healed":0,"gold_gain":0,"player_choice":"Removed Attack","damage_taken":0,"max_hp_gain":0,"max_hp_loss":0,"event_name":"Falling","floor":44,"gold_loss":0},{"damage_healed":0,"gold_gain":0,"player_choice":"Ignored","damage_taken":0,"max_hp_gain":0,"max_hp_loss":0,"event_name":"Tomb of Lord Red Mask","floor":46,"gold_loss":0}],"is_beta":false,"boss_relics":[{"not_picked":["Velvet Choker","Fusion Hammer"],"picked":"Calling Bell"},{"not_picked":["Astrolabe","Coffee Dripper"],"picked":"Philosopher\u0027s Stone"}],"items_purged_floors":[19,21,37],"is_endless":false,"potions_floor_spawned":[4,7,8,11,14,16,18,24,27,28,29,29,31,33,35,36,38,39,41,42,45,47,48,55],"ascension_level":20}}