{"host":"0iuhrgzkozzv273x","time":1611206027,"event":{"mods":["2.2 Compatiblity","Astrologer","BaseMod","ChefMod","Colored Map","Curses Come First","Downfall","Hermit","Jorbs\u0027s Wanderer Trilogy","Key Reminder","Minty Spire (QoL Compilation)","Robot Space Explorer","Shade Mod","Spire Arcade","StSLib","The Construct","The Cursed","The Disciple","The Hayseed","The Runesmith","The Showman","TheFirefly","Unceasing Turn Reminder","Wandering Minibosses","thorton"],"gold_per_floor":[99,113,113,113,126,144,144,161,61,76,106,19,19,33,51,51,51,51],"floor_reached":16,"language":"ENG","playtime":1305,"items_purged":[],"score":129,"play_id":"633cad40-3534-4514-8631-5dee9b1d067a","local_time":"20210121001347","is_ascension_mode":false,"campfire_choices":[{"floor":1,"key":"RECALL"},{"data":"bronze:Goto","floor":9,"key":"SMITH"},{"data":"bronze:DelayedGuard","floor":13,"key":"SMITH"}],"circlet_count":0,"master_deck":["bronze:Strike+1","bronze:Strike","bronze:Strike","bronze:Strike","bronze:Defend","bronze:Defend","bronze:Defend","bronze:Defend","bronze:Replicate","bronze:Goto+1","bronze:ForceShield","bronze:ClassDefault","bronze:DelayedGuard+1","bronze:Flail+1","bronze:Assembly","bronze:ChosenStrike","bronze:CloningBeam"],"relics":["bronze:BronzeCore","keyreminder:keyreminder","Runesmith:AutoHammer","downfall:HeartBlessingRed","Whetstone"],"acts_visited":["Exordium"],"potions_floor_usage":[8,11,16,16],"damage_taken":[{"damage":1,"enemies":"Jaw Worm","floor":2,"turns":5},{"damage":0,"enemies":"Small Slimes","floor":5,"turns":4},{"damage":0,"enemies":"2 Louse","floor":6,"turns":3},{"damage":12,"enemies":"Blue Slaver","floor":8,"turns":4},{"damage":6,"enemies":"3 Louse","floor":10,"turns":2},{"damage":0,"enemies":"Gremlin Nob","floor":11,"turns":4},{"damage":0,"enemies":"downfall:FleeingMerchant","floor":12,"turns":4},{"damage":12,"enemies":"Exordium Wildlife","floor":14,"turns":5},{"damage":0,"enemies":"Large Slime","floor":15,"turns":4},{"damage":56,"enemies":"WA_ARCHETYPE_RETAIN","floor":16,"turns":9}],"seed_played":"-1057235281224298651","potions_obtained":[{"floor":2,"key":"Swift Potion"},{"floor":5,"key":"ColorlessPotion"},{"floor":6,"key":"PowerPotion"},{"floor":14,"key":"LiquidMemories"}],"is_trial":false,"path_per_floor":["R","M","?","?","M","M","T","M","R","M","E","$","R","M","M","B"],"character_chosen":"THE_AUTOMATON","items_purchased":["bronze:ChosenStrike"],"campfire_rested":0,"item_purchase_floors":[12],"current_hp_per_floor":[77,76,76,73,73,73,73,61,61,55,55,55,55,43,43,0,0,0],"gold":51,"neow_bonus":"TEN_PERCENT_HP_BONUS","is_daily":false,"chose_seed":false,"campfire_upgraded":2,"win_rate":0.0,"timestamp":1611206027,"path_taken":["R","M","?","?","M","M","T","M","R","M","E","?","R","?","M","BOSS"],"items_purchased_type":["Card"],"build_version":"2020-12-22","purchased_purges":0,"victory":false,"max_hp_per_floor":[77,77,77,77,77,77,77,77,77,77,77,77,77,77,77,77,77,77],"card_choices":[{"not_picked":["bronze:WildBeam","bronze:FineTuning"],"picked":"bronze:ForceShield","floor":2},{"not_picked":["bronze:BitShift","bronze:BugBarrage"],"picked":"bronze:ClassDefault","floor":5},{"not_picked":["bronze:Turbo","bronze:BitShift"],"picked":"bronze:DelayedGuard","floor":6},{"not_picked":["bronze:Branch","bronze:Iterate"],"picked":"bronze:Flail","floor":8},{"not_picked":["bronze:MaxOutput","bronze:Iterate","bronze:Overload"],"picked":"SKIP","floor":10},{"not_picked":["bronze:FollowUp","bronze:Safeguard","bronze:CutThrough"],"picked":"SKIP","floor":11},{"not_picked":["bronze:FollowUp","bronze:Safeguard","bronze:CutThrough"],"picked":"SKIP","floor":11},{"not_picked":["bronze:Overheat","bronze:Deprecate"],"picked":"bronze:Assembly","floor":12},{"not_picked":["bronze:FineTuning","bronze:NullPointer","bronze:Branch"],"picked":"SKIP","floor":14},{"not_picked":["bronze:FineTuning","bronze:Backtrace"],"picked":"bronze:CloningBeam","floor":15}],"player_experience":1493425,"relics_obtained":[{"floor":11,"key":"Whetstone"}],"event_choices":[{"damage_healed":0,"gold_gain":0,"player_choice":"Success","damage_taken":3,"relics_obtained":["Runesmith:AutoHammer"],"max_hp_gain":0,"max_hp_loss":0,"event_name":"Scrap Ooze","floor":4,"gold_loss":0}],"is_beta":false,"boss_relics":[],"items_purged_floors":[],"is_endless":false,"potions_floor_spawned":[2,5,6,14],"killed_by":"WA_ARCHETYPE_RETAIN","ascension_level":0}}