{"host":"3xls0xm49ftugio7","time":1611226170,"event":{"mods":["2.2 Compatiblity","AchievementEnabler","Act Like it!","BaseMod","Bestiary","Downfall","Minty Spire (QoL Compilation)","Quick Restart","StSLib"],"gold_per_floor":[99,116,116,291,311,331,331,331,172,22,7,27,60,72,82,183,183,183,202,44,56,74,174,174,192,192,209,224,237,237,257,273,273,273,273],"floor_reached":33,"language":"ENG","playtime":1883,"items_purged":["bronze:Strike","Doubt"],"score":378,"play_id":"005c7e45-3ca1-4bb9-84ae-f2c1ac4c9d82","local_time":"20210121124930","is_ascension_mode":false,"campfire_choices":[{"data":"bronze:Replicate","floor":1,"key":"SMITH"},{"data":"bronze:Flail","floor":8,"key":"SMITH"},{"data":"bronze:AlphaBuild","floor":18,"key":"SMITH"},{"data":"bronze:GetLatest","floor":26,"key":"SMITH"},{"data":"bronze:Repair","floor":30,"key":"SMITH"}],"circlet_count":0,"master_deck":["bronze:Strike","bronze:Strike","bronze:Defend","bronze:Defend","bronze:Defend","bronze:Defend","bronze:Replicate+1","bronze:Goto","bronze:Shield","bronze:Invalidate","bronze:CutThrough","bronze:Flail+1","bronze:Repulsor","bronze:WhirlingStrike","bronze:DelayedSlice","bronze:FineTuning","bronze:CloningBeam","bronze:Frontload","bronze:HardenedForm","bronze:ChosenStrike","bronze:AlphaBuild+1","bronze:Repair+1","bronze:Allocate","bronze:GetLatest+1","bronze:Virus","bronze:Optimize","bronze:ClassDefault","bronze:Fortify","bronze:DelayedSlice","bronze:CleanCode"],"relics":["bronze:BronzeCore","Mercury Hourglass","champ:DuelingGlove","Coffee Dripper","Medical Kit","Frozen Eye","downfall:GremlinWheel","Bottled Flame"],"acts_visited":["Exordium","TheCity"],"potions_floor_usage":[15],"damage_taken":[{"damage":0,"enemies":"Cultist","floor":2,"turns":4},{"damage":0,"enemies":"Jaw Worm","floor":5,"turns":3},{"damage":0,"enemies":"2 Louse","floor":6,"turns":2},{"damage":0,"enemies":"downfall:FleeingMerchant","floor":9,"turns":4},{"damage":0,"enemies":"downfall:FleeingMerchant","floor":11,"turns":4},{"damage":0,"enemies":"Lots of Slimes","floor":12,"turns":1},{"damage":5,"enemies":"Gremlin Nob","floor":13,"turns":3},{"damage":0,"enemies":"2 Fungi Beasts","floor":14,"turns":2},{"damage":0,"enemies":"Exordium Thugs","floor":15,"turns":2},{"damage":36,"enemies":"DF_ARCHETYPE_STREAMLINE","floor":16,"turns":8},{"damage":11,"enemies":"Shell Parasite","floor":19,"turns":6},{"damage":22,"enemies":"downfall:FleeingMerchant","floor":20,"turns":4},{"damage":5,"enemies":"Chosen","floor":21,"turns":4},{"damage":21,"enemies":"downfall:FleeingMerchant","floor":22,"turns":4},{"damage":3,"enemies":"downfall:FleeingMerchant","floor":23,"turns":3},{"damage":0,"enemies":"Snecko","floor":25,"turns":2},{"damage":0,"enemies":"Centurion and Healer","floor":27,"turns":5},{"damage":0,"enemies":"3 Cultists","floor":28,"turns":4},{"damage":22,"enemies":"Sentry and Sphere","floor":29,"turns":4},{"damage":3,"enemies":"Snecko","floor":31,"turns":4},{"damage":24,"enemies":"Shelled Parasite and Fungi","floor":32,"turns":4},{"damage":40,"enemies":"WA_ARCHETYPE_CALM","floor":33,"turns":8}],"seed_played":"5006712844419538526","potions_obtained":[{"floor":5,"key":"Guardian:BlockOnCardUsePotion"},{"floor":6,"key":"CultistPotion"},{"floor":13,"key":"Block Potion"},{"floor":21,"key":"LiquidBronze"}],"is_trial":false,"path_per_floor":["R","M","?","?","M","M","T","R","$","?","$","M","E","M","M","B",null,"R","M","$","M","$","?","T","M","R","M","M","M","R","M","M","B"],"character_chosen":"THE_AUTOMATON","items_purchased":["bronze:WhirlingStrike","bronze:DelayedSlice","Medical Kit","Frozen Eye","bronze:Optimize"],"campfire_rested":0,"item_purchase_floors":[9,9,20,22,22],"current_hp_per_floor":[77,77,77,77,77,77,77,77,77,87,87,87,82,82,82,46,87,87,76,61,63,49,46,46,46,46,53,53,45,45,42,28,0,0,0],"gold":273,"neow_bonus":"TEN_PERCENT_HP_BONUS","is_daily":false,"chose_seed":false,"campfire_upgraded":5,"win_rate":0.0,"timestamp":1611226170,"path_taken":["R","M","?","?","M","M","T","R","$","?","$","M","E","M","M","BOSS","R","M","$","M","?","?","T","M","R","?","M","M","R","M","M","BOSS"],"items_purchased_type":["Card","Card","Relic","Relic","Card"],"build_version":"2020-12-22","purchased_purges":2,"victory":false,"max_hp_per_floor":[77,77,77,77,77,77,77,77,77,87,87,87,87,87,87,87,87,87,87,87,87,87,87,87,87,87,87,87,87,87,87,87,87,87,87],"card_choices":[{"not_picked":["bronze:FineTuning","bronze:Turbo"],"picked":"bronze:Shield","floor":2},{"not_picked":["bronze:DelayedGuard","bronze:Return"],"picked":"bronze:CutThrough","floor":5},{"not_picked":["bronze:NullPointer","bronze:DelayedGuard"],"picked":"bronze:Flail","floor":6},{"not_picked":["bronze:Deprecate","bronze:Shell"],"picked":"bronze:Repulsor","floor":9},{"not_picked":["bronze:BugBarrage","bronze:DelayedGuard"],"picked":"bronze:FineTuning","floor":11},{"not_picked":["bronze:BronzeArmor","bronze:Branch"],"picked":"bronze:CloningBeam","floor":12},{"not_picked":["bronze:Deprecate","bronze:Branch"],"picked":"bronze:Frontload","floor":13},{"not_picked":["bronze:Iterate","bronze:Turbo"],"picked":"bronze:HardenedForm","floor":14},{"not_picked":["bronze:DelayedSlice","bronze:ChildClass"],"picked":"bronze:ChosenStrike","floor":15},{"not_picked":["bronze:ShipIt","bronze:HyperBeam"],"picked":"bronze:AlphaBuild","floor":16},{"not_picked":["bronze:WhirlingStrike","bronze:ItsAFeature"],"picked":"bronze:Repair","floor":19},{"not_picked":["bronze:ItsAFeature+1","bronze:DelayedSlice+1"],"picked":"bronze:Allocate","floor":20},{"not_picked":["bronze:OilSpill","bronze:Invalidate"],"picked":"bronze:GetLatest","floor":21},{"not_picked":["bronze:CutThrough","bronze:Philosophize+1"],"picked":"bronze:Virus","floor":22},{"not_picked":["bronze:Turbo","bronze:FineTuning+1","bronze:Shell"],"picked":"SKIP","floor":25},{"not_picked":["bronze:DelayedGuard","bronze:Overheat+1"],"picked":"bronze:ClassDefault","floor":27},{"not_picked":["bronze:BitShift","bronze:DelayedGuard"],"picked":"bronze:Fortify","floor":28},{"not_picked":["bronze:Repulsor","bronze:CutThrough"],"picked":"bronze:DelayedSlice","floor":29},{"not_picked":["bronze:Invalidate+1","bronze:Backtrace"],"picked":"bronze:CleanCode","floor":31},{"not_picked":["bronze:OilSpill","bronze:WhirlingStrike+1","bronze:WildBeam"],"picked":"SKIP","floor":32}],"player_experience":945115,"relics_obtained":[{"floor":7,"key":"Mercury Hourglass"},{"floor":13,"key":"champ:DuelingGlove"},{"floor":23,"key":"downfall:GremlinWheel"},{"floor":24,"key":"Bottled Flame"}],"event_choices":[],"is_beta":false,"boss_relics":[{"not_picked":["Runic Dome","Runic Pyramid"],"picked":"Coffee Dripper"}],"items_purged_floors":[9,22],"is_endless":false,"potions_floor_spawned":[5,6,13,14,21,27,29,31,32],"killed_by":"WA_ARCHETYPE_CALM","ascension_level":0}}