{"host":"cjhtzh7tp54jdfyv","time":1611272525,"event":{"mods":["AchievementEnabler","BaseMod","Colored Map","Colored Powertips","Curses Come First","DeckTracker","Filter the Spire","Minty Spire (QoL Compilation)","RNG Fix","Relic Sorter","Relic Stats","StSLib","UnlockEverythingMod","ojb\u0027s Better Paths Mod","ojb\u0027s Info Mod"],"gold_per_floor":[363,374,101,26,43,71,71,103,127,127,142,172,172,188,188,266,266,285,285,285,285,305,330,330,355,355,48,76,95,113,146,146,219,219,232,251,6,6,22,22,49,324,348,377,389,420,420,447,447,447,447,447,447,5,34,34],"floor_reached":57,"language":"ENG","playtime":5574,"items_purged":["Strike_G","Defend_G","Strike_G","Pain"],"score":3282,"play_id":"5f547128-4b32-445f-b91f-fac86aa5fcea","local_time":"20210121184205","is_ascension_mode":true,"campfire_choices":[{"data":"Predator","floor":7,"key":"SMITH"},{"floor":10,"key":"REST"},{"floor":13,"key":"DIG"},{"floor":15,"key":"DIG"},{"floor":24,"key":"DIG"},{"floor":32,"key":"DIG"},{"floor":40,"key":"DIG"},{"floor":49,"key":"RECALL"},{"floor":53,"key":"DIG"}],"circlet_count":0,"master_deck":["AscendersBane","Strike_G+1","Strike_G","Strike_G+1","Defend_G","Defend_G","Defend_G","Defend_G","Survivor","Neutralize","Backstab","Predator+1","Poisoned Stab","Calculated Gamble","Underhanded Strike","Acrobatics","Acrobatics","Eviscerate","Wraith Form v2","Calculated Gamble","Eviscerate","Tactician+1","Backflip","Terror","Tactician+1","Blur+1","Backflip","Footwork+1","Phantasmal Killer","Terror","Dagger Throw","Acrobatics","Deflect+1","Regret","Distraction+1","Well Laid Plans","Madness","Madness","Malaise"],"relics":["Ring of the Snake","Gremlin Horn","Smiling Mask","Calipers","Akabeko","Shovel","Pantograph","Whetstone","Fusion Hammer","MutagenicStrength","Lantern","Orichalcum","HornCleat","Centennial Puzzle","Bottled Lightning","DollysMirror","Bag of Marbles","Turnip","Bag of Preparation","Coffee Dripper","OrangePellets","WarpedTongs","Pen Nib","Shuriken","Blood Vial","Boot","Strawberry","StrikeDummy","Anchor","Bronze Scales","Snake Skull"],"acts_visited":["Exordium","TheCity","TheBeyond","TheEnding"],"potions_floor_usage":[6,8,16,33,50,56],"damage_taken":[{"damage":2,"enemies":"Small Slimes","floor":1,"turns":6},{"damage":0,"enemies":"Cultist","floor":2,"turns":4},{"damage":0,"enemies":"2 Louse","floor":5,"turns":2},{"damage":30,"enemies":"Gremlin Nob","floor":6,"turns":4},{"damage":14,"enemies":"3 Sentries","floor":8,"turns":10},{"damage":0,"enemies":"Looter","floor":11,"turns":1},{"damage":6,"enemies":"Gremlin Nob","floor":12,"turns":3},{"damage":0,"enemies":"Blue Slaver","floor":14,"turns":2},{"damage":39,"enemies":"The Guardian","floor":16,"turns":14},{"damage":0,"enemies":"Spheric Guardian","floor":18,"turns":3},{"damage":0,"enemies":"2 Thieves","floor":22,"turns":1},{"damage":5,"enemies":"Slavers","floor":23,"turns":4},{"damage":20,"enemies":"Book of Stabbing","floor":25,"turns":5},{"damage":0,"enemies":"Slavers","floor":28,"turns":6},{"damage":0,"enemies":"Centurion and Healer","floor":29,"turns":1},{"damage":0,"enemies":"Snake Plant","floor":30,"turns":1},{"damage":0,"enemies":"Book of Stabbing","floor":31,"turns":1},{"damage":26,"enemies":"Champ","floor":33,"turns":7},{"damage":0,"enemies":"3 Shapes","floor":35,"turns":1},{"damage":0,"enemies":"Orb Walker","floor":36,"turns":1},{"damage":5,"enemies":"Transient","floor":39,"turns":6},{"damage":1,"enemies":"Nemesis","floor":41,"turns":1},{"damage":5,"enemies":"Giant Head","floor":44,"turns":3},{"damage":0,"enemies":"Maw","floor":45,"turns":3},{"damage":0,"enemies":"Nemesis","floor":46,"turns":1},{"damage":0,"enemies":"Reptomancer","floor":48,"turns":1},{"damage":40,"enemies":"Time Eater","floor":50,"turns":7},{"damage":19,"enemies":"Donu and Deca","floor":51,"turns":10},{"damage":0,"enemies":"Shield and Spear","floor":55,"turns":2},{"damage":25,"enemies":"The Heart","floor":56,"turns":6}],"seed_played":"7936302164566469979","potions_obtained":[{"floor":1,"key":"DuplicationPotion"},{"floor":6,"key":"ColorlessPotion"},{"floor":11,"key":"SkillPotion"},{"floor":14,"key":"CunningPotion"},{"floor":25,"key":"BlessingOfTheForge"},{"floor":28,"key":"DuplicationPotion"},{"floor":39,"key":"FearPotion"},{"floor":48,"key":"LiquidMemories"}],"is_trial":false,"path_per_floor":["M","M","$","$","M","E","R","E","T","R","M","E","R","M","R","B",null,"M","?","?","?","M","E","R","E","T","$","E","M","M","E","R","B",null,"M","M","$","?","M","R","E","?","T","E","M","E","?","E","R","B","B",null,"R","$","E","B",null],"character_chosen":"THE_SILENT","items_purchased":["Gremlin Horn","Terror","DollysMirror","OrangePellets","Acrobatics","Anchor","Bronze Scales","Weak Potion"],"campfire_rested":1,"item_purchase_floors":[3,27,27,37,37,54,54,54],"current_hp_per_floor":[57,57,57,57,57,27,27,13,13,31,31,25,25,25,25,11,48,48,48,48,48,48,43,43,23,23,23,23,23,23,23,23,22,51,51,51,51,51,46,46,45,45,45,40,42,44,33,42,42,27,35,59,59,59,61,42],"gold":34,"neow_bonus":"TWO_FIFTY_GOLD","is_daily":false,"chose_seed":false,"campfire_upgraded":1,"win_rate":0.0,"timestamp":1611272525,"path_taken":["M","M","?","$","M","E","R","E","T","R","M","E","R","M","R","BOSS","M","?","?","?","M","E","R","E","T","$","E","M","?","E","R","BOSS","M","?","$","?","M","R","E","?","T","E","?","E","?","E","R","BOSS","BOSS","R","$","E","BOSS"],"items_purchased_type":["Relic","Card","Relic","Relic","Card","Relic","Relic","Potion"],"build_version":"2020-12-22","purchased_purges":4,"victory":true,"max_hp_per_floor":[60,60,60,60,60,60,60,60,60,60,60,60,60,60,60,60,60,60,60,60,60,60,60,60,60,60,60,60,60,60,60,60,60,60,60,60,60,60,60,60,60,60,60,60,60,60,60,67,67,67,67,67,67,67,67,67],"relic_stats":{"Gremlin Horn":[13,13],"counters":[30,117],"Pen Nib":[10],"Snake Skull":[1],"Bag of Preparation":[26],"Whetstone":["Strike_G","Strike_G"],"Orichalcum":[72],"Smiling Mask":225,"Boot":[0],"WarpedTongs":[40],"Blood Vial":14,"OrangePellets":[10],"Centennial Puzzle":[19],"Shovel":6,"Shuriken":[21],"Pantograph":102,"Bronze Scales":[103],"Turnip":[11],"obtain_stats":[{"Lantern":21,"Calipers":8,"Gremlin Horn":3,"Snake Skull":55,"Bag of Preparation":32,"Whetstone":15,"Smiling Mask":6,"Boot":46,"Blood Vial":44,"Centennial Puzzle":25,"Shovel":12,"HornCleat":24,"DollysMirror":27,"Pantograph":13,"Strawberry":48,"Fusion Hammer":17,"Ring of the Snake":0,"Pen Nib":40,"Orichalcum":23,"Akabeko":9,"WarpedTongs":38,"OrangePellets":37,"Anchor":54,"Shuriken":41,"MutagenicStrength":19,"Bronze Scales":54,"Turnip":31,"Bag of Marbles":28,"Coffee Dripper":34,"Bottled Lightning":26,"StrikeDummy":53},{"Lantern":10,"Calipers":5,"Gremlin Horn":2,"Snake Skull":29,"Bag of Preparation":17,"Whetstone":8,"Smiling Mask":4,"Boot":25,"Blood Vial":23,"Centennial Puzzle":13,"Shovel":7,"HornCleat":12,"DollysMirror":13,"Pantograph":7,"Strawberry":26,"Fusion Hammer":9,"Ring of the Snake":0,"Pen Nib":21,"Orichalcum":12,"Akabeko":5,"WarpedTongs":20,"OrangePellets":20,"Anchor":28,"Shuriken":22,"MutagenicStrength":10,"Bronze Scales":28,"Turnip":17,"Bag of Marbles":14,"Coffee Dripper":18,"Bottled Lightning":13,"StrikeDummy":28},{"Lantern":49,"Calipers":26,"Gremlin Horn":10,"Snake Skull":111,"Bag of Preparation":68,"Whetstone":32,"Smiling Mask":16,"Boot":91,"Blood Vial":87,"Centennial Puzzle":59,"Shovel":30,"HornCleat":54,"DollysMirror":59,"Pantograph":30,"Strawberry":92,"Fusion Hammer":46,"Ring of the Snake":0,"Pen Nib":83,"Orichalcum":54,"Akabeko":26,"WarpedTongs":77,"OrangePellets":77,"Anchor":109,"Shuriken":84,"MutagenicStrength":49,"Bronze Scales":109,"Turnip":68,"Bag of Marbles":65,"Coffee Dripper":75,"Bottled Lightning":59,"StrikeDummy":109}],"Ring of the Snake":[60]},"card_choices":[{"not_picked":["Crippling Poison","Dagger Spray"],"picked":"Backstab","floor":1},{"not_picked":["Expertise","Endless Agony"],"picked":"Predator","floor":2},{"not_picked":["Cloak And Dagger","Dodge and Roll"],"picked":"Poisoned Stab","floor":5},{"not_picked":["Poisoned Stab","Deadly Poison"],"picked":"Calculated Gamble","floor":6},{"not_picked":["Burst","Infinite Blades"],"picked":"Underhanded Strike","floor":8},{"not_picked":["Reflex","Quick Slash"],"picked":"Acrobatics","floor":11},{"not_picked":["Cloak And Dagger","Blur"],"picked":"Acrobatics","floor":12},{"not_picked":["Endless Agony","Dagger Throw"],"picked":"Eviscerate","floor":14},{"not_picked":["Storm of Steel","Bullet Time"],"picked":"Wraith Form v2","floor":16},{"not_picked":["Caltrops","Outmaneuver"],"picked":"Calculated Gamble","floor":18},{"not_picked":["Outmaneuver","Flying Knee","Deadly Poison"],"picked":"SKIP","floor":22},{"not_picked":["Leg Sweep","Sucker Punch"],"picked":"Tactician+1","floor":23},{"not_picked":["Blur","Blade Dance"],"picked":"Backflip","floor":25},{"not_picked":["Concentrate","Slice","Flying Knee"],"picked":"SKIP","floor":28},{"not_picked":["Burst","Caltrops+1"],"picked":"Blur+1","floor":29},{"not_picked":["Escape Plan","Choke"],"picked":"Backflip","floor":30},{"not_picked":["Slice","Underhanded Strike"],"picked":"Footwork+1","floor":31},{"not_picked":["Die Die Die","Storm of Steel"],"picked":"Phantasmal Killer","floor":33},{"not_picked":["Setup","Escape Plan"],"picked":"Terror","floor":35},{"not_picked":["Outmaneuver","Deadly Poison"],"picked":"Dagger Throw","floor":36},{"not_picked":["Expertise","Riddle With Holes+1","Dagger Throw"],"picked":"SKIP","floor":39},{"not_picked":["Prepared","PiercingWail"],"picked":"Deflect+1","floor":41},{"not_picked":["Expertise","Deflect","Choke+1"],"picked":"SKIP","floor":44},{"not_picked":["Deadly Poison","Sucker Punch+1"],"picked":"Distraction+1","floor":45},{"not_picked":["Poisoned Stab","Outmaneuver"],"picked":"Well Laid Plans","floor":46},{"not_picked":["Bane+1","Choke+1","Poisoned Stab"],"picked":"SKIP","floor":48},{"not_picked":["Blur","Venomology"],"picked":"Malaise","floor":55}],"player_experience":4490628,"relics_obtained":[{"floor":6,"key":"Smiling Mask"},{"floor":8,"key":"Calipers"},{"floor":9,"key":"Akabeko"},{"floor":12,"key":"Shovel"},{"floor":13,"key":"Pantograph"},{"floor":15,"key":"Whetstone"},{"floor":23,"key":"Orichalcum"},{"floor":24,"key":"HornCleat"},{"floor":25,"key":"Centennial Puzzle"},{"floor":26,"key":"Bottled Lightning"},{"floor":28,"key":"Bag of Marbles"},{"floor":31,"key":"Turnip"},{"floor":32,"key":"Bag of Preparation"},{"floor":40,"key":"Pen Nib"},{"floor":41,"key":"Shuriken"},{"floor":44,"key":"Blood Vial"},{"floor":46,"key":"Boot"},{"floor":48,"key":"Strawberry"},{"floor":53,"key":"StrikeDummy"},{"floor":55,"key":"Snake Skull"}],"event_choices":[{"damage_healed":0,"gold_gain":0,"player_choice":"Inject Mutagens","damage_taken":0,"relics_obtained":["MutagenicStrength"],"max_hp_gain":0,"max_hp_loss":0,"event_name":"Drug Dealer","floor":19,"gold_loss":0},{"damage_healed":0,"gold_gain":0,"player_choice":"Read","damage_taken":0,"max_hp_gain":0,"max_hp_loss":0,"event_name":"The Library","floor":20,"gold_loss":0,"cards_obtained":["Eviscerate"]},{"damage_healed":0,"gold_gain":0,"player_choice":"Gave Potion","damage_taken":0,"relics_obtained":["Lantern"],"max_hp_gain":0,"max_hp_loss":0,"event_name":"WeMeetAgain","floor":21,"gold_loss":0},{"damage_healed":0,"gold_gain":0,"player_choice":"Rummage","damage_taken":0,"relics_obtained":["WarpedTongs"],"max_hp_gain":0,"max_hp_loss":0,"event_name":"Accursed Blacksmith","floor":38,"gold_loss":0,"cards_obtained":["Pain"]},{"damage_healed":0,"gold_gain":275,"player_choice":"Desecrate","damage_taken":0,"max_hp_gain":0,"max_hp_loss":0,"event_name":"Golden Shrine","floor":42,"gold_loss":0,"cards_obtained":["Regret"]},{"damage_healed":0,"gold_gain":0,"player_choice":"Embrace Madness","damage_taken":11,"max_hp_gain":0,"max_hp_loss":0,"event_name":"Winding Halls","floor":47,"gold_loss":0,"cards_obtained":["Madness","Madness"]}],"is_beta":false,"boss_relics":[{"not_picked":["Calling Bell","Runic Dome"],"picked":"Fusion Hammer"},{"not_picked":["Ring of the Serpent","Black Star"],"picked":"Coffee Dripper"}],"items_purged_floors":[4,27,37,54],"is_endless":false,"potions_floor_spawned":[1,6,11,14,25,28,29,31,39,41,48],"ascension_level":20}}