{"host":"mai03x2ekbjy4059","time":1611200266,"event":{"mods":["2.2 Compatiblity","BaseMod","Colored Map","DeckTracker","Keyboard Shortcuts","Minty Spire (QoL Compilation)","Permanent Neow","Quick Restart","SuperFastMode","everything is the same but u backflip on backflip"],"gold_per_floor":[111,128,139,189,189,221,146,180,180,180,195,145,178,194,194,293,293,305,316,231,81,95,123,123,158,185,216,141,141,158,184,184,286,286,305,305,305,322,372,406,437,455,455,481,133,0,28,41,41,41,41,41,41,67,67],"floor_reached":56,"language":"KOR","playtime":1793,"items_purged":["Strike_G","Strike_G"],"score":1618,"play_id":"731a8304-e2f7-4d68-b433-138dee1da23a","local_time":"20210121123746","is_ascension_mode":true,"campfire_choices":[{"data":"Blade Dance","floor":15.0,"key":"SMITH"},{"data":"Envenom","floor":24.0,"key":"SMITH"},{"data":"1","floor":32.0,"key":"LIFT"},{"floor":49,"key":"RECALL"},{"data":"2","floor":52,"key":"LIFT"}],"circlet_count":0,"master_deck":["Defend_G+1","Defend_G","Defend_G+1","Defend_G","Survivor","Neutralize","Envenom+1","Blade Dance","Blade Dance+1","Footwork+1","Backflip+1","Cloak And Dagger","Cloak And Dagger","Backflip+1","Deflect+1","Footwork+1","Blade Dance+1","Terror+1","Accuracy+1","Backflip+1"],"relics":["Ring of the Snake","Juzu Bracelet","Meat on the Bone","Orichalcum","Bottled Tornado","Strawberry","Lantern","Philosopher\u0027s Stone","Girya","PreservedInsect","Gremlin Horn","Question Card","Bag of Preparation","TungstenRod","Prayer Wheel","Black Star","Vajra","FossilizedHelix","CeramicFish","Happy Flower","Smiling Mask","Oddly Smooth Stone","Bronze Scales","ClockworkSouvenir","Red Mask","Ginger","War Paint","Blood Vial","Mummified Hand"],"acts_visited":["Exordium","TheCity","TheBeyond","TheEnding"],"potions_floor_usage":[33,55,55,55],"damage_taken":[{"damage":4.0,"enemies":"Cultist","floor":1.0,"turns":5.0},{"damage":2.0,"enemies":"Small Slimes","floor":2.0,"turns":5.0},{"damage":1.0,"enemies":"2 Louse","floor":3.0,"turns":4.0},{"damage":32.0,"enemies":"Lagavulin","floor":6.0,"turns":9.0},{"damage":15.0,"enemies":"Gremlin Nob","floor":8.0,"turns":5.0},{"damage":6.0,"enemies":"Blue Slaver","floor":11.0,"turns":5.0},{"damage":17.0,"enemies":"Lagavulin","floor":13.0,"turns":5.0},{"damage":0.0,"enemies":"3 Louse","floor":14.0,"turns":3.0},{"damage":12.0,"enemies":"Hexaghost","floor":16.0,"turns":7.0},{"damage":5.0,"enemies":"Shell Parasite","floor":18.0,"turns":5.0},{"damage":18.0,"enemies":"Spheric Guardian","floor":19.0,"turns":4.0},{"damage":13.0,"enemies":"Chosen and Byrds","floor":22.0,"turns":6.0},{"damage":0.0,"enemies":"Book of Stabbing","floor":23.0,"turns":4.0},{"damage":14.0,"enemies":"Gremlin Leader","floor":25.0,"turns":5.0},{"damage":1.0,"enemies":"Book of Stabbing","floor":27.0,"turns":4.0},{"damage":4.0,"enemies":"Shelled Parasite and Fungi","floor":30.0,"turns":6.0},{"damage":0.0,"enemies":"Slavers","floor":31.0,"turns":4.0},{"damage":25,"enemies":"Automaton","floor":33,"turns":8},{"damage":1,"enemies":"3 Shapes","floor":35,"turns":6},{"damage":3,"enemies":"3 Darklings","floor":38,"turns":6},{"damage":0,"enemies":"Mind Bloom Boss Battle","floor":39,"turns":6},{"damage":0,"enemies":"Reptomancer","floor":40,"turns":4},{"damage":0,"enemies":"Sphere and 2 Shapes","floor":41,"turns":4},{"damage":0,"enemies":"Maw","floor":42,"turns":5},{"damage":0,"enemies":"Giant Head","floor":44,"turns":3},{"damage":0,"enemies":"Reptomancer","floor":47,"turns":2},{"damage":0,"enemies":"3 Darklings","floor":48,"turns":3},{"damage":0,"enemies":"Awakened One","floor":50,"turns":9},{"damage":0,"enemies":"Shield and Spear","floor":54,"turns":5},{"damage":12,"enemies":"The Heart","floor":55,"turns":6}],"seed_played":"5879733341070566344","potions_obtained":[{"floor":3.0,"key":"Swift Potion"},{"floor":6.0,"key":"EssenceOfSteel"},{"floor":11.0,"key":"Energy Potion"},{"floor":16.0,"key":"PowerPotion"},{"floor":22.0,"key":"Weak Potion"},{"floor":23.0,"key":"Fire Potion"},{"floor":30.0,"key":"Energy Potion"},{"floor":33,"key":"LiquidMemories"},{"floor":35,"key":"Explosive Potion"},{"floor":40,"key":"DistilledChaos"},{"floor":41,"key":"BlessingOfTheForge"}],"is_trial":false,"path_per_floor":["M","M","M","T","?","E","$","E","T","?","M","?","E","M","R","B",null,"M","M","?","$","M","E","R","E","T","E","?","?","M","E","R","B",null,"M","?","?","M","?","E","M","M","T","E","$","?","E","M","R","B",null,"R","$","E","B",null],"character_chosen":"THE_SILENT","items_purchased":["PreservedInsect","Bronze Scales","ClockworkSouvenir"],"campfire_rested":0,"item_purchase_floors":[21,45,45],"current_hp_per_floor":[59,57,56,56,56,24,24,21,21,25,31,31,26,38,38,38,70,65,47,47,47,46,46,46,44,44,43,43,31,39,39,39,26,75,74,74,74,71,71,71,71,71,71,71,71,71,71,71,71,71,75,75,75,75,63],"gold":67,"neow_bonus":"THREE_RARE_CARDS","is_daily":false,"chose_seed":false,"campfire_upgraded":2,"win_rate":0.0,"timestamp":1611200266,"path_taken":["M","M","M","?","?","E","?","E","T","?","M","?","E","M","R","BOSS","M","M","?","$","M","E","R","E","T","E","?","?","M","E","R","BOSS","M","?","?","M","?","E","M","M","T","E","$","?","E","M","R","BOSS","R","$","E","BOSS"],"items_purchased_type":["Relic","Relic","Relic"],"build_version":"2020-12-22","purchased_purges":2,"victory":true,"max_hp_per_floor":[63,63,63,63,63,63,63,63,63,70,70,70,70,70,70,70,70,70,70,70,70,70,70,70,70,70,70,70,75,75,75,75,75,75,75,75,75,75,75,75,75,75,75,75,75,75,75,75,75,75,75,75,75,75,75],"card_choices":[{"not_picked":["Storm of Steel","Adrenaline"],"picked":"Envenom","floor":0.0},{"not_picked":["Dodge and Roll","Tactician","All Out Attack"],"picked":"SKIP","floor":1.0},{"not_picked":["Outmaneuver","Bane","Backflip"],"picked":"SKIP","floor":2.0},{"not_picked":["Dagger Throw","Dagger Spray","Flying Knee"],"picked":"SKIP","floor":3.0},{"not_picked":["Bane","Backflip"],"picked":"Blade Dance","floor":6.0},{"not_picked":["Underhanded Strike","Heel Hook","Bouncing Flask"],"picked":"SKIP","floor":8.0},{"not_picked":["Envenom","Slice"],"picked":"Blade Dance","floor":11.0},{"not_picked":["Dagger Throw","Acrobatics","Night Terror"],"picked":"SKIP","floor":13.0},{"not_picked":["Bane","Heel Hook","Deadly Poison"],"picked":"SKIP","floor":14.0},{"not_picked":["Choke","Dash","Poisoned Stab"],"picked":"SKIP","floor":18.0},{"not_picked":["Slice","Catalyst+1"],"picked":"Footwork+1","floor":19.0},{"not_picked":["Poisoned Stab","Terror"],"picked":"Backflip+1","floor":22.0},{"not_picked":["Sucker Punch","Distraction"],"picked":"Cloak And Dagger","floor":23.0},{"not_picked":["Glass Knife","Dagger Spray"],"picked":"Cloak And Dagger","floor":25.0},{"not_picked":["Dagger Spray","Riddle With Holes+1","Endless Agony","Masterful Stab"],"picked":"SKIP","floor":27.0},{"not_picked":["Catalyst","Sucker Punch","Dagger Throw"],"picked":"Backflip+1","floor":30.0},{"not_picked":["Slice","Blade Dance","Dagger Spray+1","Bane"],"picked":"SKIP","floor":31.0},{"not_picked":["Sucker Punch","Calculated Gamble","Prepared+1"],"picked":"Deflect+1","floor":35},{"not_picked":["Dagger Spray+1","Eviscerate+1","All Out Attack+1","Expertise+1"],"picked":"SKIP","floor":35},{"not_picked":["Dagger Throw+1","Acrobatics","Deflect"],"picked":"Footwork+1","floor":38},{"not_picked":["Quick Slash","Caltrops","Venomology"],"picked":"Blade Dance+1","floor":38},{"not_picked":["Corpse Explosion","Dagger Spray+1","Backflip"],"picked":"Terror+1","floor":40},{"not_picked":["Deflect","Dodge and Roll+1","Finisher+1"],"picked":"Accuracy+1","floor":41},{"not_picked":["Noxious Fumes","Blade Dance","Doppelganger"],"picked":"Backflip+1","floor":41},{"not_picked":["Bane","Terror","Deflect","Underhanded Strike"],"picked":"SKIP","floor":42},{"not_picked":["Reflex+1","Bane+1","Catalyst+1","Dagger Throw"],"picked":"SKIP","floor":42},{"not_picked":["Leg Sweep+1","Prepared+1","Expertise+1","Catalyst"],"picked":"SKIP","floor":44},{"not_picked":["Storm of Steel","PiercingWail","Concentrate","Poisoned Stab"],"picked":"SKIP","floor":47},{"not_picked":["Quick Slash+1","PiercingWail+1","Outmaneuver+1","Poisoned Stab+1"],"picked":"SKIP","floor":48},{"not_picked":["Poisoned Stab","Riddle With Holes+1","Flechettes","Backflip+1"],"picked":"SKIP","floor":48},{"not_picked":["Bane","Skewer+1","Venomology","Sucker Punch+1"],"picked":"SKIP","floor":54}],"player_experience":1121253,"relics_obtained":[{"floor":4.0,"key":"Juzu Bracelet"},{"floor":6.0,"key":"Meat on the Bone"},{"floor":8.0,"key":"Orichalcum"},{"floor":9.0,"key":"Bottled Tornado"},{"floor":13.0,"key":"Lantern"},{"floor":23.0,"key":"Gremlin Horn"},{"floor":25.0,"key":"Question Card"},{"floor":26.0,"key":"Bag of Preparation"},{"floor":27.0,"key":"TungstenRod"},{"floor":31.0,"key":"Prayer Wheel"},{"floor":39,"key":"FossilizedHelix"},{"floor":40,"key":"CeramicFish"},{"floor":40,"key":"Happy Flower"},{"floor":44,"key":"Smiling Mask"},{"floor":44,"key":"Oddly Smooth Stone"},{"floor":47,"key":"Ginger"},{"floor":47,"key":"War Paint"},{"floor":54,"key":"Blood Vial"},{"floor":54,"key":"Mummified Hand"}],"event_choices":[{"cards_removed":["Defend_G"],"damage_healed":0.0,"max_hp_gain":0.0,"max_hp_loss":0.0,"gold_gain":0.0,"event_name":"Purifier","player_choice":"Purged","floor":5.0,"gold_loss":0.0,"damage_taken":0.0},{"damage_healed":0.0,"max_hp_gain":0.0,"max_hp_loss":0.0,"gold_gain":0.0,"event_name":"Scrap Ooze","player_choice":"Success","floor":10.0,"gold_loss":0.0,"damage_taken":3.0,"relics_obtained":["Strawberry"]},{"cards_removed":["Strike_G"],"damage_healed":0.0,"max_hp_gain":0.0,"max_hp_loss":0.0,"gold_gain":0.0,"event_name":"The Cleric","player_choice":"Card Removal","floor":12.0,"gold_loss":50.0,"damage_taken":0.0},{"damage_healed":0.0,"max_hp_gain":0.0,"max_hp_loss":0.0,"gold_gain":0.0,"event_name":"Addict","player_choice":"Obtained Relic","floor":20.0,"gold_loss":85.0,"damage_taken":0.0,"relics_obtained":["Girya"]},{"cards_removed":["Strike_G"],"damage_healed":0.0,"max_hp_gain":0.0,"max_hp_loss":0.0,"gold_gain":0.0,"event_name":"Beggar","player_choice":"Gave Gold","floor":28.0,"gold_loss":75.0,"damage_taken":0.0},{"damage_healed":0.0,"max_hp_gain":5.0,"max_hp_loss":0.0,"gold_gain":0.0,"event_name":"Forgotten Altar","player_choice":"Shed Blood","floor":29.0,"gold_loss":0.0,"damage_taken":18.0},{"damage_healed":0,"gold_gain":0,"player_choice":"Gave Potion","damage_taken":0,"relics_obtained":["Vajra"],"max_hp_gain":0,"max_hp_loss":0,"event_name":"WeMeetAgain","floor":36,"gold_loss":0},{"cards_removed":["Strike_G"],"damage_healed":0,"gold_gain":0,"player_choice":"Removed Attack","damage_taken":0,"max_hp_gain":0,"max_hp_loss":0,"event_name":"Falling","floor":37,"gold_loss":0},{"damage_healed":0,"gold_gain":0,"player_choice":"Fight","damage_taken":0,"max_hp_gain":0,"max_hp_loss":0,"event_name":"MindBloom","floor":39,"gold_loss":0},{"damage_healed":0,"gold_gain":0,"player_choice":"Paid","damage_taken":0,"relics_obtained":["Red Mask"],"max_hp_gain":0,"max_hp_loss":0,"event_name":"Tomb of Lord Red Mask","floor":46,"gold_loss":133}],"is_beta":false,"boss_relics":[{"not_picked":["Fusion Hammer","Snecko Eye"],"picked":"Philosopher\u0027s Stone"},{"not_picked":["Busted Crown","SlaversCollar"],"picked":"Black Star"}],"items_purged_floors":[7,45],"is_endless":false,"potions_floor_spawned":[3,6,11,16,22,23,30,33,35,40,41,48,54],"ascension_level":1}}