{"host":"vumwfieg2b2mnrfl","time":1611190923,"event":{"mods":["AchievementEnabler","BaseMod","Minty Spire (QoL Compilation)","Rare Cards Sparkle","Relic Stats"],"gold_per_floor":[109,109,109,129,41,72,91,91,115,115,151,151,186,211,211,211,211],"floor_reached":16,"language":"ENG","playtime":347,"items_purged":[],"score":304,"play_id":"9ed87a05-bc1d-4580-8478-7c688c57da33","local_time":"20210120190203","is_ascension_mode":true,"campfire_choices":[{"floor":10,"key":"REST"},{"data":"Glass Knife","floor":12,"key":"SMITH"},{"floor":15,"key":"REST"}],"circlet_count":0,"master_deck":["AscendersBane","Strike_G","Strike_G","Strike_G","Strike_G","Strike_G","Defend_G","Defend_G","Defend_G","Defend_G","Defend_G","Survivor","Neutralize","Injury","Glass Knife+1","Dagger Spray","Quick Slash","Deadly Poison","Catalyst"],"relics":["Ring of the Snake","NeowsBlessing","Golden Idol","Strawberry","Frozen Egg 2","Regal Pillow","Lantern","Mango"],"acts_visited":["Exordium"],"potions_floor_usage":[7,11,16],"damage_taken":[{"damage":0,"enemies":"Small Slimes","floor":1,"turns":1},{"damage":0,"enemies":"2 Louse","floor":4,"turns":1},{"damage":0,"enemies":"Lagavulin","floor":6,"turns":1},{"damage":2,"enemies":"Jaw Worm","floor":7,"turns":3},{"damage":26,"enemies":"Gremlin Nob","floor":11,"turns":4},{"damage":31,"enemies":"Lagavulin","floor":13,"turns":7},{"damage":0,"enemies":"Looter","floor":14,"turns":2},{"damage":75,"enemies":"Hexaghost","floor":16,"turns":11}],"seed_played":"8885451491094104354","potions_obtained":[{"floor":4,"key":"CunningPotion"},{"floor":6,"key":"DuplicationPotion"},{"floor":11,"key":"Strength Potion"}],"is_trial":false,"path_per_floor":["M","?","?","M","$","E","M","$","T","R","E","R","E","M","R","B"],"character_chosen":"THE_SILENT","items_purchased":["Glass Knife"],"campfire_rested":2,"item_purchase_floors":[5],"current_hp_per_floor":[59,59,40,40,40,40,38,38,38,73,47,47,30,30,71,0,0],"gold":211,"neow_bonus":"THREE_ENEMY_KILL","is_daily":false,"chose_seed":false,"campfire_upgraded":1,"win_rate":0.0,"timestamp":1611190923,"path_taken":["M","?","?","M","$","E","M","$","T","R","E","R","E","M","R","BOSS"],"items_purchased_type":["Card"],"build_version":"2020-12-22","purchased_purges":0,"victory":false,"max_hp_per_floor":[66,66,73,73,73,73,73,73,73,73,73,73,87,87,87,87,87],"relic_stats":{"Regal Pillow":29,"counters":[8,30],"Golden Idol":33,"obtain_stats":[{"Regal Pillow":9,"Lantern":11,"NeowsBlessing":0,"Golden Idol":2,"Strawberry":3,"Mango":13,"Frozen Egg 2":6,"Ring of the Snake":0},{"Regal Pillow":4,"Lantern":5,"NeowsBlessing":0,"Golden Idol":1,"Strawberry":1,"Mango":6,"Frozen Egg 2":3,"Ring of the Snake":0},{"Regal Pillow":6,"Lantern":10,"NeowsBlessing":0,"Golden Idol":1,"Strawberry":1,"Mango":17,"Frozen Egg 2":3,"Ring of the Snake":0}],"Ring of the Snake":[16]},"card_choices":[{"not_picked":["Outmaneuver","Bane","Concentrate"],"picked":"SKIP","floor":1},{"not_picked":["Dodge and Roll","Accuracy","Bane"],"picked":"SKIP","floor":4},{"not_picked":["Setup","Blade Dance"],"picked":"Dagger Spray","floor":6},{"not_picked":["Concentrate","Eviscerate"],"picked":"Quick Slash","floor":7},{"not_picked":["Acrobatics","Expertise"],"picked":"Deadly Poison","floor":11},{"not_picked":["Quick Slash","Sucker Punch","Endless Agony"],"picked":"SKIP","floor":13},{"not_picked":["Poisoned Stab","Setup"],"picked":"Catalyst","floor":14}],"player_experience":446455,"relics_obtained":[{"floor":6,"key":"Frozen Egg 2"},{"floor":9,"key":"Regal Pillow"},{"floor":11,"key":"Lantern"},{"floor":13,"key":"Mango"}],"event_choices":[{"damage_healed":0,"gold_gain":0,"player_choice":"Take Wound","damage_taken":0,"relics_obtained":["Golden Idol"],"max_hp_gain":0,"max_hp_loss":0,"event_name":"Golden Idol","floor":2,"gold_loss":0,"cards_obtained":["Injury"]},{"damage_healed":0,"gold_gain":0,"player_choice":"Success","damage_taken":26,"relics_obtained":["Strawberry"],"max_hp_gain":0,"max_hp_loss":0,"event_name":"Scrap Ooze","floor":3,"gold_loss":0}],"is_beta":false,"boss_relics":[],"items_purged_floors":[],"is_endless":false,"potions_floor_spawned":[4,6,11],"killed_by":"Hexaghost","ascension_level":19}}