{"host":"9jkzatiwan7o33sr","time":1611264737,"event":{"mods":["A Magickal Journey","AchievementEnabler","Act Like it!","Aspiration","BaseMod","Colored Map","Colored Powertips","Conspire","Downfall","Duelist Mod","GifTheSpireLib","Hallownest","Hermit","Hubris","Infinite Spire","Marisa????????","Mimic Mod","Minty Spire (QoL Compilation)","StSLib","Stuff the Spire","Td1madao Mod","The Animator","The Bug Knight","The Construct","The Cursed","The Disciple","The Elementalist","The Factory","The Hierophant","The Jungle","The Mystic","The Necromancer","The Poker Player","The Runesmith","The Servant 0.9.4","The Witch","[IsaacMod]????"],"gold_per_floor":[110,35,55,75,93,93,93,119,142,142,167,167,182,200,200,295,295,305,320,335,335,335],"floor_reached":21,"language":"ENG","playtime":2219,"items_purged":[],"score":222,"play_id":"8fd123f9-905e-4167-bed5-1de15a470c0f","local_time":"20210121223217","is_ascension_mode":true,"campfire_choices":[{"data":"Defragment","floor":6,"key":"SMITH"},{"floor":10,"key":"REST"},{"data":"Machine Learning","floor":10,"key":"SMITH"},{"floor":12,"key":"REST"},{"data":"Redo","floor":12,"key":"SMITH"},{"floor":15,"key":"REST"},{"data":"Defragment","floor":15,"key":"SMITH"}],"circlet_count":0,"master_deck":["Strike_B","Strike_B","Strike_B","Strike_B","Defend_B","Defend_B","Defend_B","Defend_B","Zap","Dualcast","Leap","Defragment+1","Streamline","Conserve Battery+1","Cold Snap","Machine Learning+1","Gash","Streamline","Redo+1","Streamline","Sweeping Beam","Defragment+1","ElectricPowerLearning","Hologram","Genetic Algorithm","StuffTheSpire:Synthwave"],"relics":["Cracked Core","HushsDoor","TheBean","infinitespire:Magic Flask","Dream Catcher","Runesmith:AutoHammer","hubris:ScarierMask"],"acts_visited":["Exordium","TheCity"],"potions_floor_usage":[],"damage_taken":[{"damage":0,"enemies":"conspire:RoseBush","floor":1,"turns":3},{"damage":0,"enemies":"Cultist","floor":3,"turns":4},{"damage":0,"enemies":"Small Slimes","floor":4,"turns":3},{"damage":16,"enemies":"Exordium Thugs","floor":5,"turns":5},{"damage":13,"enemies":"HollowMod:MossKnight","floor":8,"turns":11},{"damage":6,"enemies":"3 Sentries","floor":11,"turns":7},{"damage":9,"enemies":"Red Slaver","floor":13,"turns":3},{"damage":4,"enemies":"Looter","floor":14,"turns":4},{"damage":14,"enemies":"Slime Boss","floor":16,"turns":9},{"damage":3,"enemies":"Chosen","floor":18,"turns":4},{"damage":12,"enemies":"2 Thieves","floor":19,"turns":3},{"damage":45,"enemies":"Snake Plant","floor":20,"turns":5},{"damage":22,"enemies":"Centurion and Healer","floor":21,"turns":3}],"seed_played":"1896513228935565816","potions_obtained":[{"floor":1,"key":"Energy Potion"},{"floor":13,"key":"AttackPotion"},{"floor":14,"key":"BlessingOfTheForge"},{"floor":16,"key":"PotionOfCapacity"}],"is_trial":false,"path_per_floor":["M","$","M","M","M","R","?","E","T","R","E","R","M","M","R","B",null,"M","M","M","M"],"character_chosen":"DEFECT","items_purchased":["Defragment"],"campfire_rested":3,"item_purchase_floors":[2],"current_hp_per_floor":[82,82,82,82,66,66,66,53,53,77,71,82,73,69,82,68,82,79,67,22,0,0],"gold":335,"neow_bonus":"TEN_PERCENT_HP_BONUS","is_daily":false,"chose_seed":false,"campfire_upgraded":4,"win_rate":0.0,"timestamp":1611264737,"path_taken":["M","$","M","M","M","R","?","E","T","R","E","R","M","M","R","BOSS","M","M","M","?"],"items_purchased_type":["Card"],"build_version":"2020-12-22","purchased_purges":0,"victory":false,"max_hp_per_floor":[82,82,82,82,82,82,82,82,82,82,82,82,82,82,82,82,82,82,82,82,82,82],"card_choices":[{"not_picked":["hubris:PowerSurge","Stack"],"picked":"Leap","floor":1},{"not_picked":["StuffTheSpire:CleanHardDrive","Barrage"],"picked":"Streamline","floor":3},{"not_picked":["Cold Snap","Steam"],"picked":"Conserve Battery","floor":4},{"not_picked":["Barrage","Rebound"],"picked":"Cold Snap","floor":5},{"not_picked":["Capacitor","Stack"],"picked":"Machine Learning","floor":8},{"not_picked":["Fan","Rebound"],"picked":"Gash","floor":10},{"not_picked":["Hologram","Meteor Strike"],"picked":"Streamline","floor":11},{"not_picked":["Bomb","Compile Driver"],"picked":"Redo","floor":12},{"not_picked":["Coolheaded","Steam Power"],"picked":"Streamline","floor":13},{"not_picked":["Redo","Steam"],"picked":"Sweeping Beam","floor":14},{"not_picked":["BootSequence","Sweeping Beam"],"picked":"Defragment","floor":15},{"not_picked":["Meteor Strike","StuffTheSpire:EventHorizon"],"picked":"ElectricPowerLearning","floor":16},{"not_picked":["Fan","Steam"],"picked":"Hologram","floor":18},{"not_picked":["Coolheaded","Hologram"],"picked":"Genetic Algorithm","floor":19},{"not_picked":["StuffTheSpire:CleanHardDrive+1","Blizzard+1"],"picked":"StuffTheSpire:Synthwave","floor":20}],"player_experience":596696,"relics_obtained":[{"floor":8,"key":"infinitespire:Magic Flask"},{"floor":9,"key":"Dream Catcher"},{"floor":11,"key":"Runesmith:AutoHammer"}],"event_choices":[{"damage_healed":0,"gold_gain":0,"player_choice":"Forge","damage_taken":0,"max_hp_gain":0,"max_hp_loss":0,"event_name":"Accursed Blacksmith","floor":7,"gold_loss":0,"cards_upgraded":["Conserve Battery"]}],"is_beta":false,"boss_relics":[{"not_picked":["Fusion Hammer","aspiration:FutureDiary"],"picked":"hubris:ScarierMask"},{"not_picked":[]}],"items_purged_floors":[],"is_endless":false,"potions_floor_spawned":[1,13,14,16,19],"killed_by":"Centurion and Healer","ascension_level":3}}