{"host":"yuhy0i501zzmn1iz","time":1611247032,"event":{"mods":["AchievementEnabler","AlwaysNeverKeys","BaseMod","Bestiary","Better Match","Better Third Choice","Curses Come First","Downfall","Minty Spire (QoL Compilation)","StSLib","slay the spire mod where everything is the same but ironclad has a cowboy hat"],"gold_per_floor":[360,435,445,410,485,485,145,158,205,205,215,117,117,151,151,252,252,262,262,282,297,316,316,316,316],"floor_reached":24,"language":"ENG","playtime":758,"items_purged":["Strike_B"],"score":225,"play_id":"7c6c5097-f9f1-4972-90dc-e2743cbd130b","local_time":"20210121113712","is_ascension_mode":true,"campfire_choices":[{"data":"Capacitor","floor":6.0,"key":"SMITH"},{"data":"Gash","floor":10.0,"key":"SMITH"},{"floor":15.0,"key":"REST"},{"floor":23,"key":"REST"}],"circlet_count":0,"master_deck":["Strike_B","Defend_B","Defend_B","Defend_B","Defend_B","Zap","Dualcast","Capacitor+1","Ball Lightning","Gash+1","Gash","Rebound","Streamline","Go for the Eyes","Buffer","Conserve Battery","Gash+1","Reprogram","Streamline","Echo Form"],"relics":["Cracked Core","Turnip","Omamori","Kunai","HornCleat","Empty Cage"],"acts_visited":["Exordium","TheCity"],"potions_floor_usage":[21],"damage_taken":[{"damage":2.0,"enemies":"2 Louse","floor":1.0,"turns":3.0},{"damage":9.0,"enemies":"Jaw Worm","floor":3.0,"turns":3.0},{"damage":0.0,"enemies":"Cultist","floor":8.0,"turns":3.0},{"damage":9.0,"enemies":"Red Slaver","floor":11.0,"turns":3.0},{"damage":18.0,"enemies":"3 Sentries","floor":14.0,"turns":5.0},{"damage":40.0,"enemies":"Slime Boss","floor":16.0,"turns":9.0},{"damage":22.0,"enemies":"Spheric Guardian","floor":18.0,"turns":4.0},{"damage":7,"enemies":"Chosen","floor":20,"turns":4},{"damage":25,"enemies":"Centurion and Healer","floor":21,"turns":7},{"damage":16,"enemies":"Sentry and Sphere","floor":22,"turns":6},{"damage":31,"enemies":"Gremlin Leader","floor":24,"turns":3}],"seed_played":"-2824729718514518800","potions_obtained":[{"floor":1.0,"key":"Weak Potion"},{"floor":14.0,"key":"Regen Potion"},{"floor":20,"key":"hexamod:SoulburnPotion"}],"is_trial":false,"path_per_floor":["M","?","M","?","?","R","$","M","T","R","M","$","T","E","R","B",null,"M","?","M","M","M","R","E"],"character_chosen":"DEFECT","items_purchased":["Turnip","Gash","Streamline"],"campfire_rested":2,"item_purchase_floors":[7,7,12],"current_hp_per_floor":[52,41,32,50,43,43,43,43,43,43,34,34,34,16,38,12,75,53,53,46,21,5,27,0,0],"gold":316,"neow_bonus":"TWO_FIFTY_GOLD","is_daily":false,"chose_seed":false,"campfire_upgraded":2,"win_rate":0.0,"timestamp":1611247032,"path_taken":["M","?","M","?","?","R","$","M","T","R","?","$","?","E","R","BOSS","M","?","?","?","M","R","E"],"items_purchased_type":["Relic","Card","Card"],"build_version":"2020-12-22","purchased_purges":1,"victory":false,"max_hp_per_floor":[75,75,75,75,75,75,75,75,75,75,75,75,75,75,75,75,75,75,75,75,75,75,75,75,75],"card_choices":[{"not_picked":["Steam Power","Rip and Tear"],"picked":"Capacitor","floor":1.0},{"not_picked":["Hologram","Barrage"],"picked":"Ball Lightning","floor":3.0},{"not_picked":["Steam","Ball Lightning"],"picked":"Gash","floor":8.0},{"not_picked":["Leap","Hologram"],"picked":"Rebound","floor":11.0},{"not_picked":["Consume","Darkness"],"picked":"Go for the Eyes","floor":14.0},{"not_picked":["Meteor Strike","Biased Cognition"],"picked":"Buffer","floor":16.0},{"not_picked":["Leap","Steam"],"picked":"Conserve Battery","floor":18.0},{"not_picked":["Heatsinks","Coolheaded+1"],"picked":"Reprogram","floor":20},{"not_picked":["Ball Lightning","Cold Snap+1"],"picked":"Streamline","floor":21},{"not_picked":["Defragment+1","Heatsinks"],"picked":"Echo Form","floor":22}],"player_experience":322593,"relics_obtained":[{"floor":9.0,"key":"Omamori"},{"floor":13.0,"key":"Kunai"},{"floor":14.0,"key":"HornCleat"}],"event_choices":[{"damage_healed":0.0,"max_hp_gain":0.0,"max_hp_loss":0.0,"gold_gain":75.0,"event_name":"betterThird:BetterGoop","player_choice":"Gold","floor":2.0,"gold_loss":0.0,"damage_taken":11.0},{"damage_healed":18.0,"max_hp_gain":0.0,"max_hp_loss":0.0,"gold_gain":0.0,"event_name":"The Cleric","player_choice":"Healed","floor":4.0,"gold_loss":35.0,"damage_taken":0.0},{"damage_healed":0.0,"max_hp_gain":0.0,"max_hp_loss":0.0,"gold_gain":75.0,"event_name":"FaceTrader","player_choice":"Touch","floor":5.0,"gold_loss":0.0,"damage_taken":7.0},{"damage_healed":0,"gold_gain":0,"player_choice":"Copied","damage_taken":0,"max_hp_gain":0,"max_hp_loss":0,"event_name":"Duplicator","floor":19,"gold_loss":0,"cards_obtained":["Gash"]}],"is_beta":false,"boss_relics":[{"not_picked":["Fusion Hammer","Runic Pyramid"],"picked":"Empty Cage"}],"items_purged_floors":[12],"is_endless":false,"potions_floor_spawned":[1,14,20],"killed_by":"Gremlin Leader","ascension_level":3}}