{"host":"6a92uynocv4elkyp","time":1611245233,"event":{"mods":["AchievementEnabler","BaseMod","Hubris","Infinite Spire","Minty Spire (QoL Compilation)","Quick Restart","Replay The Spire","StSLib"],"gold_per_floor":[171,171,207,249,64,169,253,253,253,349,430,430,532,610,610,826,976,1062,1062,296,401,66,66,66],"floor_reached":23,"language":"ENG","playtime":1149,"items_purged":["Flex"],"score":527,"play_id":"b26589c3-777f-4685-82ca-0894b2e62720","local_time":"20210121170713","daily_mods":["SealedDeck","Heirloom","Flight","DeadlyEvents","Elite Swarm","Midas"],"is_ascension_mode":true,"campfire_choices":[{"floor":8,"key":"REST"},{"floor":12,"key":"REST"},{"floor":15,"key":"REST"}],"circlet_count":0,"master_deck":["AscendersBane","Panic Button","Cold Snap","Cold Snap","Loop","Static Discharge","Gash","Defragment","Conserve Battery","Gash+1","Storm","Static Discharge","Evolve","Force Field","ReplayTheSpireMod:Brewmster","Machine Learning","Barricade","Fission","Reaper","Inflame","Electrodynamics","Echo Form","All For One","BasicCrystalCard","Crystallizer","Creative AI"],"relics":["replay:Trail_Library","Torii","Pear","Iron Core","hubris:Zylophone","Ginger","hubris:MobiusCoin","StrikeDummy","Quantum Egg","Emotion Chip","infinitespire:FocusingShard","Tiny House","Runic Capacitor","Replay:WaspNest","Bronze Scales","Prayer Wheel","Chemical X","Blue Doll"],"acts_visited":["Exordium","TheCity"],"potions_floor_usage":[6,10,10,10,11,11,13,13,14,16,16,16,18,21,23],"damage_taken":[{"damage":6,"enemies":"Cultist","floor":3,"turns":3},{"damage":9,"enemies":"Jaw Worm","floor":4,"turns":3},{"damage":24,"enemies":"Lagavulin","floor":6,"turns":3},{"damage":10,"enemies":"3 Sentries","floor":7,"turns":7},{"damage":22,"enemies":"Gremlin Nob","floor":10,"turns":4},{"damage":2,"enemies":"3 Sentries","floor":11,"turns":3},{"damage":16,"enemies":"Lagavulin","floor":13,"turns":7},{"damage":26,"enemies":"Gremlin Nob","floor":14,"turns":4},{"damage":37,"enemies":"The Guardian","floor":16,"turns":6},{"damage":8,"enemies":"Chosen","floor":18,"turns":4},{"damage":52,"enemies":"Slavers","floor":21,"turns":4},{"damage":57,"enemies":"Gremlin Leader","floor":23,"turns":4}],"seed_played":"-2491672074660673383","potions_obtained":[{"floor":4,"key":"Swift Potion"},{"floor":10,"key":"ColorlessPotion"},{"floor":13,"key":"Regen Potion"},{"floor":16,"key":"Block Potion"},{"floor":17,"key":"AttackPotion"},{"floor":21,"key":"LiquidBronze"}],"is_trial":true,"path_per_floor":["T","?","M","M","$","E","E","R","T","E","E","R","E","E","R","B",null,"M","?","$","E","$","E"],"character_chosen":"DEFECT","items_purchased":["ReplayTheSpireMod:Brewmster","Runic Capacitor","Crystallizer","Replay:WaspNest","Bronze Scales","Chemical X","Blue Doll"],"campfire_rested":3,"item_purchase_floors":[5,20,20,20,20,22,22],"current_hp_per_floor":[74,74,68,59,59,35,25,49,49,27,25,49,40,32,56,32,74,66,69,69,33,33,0,0],"gold":66,"neow_bonus":"","is_daily":false,"chose_seed":false,"campfire_upgraded":0,"win_rate":0.0,"timestamp":1611245233,"path_taken":["?","?","M","M","?","E","E","R","T","E","E","R","E","E","R","BOSS","M","?","?","?","$","E"],"items_purchased_type":["Card","Relic","Card","Relic","Relic","Relic","Relic"],"build_version":"2020-12-22","purchased_purges":1,"victory":false,"max_hp_per_floor":[81,81,81,81,81,81,81,81,81,81,81,81,81,81,81,81,86,86,89,89,89,89,89,89],"card_choices":[{"not_picked":["Ball Lightning","Glacier"],"picked":"Evolve","floor":3},{"not_picked":["Conserve Battery","Turbo"],"picked":"Force Field","floor":4},{"not_picked":["Creative AI","Amplify"],"picked":"Machine Learning","floor":6},{"not_picked":["Firewall","hubris:Prefetch"],"picked":"Barricade","floor":7},{"not_picked":["Multi-Cast","Barricade"],"picked":"Fission","floor":10},{"not_picked":["hubris:Prefetch","Juggernaut"],"picked":"Reaper","floor":11},{"not_picked":["hubris:SpecializedCircuitry","Hyperbeam"],"picked":"Electrodynamics","floor":13},{"not_picked":["Juggernaut","Core Surge"],"picked":"Echo Form","floor":14},{"not_picked":["Reboot","Electrodynamics"],"picked":"All For One","floor":16},{"not_picked":["Beam Cell","Sweeping Beam"],"picked":"Flex","floor":17},{"not_picked":["Sunder","Consume"],"picked":"BasicCrystalCard","floor":18},{"not_picked":["Hyperbeam","Fission"],"picked":"Creative AI","floor":21}],"player_experience":136084,"relics_obtained":[{"floor":1,"key":"Pear"},{"floor":6,"key":"hubris:Zylophone"},{"floor":7,"key":"Ginger"},{"floor":9,"key":"hubris:MobiusCoin"},{"floor":10,"key":"StrikeDummy"},{"floor":11,"key":"Quantum Egg"},{"floor":13,"key":"Emotion Chip"},{"floor":14,"key":"infinitespire:FocusingShard"},{"floor":21,"key":"Prayer Wheel"}],"event_choices":[],"is_beta":false,"boss_relics":[{"not_picked":["hubris:CrackedHourglass","hubris:VirtuousBlindfold"],"picked":"Tiny House"}],"items_purged_floors":[20],"is_endless":false,"potions_floor_spawned":[4,10,13,16,21],"killed_by":"Gremlin Leader","ascension_level":20}}