{"host":"54vghy6hfkyy1r39","time":1611223169,"event":{"mods":["AchievementEnabler","BaseMod","Minty Spire (QoL Compilation)","StSLib","SuperFastMode","everything is the same but u backflip on backflip"],"gold_per_floor":[114,114,131,146,2,37,54,54,54,67,79,79,93,105,105,206,206,222,72,171,190,203,203,203],"floor_reached":23,"language":"KOR","playtime":666,"items_purged":["Strike_R"],"score":222,"play_id":"dea571e8-3ec2-48ff-abd3-4cd9763fb380","local_time":"20210121185929","is_ascension_mode":false,"campfire_choices":[{"floor":12,"key":"REST"},{"floor":15,"key":"REST"}],"circlet_count":0,"master_deck":["Strike_R","Strike_R","Strike_R","Defend_R","Defend_R","Defend_R","Defend_R","Bash","Juggernaut","Body Slam","Immolate","Evolve","Dropkick","Rage","Seeing Red","Battle Trance","Corruption","Armaments","Flame Barrier"],"relics":["Burning Blood","Pear","Letter Opener","StrikeDummy","Black Star","Lee\u0027s Waffle"],"acts_visited":["Exordium","TheCity"],"potions_floor_usage":[16,23],"damage_taken":[{"damage":10.0,"enemies":"Cultist","floor":1.0,"turns":4.0},{"damage":9,"enemies":"Jaw Worm","floor":3,"turns":4},{"damage":13,"enemies":"2 Louse","floor":4,"turns":3},{"damage":47,"enemies":"3 Sentries","floor":6,"turns":10},{"damage":11,"enemies":"Blue Slaver","floor":7,"turns":4},{"damage":5,"enemies":"Red Slaver","floor":10,"turns":5},{"damage":10,"enemies":"Looter","floor":11,"turns":2},{"damage":11,"enemies":"2 Fungi Beasts","floor":13,"turns":3},{"damage":16,"enemies":"Lots of Slimes","floor":14,"turns":2},{"damage":40,"enemies":"Slime Boss","floor":16,"turns":9},{"damage":49,"enemies":"Shell Parasite","floor":18,"turns":6},{"damage":29,"enemies":"Spheric Guardian","floor":21,"turns":5},{"damage":49,"enemies":"Snecko","floor":22,"turns":6},{"damage":63,"enemies":"Gremlin Leader","floor":23,"turns":6}],"seed_played":"7756395300659324146","potions_obtained":[{"floor":6,"key":"LiquidBronze"},{"floor":7,"key":"DuplicationPotion"},{"floor":11,"key":"Explosive Potion"},{"floor":16,"key":"AttackPotion"},{"floor":22,"key":"BloodPotion"}],"is_trial":false,"path_per_floor":["M","?","M","M","$","E","M","?","T","M","M","R","M","M","R","B",null,"M","$","?","M","M","E"],"character_chosen":"IRONCLAD","items_purchased":["Evolve","Lee\u0027s Waffle"],"campfire_rested":2,"item_purchase_floors":[5,19],"current_hp_per_floor":[76,74,71,64,64,23,18,11,11,12,8,35,30,20,47,13,90,47,97,97,74,31,0,0],"gold":203,"neow_bonus":"ONE_RANDOM_RARE_CARD","is_daily":false,"chose_seed":false,"campfire_upgraded":0,"win_rate":0.0,"timestamp":1611223169,"path_taken":["M","?","M","M","$","E","M","?","T","M","M","R","M","M","R","BOSS","M","$","?","M","M","E"],"items_purchased_type":["Card","Relic"],"build_version":"2020-12-22","purchased_purges":1,"victory":false,"max_hp_per_floor":[80,90,90,90,90,90,90,90,90,90,90,90,90,90,90,90,90,90,97,97,97,97,97,97],"card_choices":[{"not_picked":["Cleave","Iron Wave","Heavy Blade"],"picked":"SKIP","floor":1},{"not_picked":["Heavy Blade","True Grit"],"picked":"Body Slam","floor":3},{"not_picked":["Pommel Strike","Body Slam"],"picked":"Immolate","floor":4},{"not_picked":["Clothesline","Havoc","Intimidate"],"picked":"SKIP","floor":6},{"not_picked":["Pommel Strike","Clash","Twin Strike"],"picked":"SKIP","floor":7},{"not_picked":["Havoc","Thunderclap"],"picked":"Dropkick","floor":10},{"not_picked":["Heavy Blade","Warcry"],"picked":"Rage","floor":11},{"not_picked":["Headbutt","Heavy Blade"],"picked":"Seeing Red","floor":13},{"not_picked":["Evolve","Flame Barrier"],"picked":"Battle Trance","floor":14},{"not_picked":["Brutality","Bludgeon"],"picked":"Corruption","floor":16},{"not_picked":["Clothesline+1","Thunderclap"],"picked":"Armaments","floor":18},{"not_picked":["Sever Soul+1","Clothesline"],"picked":"Flame Barrier","floor":21},{"not_picked":["Clash","Cleave","Warcry+1"],"picked":"SKIP","floor":22}],"player_experience":205539,"relics_obtained":[{"floor":6,"key":"Letter Opener"},{"floor":9,"key":"StrikeDummy"}],"event_choices":[{"damage_healed":0,"gold_gain":0,"player_choice":"Success","damage_taken":12,"relics_obtained":["Pear"],"max_hp_gain":0,"max_hp_loss":0,"event_name":"Scrap Ooze","floor":2,"gold_loss":0},{"cards_removed":["Strike_R"],"damage_healed":0,"gold_gain":0,"player_choice":"Card Removal","damage_taken":7,"max_hp_gain":0,"max_hp_loss":0,"event_name":"Golden Wing","floor":8,"gold_loss":0},{"damage_healed":0,"gold_gain":99,"player_choice":"Stole From Cult","damage_taken":0,"max_hp_gain":0,"max_hp_loss":0,"event_name":"Nest","floor":20,"gold_loss":0}],"is_beta":false,"boss_relics":[{"not_picked":["Fusion Hammer","Ectoplasm"],"picked":"Black Star"}],"items_purged_floors":[5],"is_endless":false,"potions_floor_spawned":[6,7,11,13,14,16,21,22],"killed_by":"Gremlin Leader","ascension_level":0}}