{"host":"lzlnscgb2n0l5w2m","time":1611251594,"event":{"mods":["AchievementEnabler","BaseMod","Block Reminder","Colored Powertips","Googly Eyes","Highlight Path","Minty Spire (QoL Compilation)","Permanent Neow","Relic Stats","StSLib"],"gold_per_floor":[114,0,0,20,35,62,74,74,124,157,157,167,201,3,3,105,155,167,184,184,384,397,397,414,446,516,122,122,156,336,355,355,459,459,473,492,187,205,218,218,244,244,244,269,288,137,137,156,156,156,156,156,4,36,36,36],"floor_reached":55,"language":"ZHT","playtime":6393,"items_purged":["Strike_R","Defend_R","Defend_R","Strike_R"],"score":978,"play_id":"eb9b3514-91d3-4c81-b81e-3229ffcae094","local_time":"20210122015314","is_ascension_mode":true,"campfire_choices":[{"data":"Metamorphosis","floor":8.0,"key":"SMITH"},{"data":"Demon Form","floor":11.0,"key":"SMITH"},{"floor":15.0,"key":"REST"},{"floor":23.0,"key":"REST"},{"data":"Apotheosis","floor":28.0,"key":"SMITH"},{"floor":32.0,"key":"REST"},{"floor":40.0,"key":"REST"},{"floor":47,"key":"RECALL"},{"floor":49,"key":"REST"},{"data":"Battle Trance","floor":52,"key":"SMITH"}],"circlet_count":0,"master_deck":["Strike_R+1","Strike_R+1","Defend_R","Defend_R","Bash+1","Clumsy","Metamorphosis+1","Ghostly Armor","Battle Trance+1","Shrug It Off","Iron Wave","Reckless Charge","Demon Form+1","Spot Weakness","Demon Form","Bandage Up","Double Tap","Power Through","Iron Wave+1","Double Tap","Apotheosis+1","Spot Weakness","Bandage Up","Shrug It Off+1","Battle Trance"],"relics":["Burning Blood","Shuriken","Omamori","Blood Vial","Centennial Puzzle","Tiny House","Whetstone","Bottled Tornado","Ancient Tea Set","Cursed Key","Nunchaku","Eternal Feather","Prayer Wheel","Lee\u0027s Waffle","Bronze Scales"],"acts_visited":["Exordium","TheCity","TheBeyond","TheEnding"],"potions_floor_usage":[54,55],"damage_taken":[{"damage":4.0,"enemies":"2 Louse","floor":1.0,"turns":3.0},{"damage":0.0,"enemies":"Small Slimes","floor":4.0,"turns":2.0},{"damage":0.0,"enemies":"Cultist","floor":5.0,"turns":3.0},{"damage":19.0,"enemies":"3 Sentries","floor":6.0,"turns":14.0},{"damage":3.0,"enemies":"Blue Slaver","floor":7.0,"turns":3.0},{"damage":22.0,"enemies":"Gremlin Nob","floor":10.0,"turns":4.0},{"damage":12.0,"enemies":"Gremlin Gang","floor":12.0,"turns":4.0},{"damage":22.0,"enemies":"Lagavulin","floor":13.0,"turns":6.0},{"damage":45.0,"enemies":"The Guardian","floor":16.0,"turns":8.0},{"damage":25.0,"enemies":"3 Byrds","floor":18.0,"turns":4.0},{"damage":28.0,"enemies":"Spheric Guardian","floor":19.0,"turns":5.0},{"damage":23.0,"enemies":"Snake Plant","floor":22.0,"turns":4.0},{"damage":12.0,"enemies":"Shelled Parasite and Fungi","floor":24.0,"turns":3.0},{"damage":25.0,"enemies":"Gremlin Leader","floor":25.0,"turns":5.0},{"damage":24.0,"enemies":"Book of Stabbing","floor":29.0,"turns":4.0},{"damage":2.0,"enemies":"Snecko","floor":31.0,"turns":3.0},{"damage":27.0,"enemies":"Automaton","floor":33.0,"turns":6.0},{"damage":21.0,"enemies":"3 Shapes","floor":35.0,"turns":4.0},{"damage":6.0,"enemies":"Orb Walker","floor":36.0,"turns":3.0},{"damage":36.0,"enemies":"4 Shapes","floor":38.0,"turns":6.0},{"damage":46.0,"enemies":"Spire Growth","floor":39.0,"turns":5.0},{"damage":15.0,"enemies":"Giant Head","floor":41.0,"turns":5.0},{"damage":45.0,"enemies":"Reptomancer","floor":44.0,"turns":5.0},{"damage":42,"enemies":"Transient","floor":45,"turns":5},{"damage":44,"enemies":"Sphere and 2 Shapes","floor":48,"turns":5},{"damage":77,"enemies":"Time Eater","floor":50,"turns":7},{"damage":56,"enemies":"Shield and Spear","floor":54,"turns":6},{"damage":92,"enemies":"The Heart","floor":55,"turns":6}],"seed_played":"-486432201734475142","potions_obtained":[{"floor":1.0,"key":"SteroidPotion"},{"floor":5.0,"key":"BlessingOfTheForge"},{"floor":10.0,"key":"Swift Potion"},{"floor":17.0,"key":"LiquidBronze"},{"floor":19.0,"key":"Explosive Potion"},{"floor":22.0,"key":"DistilledChaos"},{"floor":29.0,"key":"BlessingOfTheForge"},{"floor":31.0,"key":"GamblersBrew"},{"floor":35.0,"key":"Explosive Potion"},{"floor":38.0,"key":"Dexterity Potion"},{"floor":39.0,"key":"Strength Potion"},{"floor":41.0,"key":"Weak Potion"}],"is_trial":false,"path_per_floor":["M","$","?","M","M","E","M","R","T","E","R","M","E","$","R","B",null,"M","M","?","?","M","R","M","E","T","$","R","E","?","M","R","B",null,"M","M","$","M","M","R","E","?","T","E","M","$","R","M","R","B",null,"R","$","E","B"],"character_chosen":"IRONCLAD","items_purchased":["Battle Trance","Bandage Up","FairyPotion","Apotheosis","Nunchaku","Lee\u0027s Waffle","DistilledChaos","Ancient Potion"],"campfire_rested":5,"item_purchase_floors":[2,14,27,27,37,46,53,53],"current_hp_per_floor":[80,80,73,79,80,67,70,70,70,54,54,50,36,36,60,27,72,59,43,43,43,32,57,57,44,44,44,44,32,7,23,48,39,74,69,79,79,59,33,58,63,84,84,58,32,92,92,60,92,29,76,91,91,52,0,0],"gold":36,"neow_bonus":"RANDOM_COLORLESS_2","is_daily":false,"chose_seed":false,"campfire_upgraded":4,"win_rate":0.0,"timestamp":1611251594,"path_taken":["M","$","?","M","M","E","M","R","T","E","R","M","E","$","R","BOSS","M","M","?","?","M","R","?","E","T","$","R","E","?","?","R","BOSS","M","M","$","M","M","R","E","?","T","E","M","$","R","M","R","BOSS","R","$","E","BOSS"],"items_purchased_type":["Card","Card","Potion","Card","Relic","Relic","Potion","Potion"],"build_version":"2020-12-22","purchased_purges":4,"victory":false,"max_hp_per_floor":[80,80,80,80,80,80,80,80,80,80,80,80,80,80,80,80,85,85,85,85,85,85,85,85,85,85,85,85,85,85,85,85,85,85,85,85,85,85,85,85,85,85,85,85,85,92,92,92,92,92,92,92,92,92,92,92],"relic_stats":{"Lee\u0027s Waffle":60,"counters":[28,138],"Eternal Feather":30,"Whetstone":["Strike_R","Strike_R"],"Cursed Key":1,"Burning Blood":155,"Blood Vial":38,"Centennial Puzzle":[60],"Nunchaku":[8],"Shuriken":[32],"Bronze Scales":[63],"Prayer Wheel":2,"obtain_stats":[{"Lee\u0027s Waffle":46,"Tiny House":17,"Eternal Feather":41,"Omamori":9,"Whetstone":25,"Bottled Tornado":26,"Ancient Tea Set":29,"Cursed Key":34,"Burning Blood":0,"Blood Vial":10,"Centennial Puzzle":13,"Nunchaku":37,"Shuriken":6,"Bronze Scales":54,"Prayer Wheel":44},{"Lee\u0027s Waffle":24,"Tiny House":9,"Eternal Feather":22,"Omamori":5,"Whetstone":14,"Bottled Tornado":14,"Ancient Tea Set":15,"Cursed Key":17,"Burning Blood":0,"Blood Vial":6,"Centennial Puzzle":8,"Nunchaku":19,"Shuriken":4,"Bronze Scales":27,"Prayer Wheel":23},{"Lee\u0027s Waffle":114,"Tiny House":47,"Eternal Feather":104,"Omamori":25,"Whetstone":68,"Bottled Tornado":68,"Ancient Tea Set":72,"Cursed Key":81,"Burning Blood":0,"Blood Vial":29,"Centennial Puzzle":39,"Nunchaku":88,"Shuriken":22,"Bronze Scales":132,"Prayer Wheel":109}]},"card_choices":[{"not_picked":["Chrysalis","Transmutation"],"picked":"Metamorphosis","floor":0.0},{"not_picked":["True Grit","Combust"],"picked":"Ghostly Armor","floor":1.0},{"not_picked":["Headbutt","True Grit"],"picked":"Shrug It Off","floor":4.0},{"not_picked":["Sword Boomerang","Armaments"],"picked":"Iron Wave","floor":5.0},{"not_picked":["Dropkick","Entrench"],"picked":"Reckless Charge","floor":6.0},{"not_picked":["Clothesline","Headbutt","Pommel Strike"],"picked":"SKIP","floor":7.0},{"not_picked":["Reckless Charge","Clash"],"picked":"Demon Form","floor":10.0},{"not_picked":["Headbutt","Pommel Strike"],"picked":"Spot Weakness","floor":12.0},{"not_picked":["Wild Strike","Exhume"],"picked":"Demon Form","floor":13.0},{"not_picked":["Exhume","Bludgeon"],"picked":"Double Tap","floor":16.0},{"not_picked":["Iron Wave","Body Slam"],"picked":"Power Through","floor":18.0},{"not_picked":["Sword Boomerang","Anger+1","Sever Soul+1"],"picked":"SKIP","floor":19.0},{"not_picked":["Second Wind","Clash","Heavy Blade"],"picked":"SKIP","floor":22.0},{"not_picked":["Headbutt","Thunderclap+1"],"picked":"Iron Wave+1","floor":24.0},{"not_picked":["Sword Boomerang","Sever Soul"],"picked":"Double Tap","floor":25.0},{"not_picked":["Sentinel","Body Slam"],"picked":"Spot Weakness","floor":29.0},{"not_picked":["Iron Wave","Anger","Bloodletting+1"],"picked":"SKIP","floor":31.0},{"not_picked":["Sentinel+1","Pommel Strike","Rampage+1"],"picked":"SKIP","floor":35.0},{"not_picked":["Clash","Warcry+1"],"picked":"Shrug It Off+1","floor":36.0},{"not_picked":["Inflame+1","Cleave"],"picked":"Battle Trance","floor":38.0},{"not_picked":["Pommel Strike+1","Warcry+1","Cleave+1"],"picked":"SKIP","floor":39.0},{"not_picked":["Anger","Barricade","Twin Strike+1"],"picked":"SKIP","floor":41.0},{"not_picked":["Perfected Strike+1","Twin Strike","Fiend Fire"],"picked":"SKIP","floor":44.0},{"not_picked":["Iron Wave","Combust+1","Wild Strike+1"],"picked":"SKIP","floor":45},{"not_picked":["Headbutt","Clothesline+1","Feel No Pain"],"picked":"SKIP","floor":45},{"not_picked":["Warcry+1","Whirlwind","Searing Blow"],"picked":"SKIP","floor":48},{"not_picked":["Fire Breathing","Sentinel+1","Dark Embrace"],"picked":"SKIP","floor":48},{"not_picked":["Metallicize+1","Corruption","Warcry"],"picked":"SKIP","floor":54}],"player_experience":218195,"relics_obtained":[{"floor":6.0,"key":"Shuriken"},{"floor":9.0,"key":"Omamori"},{"floor":10.0,"key":"Blood Vial"},{"floor":13.0,"key":"Centennial Puzzle"},{"floor":25.0,"key":"Whetstone"},{"floor":26.0,"key":"Bottled Tornado"},{"floor":29.0,"key":"Ancient Tea Set"},{"floor":41.0,"key":"Eternal Feather"},{"floor":44.0,"key":"Prayer Wheel"},{"floor":54,"key":"Bronze Scales"}],"event_choices":[{"cards_removed":["Strike_R"],"damage_healed":0.0,"max_hp_gain":0.0,"max_hp_loss":0.0,"gold_gain":0.0,"event_name":"Golden Wing","player_choice":"Card Removal","floor":3.0,"gold_loss":0.0,"damage_taken":7.0},{"damage_healed":0.0,"max_hp_gain":0.0,"max_hp_loss":0.0,"gold_gain":0.0,"event_name":"Ghosts","player_choice":"Ignored","floor":20.0,"gold_loss":0.0,"damage_taken":0.0},{"damage_healed":0.0,"max_hp_gain":0.0,"max_hp_loss":0.0,"gold_gain":250.0,"event_name":"The Joust","player_choice":"Bet on Owner","floor":21.0,"gold_loss":50.0,"damage_taken":0.0},{"damage_healed":0.0,"max_hp_gain":0.0,"max_hp_loss":0.0,"gold_gain":180.0,"event_name":"Knowing Skull","player_choice":"CARD GOLD GOLD ","floor":30.0,"potions_obtained":[],"gold_loss":0.0,"damage_taken":25.0,"cards_obtained":["Bandage Up"]},{"damage_healed":21.0,"max_hp_gain":0.0,"max_hp_loss":0.0,"gold_gain":0.0,"event_name":"Winding Halls","player_choice":"Writhe","floor":42.0,"gold_loss":0.0,"damage_taken":0.0,"cards_obtained":["Writhe"]}],"is_beta":false,"boss_relics":[{"not_picked":["Pandora\u0027s Box","Velvet Choker"],"picked":"Tiny House"},{"not_picked":["Coffee Dripper","Astrolabe"],"picked":"Cursed Key"}],"items_purged_floors":[2,14,27,37],"is_endless":false,"potions_floor_spawned":[1,5,10,19,22,29,31,35,38,39,41],"killed_by":"The Heart","ascension_level":5}}