{"host":"lt7wwegctq25p4dk","time":1611263826,"event":{"mods":["BaseMod","BetterRewards","Card Forge","Minty Spire (QoL Compilation)","Replay The Spire","Shop Mod","StSLib"],"gold_per_floor":[110,129,147,164,164,192,192,207,231,249,92,104,104,104,104,209,209,223,239,239,439,132,165,198,198,198,198,198,198,47,84,113,166,166,293,293,330,373,222,262,327,327,353,395,422,422,480,513,513,513,513,545],"floor_reached":53,"language":"ZHT","playtime":3563,"items_purged":[],"score":933,"play_id":"16ae6208-d162-40f0-a33f-bdf4348dd1a0","local_time":"20210122051706","is_ascension_mode":false,"campfire_choices":[{"floor":7,"key":"REST"},{"floor":13,"key":"REST"},{"floor":15,"key":"DIG"},{"floor":25,"key":"REST"},{"floor":27,"key":"REST"},{"floor":34,"key":"REST"},{"floor":42,"key":"REST"},{"floor":46,"key":"REST"},{"floor":51,"key":"REST"}],"circlet_count":0,"master_deck":["Bash+1","Rupture+1","ReplayTheSpireMod:LeadingStrike+1","Bloodletting+1","Reaper+1","Battle Trance+1","Flex+1","Inflame+1","Feed+1","Immolate+1","Limit Break+1","Offering+1","Spot Weakness+1","Combust+1","Corruption+1","Seeing Red+1","Pummel+1","Twin Strike+1","Sword Boomerang+1","Brutality+1","Rage+1","Barricade+1","Battle Trance+1","Twin Strike+1","Bludgeon+1","Pummel+1","Heavy Blade+1","Sever Soul+1","Life Link+1","Seeing Red+1","Run Through+1"],"relics":["Burning Blood","Hammer of Thor","Seething Fire","Anvil of the Gods","NlothsMask","Replay:Towering Pillar of Hats","MealTicket","King of Hearts","Electric Blood","Pet Ghost","HandDrill","Replay:Bandana","Bottled Lightning","Membership Card","Whetstone","Lee\u0027s Waffle","Grinning Jar","Replay:Mystery Machine","Oddly Smooth Stone"],"acts_visited":["Exordium","TheCity","TheBeyond"],"potions_floor_usage":[],"damage_taken":[{"damage":10,"enemies":"2 Louse","floor":1,"turns":4},{"damage":1,"enemies":"Cultist","floor":2,"turns":3},{"damage":17,"enemies":"Small Slimes","floor":3,"turns":4},{"damage":21,"enemies":"Exordium Thugs","floor":4,"turns":5},{"damage":23,"enemies":"Lagavulin","floor":6,"turns":4},{"damage":36,"enemies":"3 Louse","floor":8,"turns":3},{"damage":14,"enemies":"Large Slime","floor":10,"turns":2},{"damage":20,"enemies":"Lots of Slimes","floor":12,"turns":2},{"damage":17,"enemies":"Fading Forest","floor":16,"turns":6},{"damage":19,"enemies":"Chosen","floor":18,"turns":2},{"damage":7,"enemies":"Spheric Guardian","floor":19,"turns":2},{"damage":25,"enemies":"Gremlin Leader","floor":23,"turns":4},{"damage":12,"enemies":"Snecko","floor":24,"turns":2},{"damage":11,"enemies":"Cultist and Chosen","floor":31,"turns":1},{"damage":18,"enemies":"Centurion and Healer","floor":32,"turns":1},{"damage":16,"enemies":"Replay:Snechameleon","floor":33,"turns":2},{"damage":42,"enemies":"Collector","floor":35,"turns":3},{"damage":13,"enemies":"3 Darklings","floor":37,"turns":1},{"damage":15,"enemies":"3 Shapes","floor":38,"turns":1},{"damage":21,"enemies":"3 Darklings","floor":40,"turns":2},{"damage":32,"enemies":"Transient","floor":41,"turns":4},{"damage":12,"enemies":"Jaw Worm Horde","floor":43,"turns":1},{"damage":20,"enemies":"Giant Head","floor":44,"turns":2},{"damage":18,"enemies":"3 Darklings","floor":47,"turns":2},{"damage":19,"enemies":"4 Shapes","floor":48,"turns":3},{"damage":23,"enemies":"Time Eater","floor":52,"turns":3}],"seed_played":"-9051447654425980556","potions_obtained":[{"floor":3,"key":"Energy Potion"},{"floor":4,"key":"Adrenaline Potion"},{"floor":6,"key":"FearPotion"},{"floor":8,"key":"Toxic Potion"}],"is_trial":false,"path_per_floor":["M","M","M","M","?","E","R","M","T","M","$","M","R","?","R","B",null,"M","M","?","?","$","E","M","R","T","R","PTL","PTL","$","M","M","E","R","B",null,"M","M","$","M","M","R","M","E","T","R","M","M","?","?","R","B",null],"character_chosen":"IRONCLAD","items_purchased":["MealTicket","Pet Ghost","HandDrill","Membership Card","Lee\u0027s Waffle","Grinning Jar"],"campfire_rested":8,"item_purchase_floors":[11,22,22,30,39,39],"current_hp_per_floor":[76,80,69,54,54,45,69,67,67,59,59,64,88,88,88,78,88,88,87,87,87,88,82,81,88,88,88,88,88,88,88,92,82,92,64,92,92,87,103,88,67,97,95,104,104,107,104,102,102,102,107,107],"gold":545,"neow_bonus":"THREE_CARDS","is_daily":false,"chose_seed":false,"campfire_upgraded":0,"win_rate":0.0,"timestamp":1611263826,"path_taken":["M","M","M","M","?","E","R","M","T","M","?","M","R","?","R","BOSS","M","M","?","?","$","E","M","R","T","R","PTL","PTL","$","M","M","E","R","BOSS","M","M","$","M","M","R","M","E","T","R","M","M","?","?","R","BOSS"],"items_purchased_type":["Relic","Relic","Relic","Relic","Relic","Relic"],"build_version":"2020-12-22","purchased_purges":0,"victory":true,"max_hp_per_floor":[80,80,80,80,80,80,80,84,84,84,84,88,88,88,88,88,88,88,88,88,88,88,88,88,88,88,88,88,88,88,88,92,92,92,92,92,92,96,103,103,103,103,107,107,107,107,107,107,107,107,107,107],"card_choices":[{"not_picked":["Sentinel","Pommel Strike"],"picked":"Rupture","floor":0},{"not_picked":["Body Slam","ReplayTheSpireMod:Corrosion Curse"],"picked":"ReplayTheSpireMod:Strike From Hell","floor":1},{"not_picked":["Defy Death","ReplayTheSpireMod:Strike From Hell"],"picked":"ReplayTheSpireMod:LeadingStrike","floor":2},{"not_picked":["True Grit","Defy Death"],"picked":"Ghostly Armor","floor":3},{"not_picked":["Burning Pact","ReplayTheSpireMod:Strike From Hell"],"picked":"Bloodletting","floor":4},{"not_picked":["Shrug It Off","Wild Strike","Whirlwind"],"picked":"SKIP","floor":6},{"not_picked":["Evolve","Rage","Anger"],"picked":"SKIP","floor":8},{"not_picked":["Body Slam","Shrug It Off"],"picked":"Heavy Blade","floor":10},{"not_picked":["Shrug It Off","Intimidate","Havoc"],"picked":"SKIP","floor":12},{"not_picked":["Evolve","Blood for Blood+1","Pommel Strike"],"picked":"SKIP","floor":18},{"not_picked":["Ghostly Armor","Seeing Red","Spot Weakness"],"picked":"SKIP","floor":19},{"not_picked":["Exhume","Evolve","Perfected Strike+1"],"picked":"SKIP","floor":23},{"not_picked":["Rage+1","Rampage","Pommel Strike"],"picked":"SKIP","floor":24},{"not_picked":["Rage","Ghostly Armor+1","Pommel Strike"],"picked":"SKIP","floor":31},{"not_picked":["Pummel","Massacre"],"picked":"Life Link+1","floor":32},{"not_picked":["Wild Strike+1","True Grit","Seeing Red"],"picked":"SKIP","floor":33},{"not_picked":["Clothesline","Fire Breathing+1"],"picked":"Seeing Red+1","floor":37},{"not_picked":["Cleave","Replay:Undeath\u0027s Touch","Anger+1"],"picked":"SKIP","floor":38},{"not_picked":["Blood for Blood","Intimidate","Sever Soul"],"picked":"SKIP","floor":40},{"not_picked":["True Grit+1","Thunderclap","ReplayTheSpireMod:Strike From Hell+1"],"picked":"SKIP","floor":41},{"not_picked":["Sever Soul+1","Iron Wave+1","ReplayTheSpireMod:Corrosion Curse"],"picked":"SKIP","floor":43},{"not_picked":["Bludgeon","Warcry+1","Havoc+1"],"picked":"SKIP","floor":44},{"not_picked":["ReplayTheSpireMod:Strike From Hell","Thunderclap","Flex"],"picked":"SKIP","floor":47},{"not_picked":["Searing Blow","Immolate"],"picked":"Run Through+1","floor":48}],"player_experience":61406,"relics_obtained":[{"floor":6,"key":"Replay:Towering Pillar of Hats"},{"floor":15,"key":"King of Hearts"},{"floor":23,"key":"Replay:Bandana"},{"floor":26,"key":"Bottled Lightning"},{"floor":33,"key":"Whetstone"},{"floor":44,"key":"Replay:Mystery Machine"},{"floor":45,"key":"Oddly Smooth Stone"}],"event_choices":[{"damage_healed":0,"gold_gain":0,"player_choice":"Trade","damage_taken":0,"relics_obtained":["NlothsMask"],"max_hp_gain":0,"max_hp_loss":0,"event_name":"FaceTrader","floor":5,"gold_loss":0},{"damage_healed":0,"gold_gain":0,"cards_transformed":["ReplayTheSpireMod:Strike From Hell"],"player_choice":"Change","damage_taken":0,"max_hp_gain":0,"max_hp_loss":0,"event_name":"Living Wall","floor":14,"gold_loss":0,"cards_obtained":["Sever Soul"]},{"damage_healed":0,"gold_gain":200,"player_choice":"Gold","damage_taken":0,"max_hp_gain":0,"max_hp_loss":0,"event_name":"Wheel of Change","floor":21,"gold_loss":0},{"damage_healed":0,"gold_gain":0,"player_choice":"Ignored","damage_taken":0,"max_hp_gain":0,"max_hp_loss":0,"event_name":"Tomb of Lord Red Mask","floor":49,"gold_loss":0},{"damage_healed":0,"gold_gain":0,"player_choice":"Bought 0 Potions","damage_taken":0,"max_hp_gain":0,"max_hp_loss":0,"event_name":"The Woman in Blue","floor":50,"gold_loss":0}],"is_beta":false,"boss_relics":[{"not_picked":["ReplayTheSpireMod:DimensionalGlitch","SacredBark"],"picked":"Electric Blood"},{"not_picked":["Velvet Choker","Astrolabe","Kintsugi"]}],"items_purged_floors":[],"is_endless":false,"potions_floor_spawned":[3,4,6,8,16,31,32,33,35,41,44,47],"ascension_level":0}}