{"host":"6p0attdrtjqaih7v","time":1611197561,"event":{"mods":["2.2 Compatiblity","AchievementEnabler","Bard","BaseMod","Better Skull","Better Third Choice","Colored Powertips","Hermit","Highlight Path","Jorbs\u0027s Wanderer Trilogy","Key Reminder","Minty Spire (QoL Compilation)","Permanent Neow","Quick Restart","Random Character Button","Relic Stats","Replay The Spire","Robot Space Explorer","StSLib"],"gold_per_floor":[109,109,109,125,72,72,99,119,119,129,148,148,148,178,178,178,178],"floor_reached":16,"language":"ENG","playtime":653,"items_purged":[],"score":220,"play_id":"7235c56d-f4dc-410b-9df4-9f4f48e61696","local_time":"20210120215241","is_ascension_mode":true,"campfire_choices":[{"data":"Sweeping Beam","floor":6,"key":"SMITH"},{"data":"Sweeping Beam","floor":13,"key":"SMITH"},{"data":"Zap","floor":15,"key":"SMITH"}],"circlet_count":0,"master_deck":["AscendersBane","Strike_B","Strike_B","Strike_B+1","Defend_B","Defend_B","Defend_B+1","Defend_B","Zap+1","Dualcast","Sweeping Beam+1","Reinforced Body+1","Cold Snap","Coolheaded","Coolheaded","Gash","Sweeping Beam+1","FIFO Queue"],"relics":["Cracked Core","Simple Rune","MealTicket","Snack Pack","Pantograph"],"acts_visited":["Exordium"],"potions_floor_usage":[7,7,16],"damage_taken":[{"damage":0,"enemies":"Jaw Worm","floor":1,"turns":3},{"damage":0,"enemies":"Small Slimes","floor":4,"turns":2},{"damage":9,"enemies":"3 Sentries","floor":7,"turns":5},{"damage":0,"enemies":"2 Louse","floor":8,"turns":3},{"damage":4,"enemies":"2 Fungi Beasts","floor":10,"turns":3},{"damage":1,"enemies":"3 Louse","floor":11,"turns":3},{"damage":33,"enemies":"Gremlin Nob","floor":14,"turns":5},{"damage":60,"enemies":"Slime Boss","floor":16,"turns":10}],"seed_played":"-1432096914548026840","potions_obtained":[{"floor":4,"key":"BlessingOfTheForge"},{"floor":8,"key":"Dexterity Potion"}],"is_trial":false,"path_per_floor":["M","?","?","M","$","R","E","M","T","M","M","?","R","E","R","B"],"character_chosen":"DEFECT","items_purchased":["Strength Potion"],"campfire_rested":0,"item_purchase_floors":[5],"current_hp_per_floor":[64,64,64,64,64,64,55,55,55,51,50,50,50,21,21,0,0],"gold":178,"neow_bonus":"RANDOM_COMMON_RELIC","is_daily":false,"chose_seed":false,"campfire_upgraded":3,"win_rate":0.0,"timestamp":1611197561,"path_taken":["M","?","?","M","$","R","E","M","T","M","M","?","R","E","R","BOSS"],"items_purchased_type":["Potion"],"build_version":"2020-12-22","purchased_purges":0,"victory":false,"max_hp_per_floor":[71,71,71,71,71,71,71,71,71,71,71,71,71,71,71,71,71],"relic_stats":{"counters":[8,34],"Pantograph":25,"MealTicket":0,"obtain_stats":[{"Pantograph":14,"Simple Rune":0,"MealTicket":7,"Snack Pack":9,"Cracked Core":0},{"Pantograph":7,"Simple Rune":0,"MealTicket":3,"Snack Pack":4,"Cracked Core":0},{"Pantograph":24,"Simple Rune":0,"MealTicket":10,"Snack Pack":13,"Cracked Core":0}]},"card_choices":[{"not_picked":["BasicCrystalCard","Hologram"],"picked":"Sweeping Beam","floor":1},{"not_picked":["Gash","Go for the Eyes"],"picked":"Cold Snap","floor":4},{"not_picked":["BasicCrystalCard","Loop"],"picked":"Coolheaded","floor":7},{"not_picked":["Barrage","Conserve Battery"],"picked":"Coolheaded","floor":8},{"not_picked":["Barrage","Meteor Strike"],"picked":"Gash","floor":10},{"not_picked":["Consume","BasicCrystalCard"],"picked":"Sweeping Beam","floor":11},{"not_picked":["Rebound","Conserve Battery"],"picked":"FIFO Queue","floor":14}],"player_experience":896226,"relics_obtained":[{"floor":7,"key":"MealTicket"},{"floor":9,"key":"Snack Pack"},{"floor":14,"key":"Pantograph"}],"event_choices":[],"is_beta":false,"boss_relics":[],"items_purged_floors":[],"is_endless":false,"potions_floor_spawned":[4,8],"killed_by":"Slime Boss","ascension_level":20}}