{"host":"57rcrwhzj4x4jlaj","time":1611228605,"event":{"mods":["2.2 Compatiblity","BaseMod","BetterRewards","Colored Map","Conspire","Dota2Spire","Downfall","Energized Spire","Grow up Mod","Hermit","Hubris","Infinite Spire","Marisa????????","Minty Spire (QoL Compilation)","Relic Stats","Remilia??????","Shop Mod","StSLib","SuperFastMode","The Accelerator","The Bug Knight","The Jungle","[IsaacMod]????","vexMod"],"gold_per_floor":[117,130,145,157,176,189,189,208,208,239,296,296,306,63,63,159,159,170,180,180,180,199,199,199,199,199,214,226,257,157,175,175,280,280,296,370,382,394,414,431,431,448,448,448,461,461,474,499,499,596,596,596,596],"floor_reached":51,"language":"ENG","playtime":2694,"items_purged":[],"score":734,"play_id":"2d531100-37ee-42c3-a168-8522a2b348c4","local_time":"20210121183005","is_ascension_mode":false,"campfire_choices":[{"data":"bronze:CloningBeam","floor":9,"key":"SMITH"},{"data":"bronze:BuggyMess","floor":12,"key":"SMITH"},{"data":"bronze:Overheat","floor":15,"key":"SMITH"},{"data":"bronze:Format","floor":23,"key":"SMITH"},{"data":"bronze:Flail","floor":26,"key":"SMITH"},{"data":"bronze:ForceShield","floor":30,"key":"SMITH"},{"data":"bronze:ForceShield","floor":32,"key":"SMITH"},{"data":"bronze:Verify","floor":44,"key":"SMITH"},{"data":"bronze:RecursiveStrike","floor":49,"key":"SMITH"}],"circlet_count":0,"master_deck":["bronze:Strike","bronze:Strike","bronze:Strike","bronze:Strike","bronze:Defend","bronze:Defend","bronze:Defend","bronze:Defend","bronze:Replicate","bronze:BuggyMess+1","bronze:DelayedSlice","bronze:Backtrace","bronze:DelayedGuard","bronze:CloningBeam+1","bronze:Repulsor","bronze:BitShift","bronze:WildBeam","bronze:ForceShield","bronze:ForceShield+1","bronze:Flail+1","bronze:WildBeam","bronze:Overheat+1","bronze:Format+1","bronze:WhirlingStrike","bronze:ForceShield+1","bronze:ChildClass","bronze:Optimize","bronze:ChosenStrike","bronze:AlphaBuild","bronze:Verify+1","bronze:Boost+1","bronze:Optimize","bronze:Philosophize+1","bronze:Philosophize+1","bronze:FollowUp+1","bronze:AlphaBuild","Parasite","bronze:RecursiveStrike+1","bronze:Deprecate+1","bronze:HyperBeam"],"relics":["bronze:PlatinumCore","HushsDoor","SatanicBible","hubris:TenFootPole","StrikeDummy","Smiling Mask","Lantern","Pocketwatch","Dota2Spire:Vanguard","downfall:HeartBlessingGreen","SacredBark","Dota2Spire:BattleFury","hubris:CuriousFeather","GuppysTail"],"acts_visited":["Exordium","TheCity","TheBeyond"],"potions_floor_usage":[10,16,33,50,50],"damage_taken":[{"damage":21,"enemies":"infinitespire:Voidling","floor":1,"turns":6},{"damage":6,"enemies":"conspire:RoseBush","floor":2,"turns":4},{"damage":3,"enemies":"2 Louse","floor":3,"turns":3},{"damage":0,"enemies":"Exordium Wildlife","floor":4,"turns":3},{"damage":0,"enemies":"Large Slime","floor":5,"turns":8},{"damage":8,"enemies":"conspire:2 RoseBushes","floor":6,"turns":4},{"damage":5,"enemies":"2 Fungi Beasts","floor":8,"turns":4},{"damage":47,"enemies":"HollowMod:MossKnight","floor":10,"turns":13},{"damage":11,"enemies":"3 Sentries","floor":11,"turns":5},{"damage":12,"enemies":"Blue Slaver","floor":13,"turns":2},{"damage":5,"enemies":"downfall:FleeingMerchant","floor":14,"turns":4},{"damage":16,"enemies":"WA_ARCHETYPE_RETAIN","floor":16,"turns":4},{"damage":18,"enemies":"Shell Parasite","floor":18,"turns":5},{"damage":33,"enemies":"3 Byrds","floor":19,"turns":5},{"damage":3,"enemies":"Snecko","floor":22,"turns":3},{"damage":8,"enemies":"conspire:HollyBat","floor":27,"turns":7},{"damage":7,"enemies":"Snake Plant","floor":28,"turns":3},{"damage":14,"enemies":"Nightmare","floor":29,"turns":8},{"damage":24,"enemies":"Centurion and Healer","floor":31,"turns":7},{"damage":12,"enemies":"IC_MUSHROOM_ARCHETYPE","floor":33,"turns":11},{"damage":17,"enemies":"3 Darklings","floor":35,"turns":8},{"damage":0,"enemies":"Orb Walker","floor":37,"turns":2},{"damage":84,"enemies":"3 Darklings","floor":38,"turns":10},{"damage":22,"enemies":"Transient","floor":39,"turns":5},{"damage":43,"enemies":"4 Shapes","floor":40,"turns":5},{"damage":18,"enemies":"Sphere and 2 Shapes","floor":42,"turns":4},{"damage":68,"enemies":"Maw","floor":45,"turns":9},{"damage":50,"enemies":"Writhing Mass","floor":47,"turns":5},{"damage":81,"enemies":"HollowMod:StalkingDevout","floor":48,"turns":7},{"damage":146,"enemies":"DF_ARCHETYPE_ORBS","floor":50,"turns":11}],"seed_played":"4001219679485826217","potions_obtained":[{"floor":3,"key":"LiquidBronze"},{"floor":5,"key":"sneckomod:MuddlingPotion"},{"floor":6,"key":"DuplicationPotion"},{"floor":16,"key":"PowerPotion"},{"floor":18,"key":"Explosive Potion"},{"floor":33,"key":"Fruit Juice"},{"floor":38,"key":"sneckomod:MuddlingPotion"}],"is_trial":false,"path_per_floor":["M","M","M","M","M","M","T","M","R","E","?","R","M","$","R","B",null,"M","M","?","?","M","R","T","?","R","M","M","NM","R","M","R","B",null,"M","?","M","M","M","M","T","M","?","R","M","?","M","E","R","B",null],"character_chosen":"THE_AUTOMATON","items_purchased":["Lantern","bronze:WildBeam","bronze:Overheat","bronze:Verify","GuppysTail"],"campfire_rested":0,"item_purchase_floors":[14,14,14,34,51],"current_hp_per_floor":[83,87,94,104,114,116,126,131,141,104,103,113,111,116,126,120,257,249,226,236,246,253,263,273,283,293,295,298,294,304,291,301,305,428,421,424,434,360,349,316,326,318,328,338,280,481,441,370,380,247,247,247,247],"gold":596,"neow_bonus":"TEN_PERCENT_HP_BONUS","is_daily":false,"chose_seed":false,"campfire_upgraded":9,"win_rate":0.0,"timestamp":1611228605,"path_taken":["M","M","?","M","M","M","T","M","R","E","?","R","M","$","R","BOSS","M","M","?","?","M","R","T","?","R","M","M","NM","R","M","R","BOSS","M","?","M","M","M","M","T","M","?","R","M","?","M","E","R","BOSS"],"items_purchased_type":["Relic","Card","Card","Card","Relic"],"build_version":"2020-12-22","purchased_purges":0,"victory":false,"max_hp_per_floor":[97,107,117,127,137,147,157,167,177,187,197,207,217,227,237,247,257,267,277,287,297,307,317,327,337,347,357,367,377,387,397,407,422,428,438,448,458,468,478,488,498,508,518,528,538,481,491,501,511,521,511,511,511],"relic_stats":{"counters":[30,175],"Smiling Mask":0,"obtain_stats":[{"KeepersGift":0,"bronze:PlatinumCore":51,"GuppysTail":51,"Lantern":14,"bronze:BronzeCore":0,"SacredBark":34,"downfall:HeartBlessingGreen":30,"Dota2Spire:Vanguard":29,"Dota2Spire:BattleFury":41,"Smiling Mask":11,"SatanicBible":0,"hubris:CuriousFeather":48,"hubris:TenFootPole":7,"HushsDoor":0,"StrikeDummy":10,"Pocketwatch":24},{"KeepersGift":0,"bronze:PlatinumCore":30,"GuppysTail":30,"Lantern":11,"bronze:BronzeCore":0,"SacredBark":20,"downfall:HeartBlessingGreen":18,"Dota2Spire:Vanguard":18,"Dota2Spire:BattleFury":25,"Smiling Mask":8,"SatanicBible":0,"hubris:CuriousFeather":29,"hubris:TenFootPole":6,"HushsDoor":0,"StrikeDummy":8,"Pocketwatch":15},{"KeepersGift":0,"bronze:PlatinumCore":175,"GuppysTail":175,"Lantern":56,"bronze:BronzeCore":0,"SacredBark":109,"downfall:HeartBlessingGreen":91,"Dota2Spire:Vanguard":91,"Dota2Spire:BattleFury":139,"Smiling Mask":45,"SatanicBible":0,"hubris:CuriousFeather":164,"hubris:TenFootPole":28,"HushsDoor":0,"StrikeDummy":45,"Pocketwatch":73}],"Pocketwatch":[99]},"card_choices":[{"not_picked":["Bomb","bronze:Frontload"],"picked":"bronze:BuggyMess","floor":1},{"not_picked":["bronze:Overload","bronze:FineTuning"],"picked":"bronze:DelayedSlice","floor":2},{"not_picked":["Bomb","bronze:GetLatest"],"picked":"bronze:Backtrace","floor":3},{"not_picked":["bronze:GetLatest","bronze:OilSpill"],"picked":"bronze:DelayedGuard","floor":4},{"not_picked":["bronze:Deprecate","bronze:GetLatest"],"picked":"bronze:CloningBeam","floor":5},{"not_picked":["bronze:AlphaBuild","bronze:WhirlingStrike"],"picked":"bronze:Repulsor","floor":6},{"not_picked":["bronze:DelayedSlice","bronze:CutThrough"],"picked":"bronze:BitShift","floor":8},{"not_picked":["bronze:Overload","bronze:Iterate"],"picked":"bronze:WildBeam","floor":10},{"not_picked":["Bomb","bronze:Iterate"],"picked":"bronze:ForceShield","floor":11},{"not_picked":["bronze:BronzeArmor","bronze:Shield"],"picked":"bronze:ForceShield","floor":13},{"not_picked":["bronze:DarkDash","bronze:BugBarrage"],"picked":"bronze:Flail","floor":14},{"not_picked":["bronze:Verify","bronze:CleanCode"],"picked":"bronze:Format","floor":16},{"not_picked":["bronze:Invalidate","bronze:Turbo"],"picked":"bronze:WhirlingStrike","floor":18},{"not_picked":["bronze:DelayedGuard","bronze:MaxOutput","bronze:BitShift"],"picked":"SKIP","floor":19},{"not_picked":["bronze:Return","bronze:Philosophize+1"],"picked":"bronze:ChildClass","floor":22},{"not_picked":["bronze:BronzeOrb","bronze:OilSpill"],"picked":"bronze:Optimize","floor":27},{"not_picked":["bronze:Iterate","bronze:WildBeam+1","bronze:DelayedGuard"],"picked":"SKIP","floor":28},{"not_picked":["bronze:DarkDash","bronze:CloningBeam+1"],"picked":"bronze:ChosenStrike","floor":29},{"not_picked":["bronze:ChosenStrike","bronze:Branch","bronze:WildBeam"],"picked":"SKIP","floor":31},{"not_picked":["bronze:CleanCode","bronze:SpaghettiCode"],"picked":"bronze:AlphaBuild","floor":33},{"not_picked":["bronze:Deprecate+1","bronze:Frontload"],"picked":"bronze:Boost+1","floor":35},{"not_picked":["bronze:DelayedGuard+1","bronze:ForLoop"],"picked":"bronze:Optimize","floor":37},{"not_picked":["bronze:OilSpill","bronze:WildBeam"],"picked":"bronze:Philosophize+1","floor":38},{"not_picked":["bronze:FineTuning","bronze:FollowUp"],"picked":"bronze:Philosophize+1","floor":39},{"not_picked":["bronze:BuggyMess+1","bronze:CloningBeam"],"picked":"bronze:FollowUp+1","floor":40},{"not_picked":["bronze:Shield+1","bronze:BugBarrage+1","bronze:CutThrough+1"],"picked":"SKIP","floor":42},{"not_picked":["bronze:MaxOutput","bronze:Shield+1","bronze:BitShift+1"],"picked":"SKIP","floor":45},{"not_picked":["bronze:MaxOutput","bronze:Repair+1"],"picked":"bronze:RecursiveStrike","floor":47},{"not_picked":["bronze:ChildClass+1","bronze:Branch+1"],"picked":"bronze:Deprecate+1","floor":48},{"not_picked":["bronze:Assembly","bronze:ShipIt"],"picked":"bronze:HyperBeam","floor":50}],"player_experience":648591,"relics_obtained":[{"floor":7,"key":"hubris:TenFootPole"},{"floor":10,"key":"StrikeDummy"},{"floor":24,"key":"Pocketwatch"},{"floor":29,"key":"Dota2Spire:Vanguard"},{"floor":41,"key":"Dota2Spire:BattleFury"},{"floor":48,"key":"hubris:CuriousFeather"}],"event_choices":[{"damage_healed":0,"gold_gain":0,"player_choice":"Read","damage_taken":0,"max_hp_gain":0,"max_hp_loss":0,"event_name":"The Library","floor":20,"gold_loss":0,"cards_obtained":["bronze:ForceShield"]}],"is_beta":false,"boss_relics":[{"not_picked":["conspire:RoyalGoblet","hubris:BlackHole","hubris:GrandSneckoEye"]},{"not_picked":["conspire:RunicOctahedron","Busted Crown"],"picked":"SacredBark"},{"not_picked":[]},{"not_picked":["Runic Dome","bronze:MakeshiftBattery"],"picked":"bronze:PlatinumCore"}],"items_purged_floors":[],"is_endless":true,"potions_floor_spawned":[3,5,6,16,18,29,33,38,40,47,48,50],"ascension_level":0}}