{"host":"0iuhrgzkozzv273x","time":1611203032,"event":{"mods":["2.2 Compatiblity","Astrologer","BaseMod","ChefMod","Colored Map","Curses Come First","Downfall","Hermit","Jorbs\u0027s Wanderer Trilogy","Key Reminder","Minty Spire (QoL Compilation)","Robot Space Explorer","Shade Mod","Spire Arcade","StSLib","The Construct","The Cursed","The Disciple","The Hayseed","The Runesmith","The Showman","TheFirefly","Unceasing Turn Reminder","Wandering Minibosses","thorton"],"gold_per_floor":[99,117,134,134,44,77,155,255,255,287,287,327,354,391,427,427,427,427],"floor_reached":16,"language":"ENG","playtime":1738,"items_purged":["downfall:Malfunctioning"],"score":138,"play_id":"640df23d-78ab-4f0a-86eb-bda7e27a7392","local_time":"20210120232352","is_ascension_mode":true,"campfire_choices":[{"data":"hexamod:Float","floor":1,"key":"SMITH"},{"floor":9,"key":"REST"},{"floor":11,"key":"REST"}],"circlet_count":0,"master_deck":["hexamod:Strike","hexamod:Strike+1","hexamod:Strike","hexamod:Strike","hexamod:Defend","hexamod:Defend","hexamod:Defend+1","hexamod:Defend+1","hexamod:Sear","hexamod:Float+1","hexamod:TimeWarp+1","hexamod:ThirdSeal","hexamod:FourthSeal","hexamod:Rewind+1","hexamod:FifthSeal","hexamod:PowerFromBeyond+1","hexamod:FirstSeal","hexamod:SixthSeal","hexamod:SecondSeal","hexamod:CatchUp","hexamod:GhostOfSpirePast","hexamod:Hexaguard","hexamod:StepThrough"],"relics":["hexamod:SpiritBrand","Bag of Marbles","Gremlin Horn","downfall:GremlinWheel","Anchor","CeramicFish"],"acts_visited":["Exordium"],"potions_floor_usage":[8,10,12,12,14,15,16],"damage_taken":[{"damage":0,"enemies":"2 Louse","floor":2,"turns":2},{"damage":2,"enemies":"Jaw Worm","floor":3,"turns":3},{"damage":2,"enemies":"downfall:FleeingMerchant","floor":5,"turns":4},{"damage":32,"enemies":"Gremlin Nob","floor":6,"turns":5},{"damage":11,"enemies":"Gremlin Nob","floor":8,"turns":4},{"damage":20,"enemies":"Lagavulin","floor":10,"turns":8},{"damage":40,"enemies":"3 Sentries","floor":12,"turns":11},{"damage":9,"enemies":"Cultist","floor":13,"turns":5},{"damage":0,"enemies":"2 Fungi Beasts","floor":14,"turns":6},{"damage":0,"enemies":"3 Louse","floor":15,"turns":3},{"damage":62,"enemies":"SI_SHIV_ARCHETYPE","floor":16,"turns":10}],"seed_played":"-5870418455288666916","potions_obtained":[{"floor":2,"key":"hexamod:EctoCoolerPotion"},{"floor":6,"key":"sneckomod:MuddlingPotion"},{"floor":8,"key":"hexamod:DoubleChargePotion"},{"floor":10,"key":"FairyPotion"},{"floor":10,"key":"GamblersBrew"},{"floor":12,"key":"sneckomod:MuddlingPotion"},{"floor":12,"key":"hexamod:SoulburnPotion"},{"floor":14,"key":"ColorlessPotion"},{"floor":15,"key":"DuplicationPotion"}],"is_trial":false,"path_per_floor":["R","M","M","?","$","E","T","?","R","E","R","E","M","M","M","B"],"character_chosen":"THE_SPIRIT","items_purchased":[],"campfire_rested":2,"item_purchase_floors":[],"current_hp_per_floor":[70,70,68,68,66,34,34,23,44,31,52,19,17,24,31,0,0,0],"gold":427,"neow_bonus":"ONE_RANDOM_RARE_CARD","is_daily":false,"chose_seed":false,"campfire_upgraded":1,"win_rate":0.0,"timestamp":1611203032,"path_taken":["R","M","M","?","$","E","T","?","R","E","R","E","M","?","M","BOSS"],"items_purchased_type":[],"build_version":"2020-12-22","purchased_purges":1,"victory":false,"max_hp_per_floor":[70,70,70,70,70,70,70,70,70,70,70,70,70,70,70,70,70,70],"card_choices":[{"not_picked":["hexamod:PhantomCloak","hexamod:GhostLash","hexamod:HeatShield"],"picked":"SKIP","floor":2},{"not_picked":["hexamod:NecessarySacrifice","hexamod:SpectralSpark"],"picked":"hexamod:ThirdSeal","floor":3},{"not_picked":["hexamod:FastForward","hexamod:DynamicBlow"],"picked":"hexamod:FourthSeal","floor":5},{"not_picked":["hexamod:NightmareStrike","hexamod:FlamesFromBeyond"],"picked":"hexamod:Rewind","floor":5},{"not_picked":["hexamod:HeatMetal","hexamod:SpectersWail"],"picked":"hexamod:FifthSeal","floor":6},{"not_picked":["hexamod:ChargedBarrage","hexamod:RecurringNightmare"],"picked":"hexamod:PowerFromBeyond","floor":6},{"not_picked":["hexamod:FourthSeal","hexamod:ThirdSeal"],"picked":"hexamod:FirstSeal","floor":8},{"not_picked":["hexamod:ThirdSeal","hexamod:FirstSeal"],"picked":"hexamod:SixthSeal","floor":10},{"not_picked":["hexamod:BacktrackSmack","hexamod:ShieldOfDarkness","hexamod:SuperheatedStrike"],"picked":"SKIP","floor":10},{"not_picked":["hexamod:Firestarter","hexamod:BacktrackSmack","hexamod:SixthSeal"],"picked":"SKIP","floor":10},{"not_picked":["hexamod:FourthSeal","hexamod:ThirdSeal"],"picked":"hexamod:SecondSeal","floor":12},{"not_picked":["hexamod:GhostLash","hexamod:SuperheatedStrike"],"picked":"hexamod:CatchUp","floor":12},{"not_picked":["hexamod:RecurringNightmare","hexamod:BacktrackSmack","hexamod:Incineration"],"picked":"SKIP","floor":12},{"not_picked":["hexamod:Firestarter","hexamod:RetreatToShadows","hexamod:NightmareStrike"],"picked":"SKIP","floor":13},{"not_picked":["hexamod:BurningTouch","hexamod:ThermalTransfer","hexamod:Firestarter"],"picked":"SKIP","floor":13},{"not_picked":["hexamod:SixthSeal","hexamod:InspiringFlames"],"picked":"hexamod:GhostOfSpirePast","floor":14},{"not_picked":["hexamod:SuperheatedStrike","hexamod:HeatMetal"],"picked":"hexamod:Hexaguard","floor":14},{"not_picked":["hexamod:SixthSeal","hexamod:ThirdSeal","hexamod:FourthSeal"],"picked":"SKIP","floor":14},{"not_picked":["hexamod:HeatMetal","hexamod:BurningTouch"],"picked":"hexamod:StepThrough","floor":15},{"not_picked":["hexamod:SecondSeal","hexamod:FourthSeal","hexamod:SixthSeal"],"picked":"SKIP","floor":15},{"not_picked":["hexamod:HauntingEcho","hexamod:Incineration","hexamod:ThermalTransfer"],"picked":"SKIP","floor":15}],"player_experience":1490096,"relics_obtained":[{"floor":6,"key":"Bag of Marbles"},{"floor":7,"key":"Gremlin Horn"},{"floor":8,"key":"downfall:GremlinWheel"},{"floor":10,"key":"Anchor"},{"floor":12,"key":"CeramicFish"}],"event_choices":[],"is_beta":false,"boss_relics":[],"items_purged_floors":[5],"is_endless":false,"potions_floor_spawned":[2,10,12,14],"killed_by":"SI_SHIV_ARCHETYPE","ascension_level":3}}