{"host":"30wt20ujo94jt0x4","time":1611229140,"event":{"mods":["AchievementEnabler","Act Like it!","BaseMod","Bestiary","Colored Map","Googly Eyes","Hermit","Highlight Path","Koishi","Marisa????????","Minty Spire (QoL Compilation)","Rare Cards Sparkle","StSLib","The IronCluck","Waifu the Spire","Yuyuko","slay the spire mod where everything is the same but ironclad has a cowboy hat"],"gold_per_floor":[10,21,37,53,64,64,74,74,74,84,100,116,291,309,309,412,412,412,412],"floor_reached":18,"language":"ENG","playtime":1791,"items_purged":[],"score":160,"play_id":"8f7ea27e-6da5-4495-867b-9b2f35606352","local_time":"20210121193900","is_ascension_mode":false,"campfire_choices":[{"data":"hermit:DeadMansHand","floor":6,"key":"SMITH"},{"floor":8,"key":"REST"},{"floor":15,"key":"REST"}],"circlet_count":0,"master_deck":["hermit:Strike_Hermit","hermit:Strike_Hermit","hermit:Strike_Hermit","hermit:Defend_Hermit","hermit:Defend_Hermit","hermit:Defend_Hermit","hermit:Snapshot","hermit:Covet","hermit:Showdown","hermit:Grudge","hermit:Feint","hermit:DeadMansHand+1","hermit:Dive","hermit:WideOpen","hermit:LowProfile","hermit:Ricochet","hermit:HoleUp","hermit:Maintenance","Doubt","hermit:TrackingShot","hermit:HighNoon"],"relics":["hermit:Momento","White Beast Statue"],"acts_visited":["Exordium","TheCity"],"potions_floor_usage":[7,16,16,16,18],"damage_taken":[{"damage":6,"enemies":"Jaw Worm","floor":1,"turns":2},{"damage":0,"enemies":"2 Louse","floor":2,"turns":1},{"damage":0,"enemies":"Small Slimes","floor":3,"turns":2},{"damage":5,"enemies":"Looter","floor":4,"turns":3},{"damage":0,"enemies":"Exordium Wildlife","floor":5,"turns":3},{"damage":21,"enemies":"Large Slime","floor":7,"turns":9},{"damage":0,"enemies":"Exordium Thugs","floor":10,"turns":4},{"damage":2,"enemies":"Looter","floor":11,"turns":4},{"damage":2,"enemies":"Exordium Wildlife","floor":12,"turns":4},{"damage":0,"enemies":"2 Fungi Beasts","floor":14,"turns":3},{"damage":51,"enemies":"The Guardian","floor":16,"turns":18},{"damage":84,"enemies":"3 Byrds","floor":18,"turns":6}],"seed_played":"-8931885231180436312","potions_obtained":[{"floor":1,"key":"Dexterity Potion"},{"floor":4,"key":"SneckoOil"},{"floor":7,"key":"Weak Potion"},{"floor":10,"key":"SteroidPotion"},{"floor":12,"key":"hermit:BlackBile"},{"floor":16,"key":"SneckoOil"}],"is_trial":false,"path_per_floor":["M","M","M","M","M","R","M","R","T","M","M","M","?","M","R","B",null,"M"],"character_chosen":"HERMIT","items_purchased":[],"campfire_rested":2,"item_purchase_floors":[],"current_hp_per_floor":[69,69,69,64,64,64,43,65,65,65,63,61,61,61,75,24,75,0,0],"gold":412,"neow_bonus":"TRANSFORM_TWO_CARDS","is_daily":false,"chose_seed":false,"campfire_upgraded":1,"win_rate":0.0,"timestamp":1611229140,"path_taken":["M","M","M","M","M","R","M","R","T","M","M","M","?","M","R","BOSS","M"],"items_purchased_type":[],"build_version":"2020-12-22","purchased_purges":0,"victory":false,"max_hp_per_floor":[75,75,75,75,75,75,75,75,75,75,75,75,75,75,75,75,75,75,75],"card_choices":[{"not_picked":["hermit:LowProfile","hermit:HoleUp"],"picked":"hermit:Feint","floor":1},{"not_picked":["hermit:TakeCover","hermit:CalledShot"],"picked":"hermit:DeadMansHand","floor":2},{"not_picked":["hermit:HighCaliber","hermit:FinalCanter"],"picked":"hermit:Dive","floor":3},{"not_picked":["hermit:Midnight","hermit:Dive"],"picked":"hermit:WideOpen","floor":4},{"not_picked":["hermit:DeadMansHand","hermit:Headshot"],"picked":"hermit:LowProfile","floor":5},{"not_picked":["hermit:Horror","hermit:Grudge"],"picked":"hermit:Ricochet","floor":7},{"not_picked":["hermit:LowProfile","hermit:WideOpen"],"picked":"hermit:HoleUp","floor":10},{"not_picked":["hermit:BodyArmor","hermit:Quickdraw"],"picked":"hermit:Maintenance","floor":11},{"not_picked":["hermit:CalledShot","hermit:Ricochet","hermit:Malice"],"picked":"SKIP","floor":12},{"not_picked":["hermit:Roulette","hermit:Adapt"],"picked":"hermit:TrackingShot","floor":14},{"not_picked":["hermit:FromBeyond","hermit:BlackWind"],"picked":"hermit:HighNoon","floor":16}],"player_experience":30274,"relics_obtained":[{"floor":9,"key":"White Beast Statue"}],"event_choices":[{"damage_healed":0,"gold_gain":175,"player_choice":"AGREE","damage_taken":0,"max_hp_gain":0,"max_hp_loss":0,"event_name":"Liars Game","floor":13,"gold_loss":0,"cards_obtained":["Doubt"]}],"is_beta":false,"boss_relics":[{"not_picked":["Velvet Choker","Coffee Dripper","Fusion Hammer"]}],"items_purged_floors":[],"is_endless":false,"potions_floor_spawned":[1,4,7,10,11,12,14,16],"killed_by":"3 Byrds","ascension_level":0}}