{"host":"6a9c3xws62y7efyw","time":1611217846,"event":{"mods":["BaseMod","Colored Map","Minty Spire (QoL Compilation)","Relic Stats","StSLib"],"gold_per_floor":[359,373,388,47,65,98,98,110,110,110,125,141,13,28,28,105,105,105,105,105,105,16,16,16,16,16,16,16,16,16,16,16,16,16,16,16,16,16,16,16,16,16,16,16,16,16,16,16,16,16,16,16,16,16,16,16],"floor_reached":57,"language":"ENG","playtime":4475,"items_purged":["Strike_G","Strike_G"],"score":3262,"play_id":"78147157-bbc3-4e48-bbe9-a91414eb4f39","local_time":"20210121003046","is_ascension_mode":true,"campfire_choices":[{"floor":7.0,"key":"REST"},{"data":"Blade Dance","floor":10.0,"key":"SMITH"},{"data":"Cloak And Dagger","floor":15.0,"key":"SMITH"},{"data":"After Image","floor":27.0,"key":"SMITH"},{"data":"Wraith Form v2","floor":29.0,"key":"SMITH"},{"data":"Adrenaline","floor":32.0,"key":"SMITH"},{"floor":41.0,"key":"RECALL"},{"data":"Wraith Form v2","floor":44.0,"key":"SMITH"},{"floor":49.0,"key":"REST"},{"data":"Cloak And Dagger","floor":53.0,"key":"SMITH"}],"circlet_count":0,"master_deck":["AscendersBane","Strike_G","Strike_G","Strike_G","Defend_G","Defend_G","Defend_G","Defend_G","Defend_G","Survivor","Neutralize","Flying Knee","Deadly Poison","Adrenaline+1","Blade Dance","Escape Plan","Noxious Fumes","Dash","Blade Dance+1","After Image+1","Cloak And Dagger+1","Cloak And Dagger+1","Malaise","Cloak And Dagger+1","Cloak And Dagger","Corpse Explosion","PiercingWail","Wraith Form v2+1","Well Laid Plans","Infinite Blades+1","Concentrate","Phantasmal Killer","Dodge and Roll+1","Wraith Form v2+1","Backflip+1","Concentrate","Cloak And Dagger","Storm of Steel","Prepared+1","Leg Sweep","Purity","Panacea","Dark Shackles","Cloak And Dagger+1","Concentrate","Finisher+1","Tactician"],"relics":["Ring of the Snake","Oddly Smooth Stone","Shuriken","Dead Branch","Ectoplasm","Red Mask","Turnip","Girya","Prayer Wheel","Blood Vial","Black Star","Gambling Chip","Mercury Hourglass","Kunai","Singing Bowl","HornCleat","Calipers","Du-Vu Doll","Blue Candle","Paper Crane"],"acts_visited":["Exordium","TheCity","TheBeyond","TheEnding"],"potions_floor_usage":[56],"damage_taken":[{"damage":17.0,"enemies":"Small Slimes","floor":1.0,"turns":5.0},{"damage":3.0,"enemies":"Jaw Worm","floor":2.0,"turns":5.0},{"damage":2.0,"enemies":"2 Louse","floor":3.0,"turns":4.0},{"damage":0.0,"enemies":"2 Fungi Beasts","floor":5.0,"turns":3.0},{"damage":16.0,"enemies":"3 Sentries","floor":6.0,"turns":9.0},{"damage":1.0,"enemies":"Large Slime","floor":8.0,"turns":6.0},{"damage":3.0,"enemies":"Lots of Slimes","floor":11.0,"turns":5.0},{"damage":0.0,"enemies":"3 Louse","floor":12.0,"turns":4.0},{"damage":0.0,"enemies":"Red Slaver","floor":14.0,"turns":3.0},{"damage":0.0,"enemies":"The Guardian","floor":16.0,"turns":10.0},{"damage":8.0,"enemies":"Shell Parasite","floor":18.0,"turns":3.0},{"damage":0.0,"enemies":"Chosen","floor":19.0,"turns":2.0},{"damage":5.0,"enemies":"Masked Bandits","floor":20.0,"turns":2.0},{"damage":0.0,"enemies":"Snake Plant","floor":21.0,"turns":3.0},{"damage":0.0,"enemies":"Gremlin Leader","floor":23.0,"turns":4.0},{"damage":0.0,"enemies":"Cultist and Chosen","floor":24.0,"turns":3.0},{"damage":7.0,"enemies":"Slavers","floor":25.0,"turns":6.0},{"damage":0.0,"enemies":"Gremlin Leader","floor":28.0,"turns":5.0},{"damage":0.0,"enemies":"Snecko","floor":31.0,"turns":4.0},{"damage":3.0,"enemies":"Collector","floor":33.0,"turns":7.0},{"damage":0.0,"enemies":"3 Shapes","floor":35.0,"turns":2.0},{"damage":6.0,"enemies":"3 Darklings","floor":36.0,"turns":3.0},{"damage":0.0,"enemies":"Transient","floor":37.0,"turns":5.0},{"damage":0.0,"enemies":"Writhing Mass","floor":38.0,"turns":7.0},{"damage":2.0,"enemies":"2 Orb Walkers","floor":39.0,"turns":2.0},{"damage":10.0,"enemies":"Nemesis","floor":40.0,"turns":5.0},{"damage":0.0,"enemies":"Reptomancer","floor":46.0,"turns":4.0},{"damage":0.0,"enemies":"Spire Growth","floor":47.0,"turns":4.0},{"damage":0.0,"enemies":"Giant Head","floor":48.0,"turns":3.0},{"damage":4.0,"enemies":"Time Eater","floor":50.0,"turns":10.0},{"damage":0.0,"enemies":"Awakened One","floor":51.0,"turns":8.0},{"damage":22.0,"enemies":"Shield and Spear","floor":55.0,"turns":8.0},{"damage":30,"enemies":"The Heart","floor":56,"turns":12}],"seed_played":"-1807890893026895292","potions_obtained":[{"floor":1.0,"key":"SteroidPotion"},{"floor":2.0,"key":"DuplicationPotion"},{"floor":39.0,"key":"ColorlessPotion"},{"floor":48.0,"key":"Fire Potion"}],"is_trial":false,"path_per_floor":["M","M","M","$","M","E","R","M","T","R","M","M","$","M","R","B",null,"M","M","?","M","$","E","M","E","T","R","E","R","?","M","R","B",null,"M","M","M","M","?","E","R","?","T","R","?","E","M","E","R","B","B",null,"R","$","E","B",null],"character_chosen":"THE_SILENT","items_purchased":["Oddly Smooth Stone","Blade Dance","Escape Plan","Cloak And Dagger","Wraith Form v2"],"campfire_rested":2,"item_purchase_floors":[4,4,4,13,22],"current_hp_per_floor":[27,24,22,22,22,6,25,24,24,24,21,21,21,21,21,21,55,47,47,42,42,42,42,42,35,35,35,35,35,35,37,37,36,59,61,57,59,61,61,53,53,43,43,43,43,45,49,51,68,64,66,68,68,68,46,18],"gold":16,"neow_bonus":"TWO_FIFTY_GOLD","is_daily":false,"chose_seed":false,"campfire_upgraded":7,"win_rate":0.0,"timestamp":1611217846,"path_taken":["M","M","M","$","M","E","R","M","T","R","M","M","$","M","R","BOSS","M","M","?","M","$","E","M","E","T","R","E","R","?","M","R","BOSS","M","M","M","M","?","E","R","?","T","R","?","E","M","E","R","BOSS","BOSS","R","$","E","BOSS"],"items_purchased_type":["Relic","Card","Card","Card","Card"],"build_version":"2020-12-22","purchased_purges":2,"victory":true,"max_hp_per_floor":[66,66,66,66,66,66,66,66,66,66,66,66,66,66,66,66,66,66,66,66,66,66,66,66,66,66,66,66,66,66,66,66,66,66,66,66,66,66,66,66,66,66,66,66,66,66,68,68,68,68,68,68,68,68,68,68],"relic_stats":{"Singing Bowl":2,"counters":[33,166],"Dead Branch":[543],"Blue Candle":[0],"Mercury Hourglass":[180],"Blood Vial":26,"Shuriken":[156],"Gambling Chip":[21],"Prayer Wheel":6,"Ectoplasm":532,"Turnip":[8],"Black Star":4,"Kunai":[62],"obtain_stats":[{"Girya":25,"Calipers":46,"Singing Bowl":45,"Dead Branch":9,"Blue Candle":48,"Oddly Smooth Stone":4,"Paper Crane":55,"Mercury Hourglass":40,"Blood Vial":28,"Du-Vu Doll":48,"HornCleat":46,"Shuriken":6,"Gambling Chip":39,"Prayer Wheel":26,"Ectoplasm":17,"Turnip":23,"Red Mask":20,"Black Star":34,"Kunai":40,"Ring of the Snake":0},{"Girya":17,"Calipers":27,"Singing Bowl":26,"Dead Branch":6,"Blue Candle":29,"Oddly Smooth Stone":3,"Paper Crane":32,"Mercury Hourglass":26,"Blood Vial":18,"Du-Vu Doll":29,"HornCleat":27,"Shuriken":5,"Gambling Chip":25,"Prayer Wheel":17,"Ectoplasm":10,"Turnip":15,"Red Mask":13,"Black Star":20,"Kunai":26,"Ring of the Snake":0},{"Girya":77,"Calipers":121,"Singing Bowl":117,"Dead Branch":32,"Blue Candle":128,"Oddly Smooth Stone":14,"Paper Crane":154,"Mercury Hourglass":117,"Blood Vial":82,"Du-Vu Doll":128,"HornCleat":121,"Shuriken":26,"Gambling Chip":112,"Prayer Wheel":77,"Ectoplasm":54,"Turnip":68,"Red Mask":61,"Black Star":93,"Kunai":117,"Ring of the Snake":0}],"Ring of the Snake":[66]},"card_choices":[{"not_picked":["Flechettes","Outmaneuver"],"picked":"Flying Knee","floor":1.0},{"not_picked":["PiercingWail","Sucker Punch"],"picked":"Deadly Poison","floor":2.0},{"not_picked":["Slice","Deadly Poison"],"picked":"Adrenaline","floor":3.0},{"not_picked":["Outmaneuver","Heel Hook"],"picked":"Noxious Fumes","floor":5.0},{"not_picked":["Flying Knee","Caltrops"],"picked":"Dash","floor":6.0},{"not_picked":["Finisher","Bane"],"picked":"Blade Dance","floor":8.0},{"not_picked":["Backstab","Catalyst"],"picked":"After Image","floor":11.0},{"not_picked":["Quick Slash","PiercingWail"],"picked":"Cloak And Dagger","floor":12.0},{"not_picked":["Poisoned Stab","Distraction","Expertise"],"picked":"SKIP","floor":14.0},{"not_picked":["Storm of Steel","Grand Finale"],"picked":"Malaise","floor":16.0},{"not_picked":["PiercingWail","Prepared"],"picked":"Cloak And Dagger+1","floor":18.0},{"not_picked":["Backflip","PiercingWail"],"picked":"Cloak And Dagger","floor":19.0},{"not_picked":["Dagger Spray","Cloak And Dagger+1"],"picked":"Corpse Explosion","floor":20.0},{"not_picked":["Calculated Gamble","Deadly Poison"],"picked":"PiercingWail","floor":21.0},{"not_picked":["Reflex","All Out Attack"],"picked":"Well Laid Plans","floor":23.0},{"not_picked":["Dagger Throw","Blur"],"picked":"Infinite Blades+1","floor":24.0},{"not_picked":["Tactician","All Out Attack"],"picked":"Concentrate","floor":25.0},{"not_picked":["Heel Hook","Cloak And Dagger","Poisoned Stab"],"picked":"SKIP","floor":28.0},{"not_picked":["Sucker Punch","Bouncing Flask"],"picked":"Dodge and Roll+1","floor":31.0},{"not_picked":["Poisoned Stab","Deadly Poison","Sucker Punch"],"picked":"SKIP","floor":31.0},{"not_picked":["A Thousand Cuts","Burst"],"picked":"Wraith Form v2","floor":33.0},{"not_picked":["Infinite Blades","Backstab"],"picked":"Backflip+1","floor":35.0},{"not_picked":["Sucker Punch","Poisoned Stab"],"picked":"Concentrate","floor":35.0},{"not_picked":["Flying Knee","Die Die Die","Bouncing Flask"],"picked":"SKIP","floor":36.0},{"not_picked":["Backflip","Flying Knee","Underhanded Strike"],"picked":"SKIP","floor":36.0},{"not_picked":["Slice","Finisher"],"picked":"Cloak And Dagger","floor":37.0},{"not_picked":["Dagger Spray","Infinite Blades","Bane"],"picked":"SKIP","floor":37.0},{"not_picked":["Slice+1","Sucker Punch"],"picked":"Storm of Steel","floor":38.0},{"not_picked":["Slice","Backflip","All Out Attack+1"],"picked":"SKIP","floor":38.0},{"not_picked":["Dash+1","Deflect"],"picked":"Prepared+1","floor":39.0},{"not_picked":["Terror","Tactician"],"picked":"Leg Sweep","floor":40.0},{"not_picked":["Bandage Up","Good Instincts"],"picked":"Purity","floor":42.0},{"not_picked":["Magnetism","Panache"],"picked":"Panacea","floor":42.0},{"not_picked":["Madness","Transmutation"],"picked":"Dark Shackles","floor":42.0},{"not_picked":["Deadly Poison+1","Storm of Steel"],"picked":"Cloak And Dagger+1","floor":46.0},{"not_picked":["Skewer","Accuracy"],"picked":"Concentrate","floor":47.0},{"not_picked":["Well Laid Plans","Flechettes","PiercingWail"],"picked":"Singing Bowl","floor":47.0},{"not_picked":["Cloak And Dagger","Choke+1"],"picked":"Finisher+1","floor":48.0},{"not_picked":["Outmaneuver","Prepared+1"],"picked":"Tactician","floor":55.0}],"player_experience":1390321,"relics_obtained":[{"floor":6.0,"key":"Shuriken"},{"floor":9.0,"key":"Dead Branch"},{"floor":20.0,"key":"Red Mask"},{"floor":23.0,"key":"Turnip"},{"floor":25.0,"key":"Girya"},{"floor":26.0,"key":"Prayer Wheel"},{"floor":28.0,"key":"Blood Vial"},{"floor":39.0,"key":"Gambling Chip"},{"floor":40.0,"key":"Mercury Hourglass"},{"floor":40.0,"key":"Kunai"},{"floor":46.0,"key":"HornCleat"},{"floor":46.0,"key":"Calipers"},{"floor":48.0,"key":"Du-Vu Doll"},{"floor":48.0,"key":"Blue Candle"},{"floor":55.0,"key":"Paper Crane"}],"event_choices":[{"damage_healed":0.0,"max_hp_gain":0.0,"max_hp_loss":0.0,"gold_gain":0.0,"event_name":"Masked Bandits","player_choice":"Fought Bandits","floor":20.0,"gold_loss":0.0,"damage_taken":0.0},{"damage_healed":0.0,"max_hp_gain":0.0,"max_hp_loss":0.0,"gold_gain":0.0,"event_name":"The Library","player_choice":"Read","floor":30.0,"gold_loss":0.0,"damage_taken":0.0,"cards_obtained":["Phantasmal Killer"]},{"damage_healed":0.0,"max_hp_gain":0.0,"max_hp_loss":0.0,"gold_gain":0.0,"event_name":"Mysterious Sphere","player_choice":"Fight","floor":39.0,"gold_loss":0.0,"damage_taken":0.0},{"damage_healed":0.0,"max_hp_gain":0.0,"max_hp_loss":0.0,"gold_gain":0.0,"event_name":"SensoryStone","player_choice":"Memory 3","floor":42.0,"gold_loss":0.0,"damage_taken":10.0},{"damage_healed":0.0,"max_hp_gain":0.0,"max_hp_loss":0.0,"gold_gain":0.0,"event_name":"WeMeetAgain","player_choice":"Gave Potion","floor":45.0,"gold_loss":0.0,"damage_taken":0.0,"relics_obtained":["Singing Bowl"]}],"is_beta":false,"boss_relics":[{"not_picked":["Empty Cage","Runic Pyramid"],"picked":"Ectoplasm"},{"not_picked":["Busted Crown","HoveringKite"],"picked":"Black Star"}],"items_purged_floors":[4,13],"is_endless":false,"potions_floor_spawned":[1,2,11,12,18,19,31,33,35,39,40,48],"ascension_level":20}}