{"host":"x0zs2aah5aepmxqq","time":1611261234,"event":{"mods":["BaseMod","Downfall","Minty Spire (QoL Compilation)","StSLib"],"gold_per_floor":[99,109,128,140,240,571,571,471,496,564,564,30,30,80,97,198,198,198,213,224,294,305,355,355,355],"floor_reached":23,"language":"ENG","playtime":2726,"items_purged":[],"score":228,"play_id":"f4bb0d17-2348-425a-a9a1-cebdb1b30c01","local_time":"20210121133354","is_ascension_mode":false,"campfire_choices":[{"floor":1.0,"key":"RECALL"},{"data":"hexamod:Sear","floor":8.0,"key":"SMITH"},{"data":"hexamod:SuperheatedStrike","floor":11.0,"key":"SMITH"},{"data":"hexamod:ExtraCrispy","floor":13.0,"key":"SMITH"},{"data":"hexamod:HexaLevel","floor":18,"key":"SMITH"}],"circlet_count":0,"master_deck":["hexamod:Strike","hexamod:Strike","hexamod:Strike","hexamod:Strike","hexamod:Defend","hexamod:Defend","hexamod:Defend","hexamod:Defend","hexamod:Sear+1","hexamod:Float","hexamod:PowerFromBeyond","hexamod:ExtraCrispy+1","hexamod:SuperheatedStrike+1","hexamod:FastForward","hexamod:GhostflameBarrier","hexamod:SpectralSpark","hexamod:HauntingEcho","hexamod:EmpoweredFlame","hexamod:SoulSteal","hexamod:HexaLevel+1","hexamod:ShieldOfDarkness","hexamod:NightmareGuise"],"relics":["hexamod:SpiritBrand","Bag of Preparation","downfall:CloakOfManyFaces","CultistMask","FaceOfCleric","NlothsMask","GremlinMask","SsserpentHead","Old Coin","downfall:HeartBlessingRed","Singing Bowl","Lee\u0027s Waffle","Gremlin Horn","hexamod:IceCube"],"acts_visited":["Exordium","TheCity"],"potions_floor_usage":[23,23],"damage_taken":[{"damage":0.0,"enemies":"Cultist","floor":2.0,"turns":3.0},{"damage":1.0,"enemies":"Jaw Worm","floor":3.0,"turns":3.0},{"damage":0.0,"enemies":"Small Slimes","floor":4.0,"turns":3.0},{"damage":0.0,"enemies":"downfall:FaceTrader","floor":5.0,"turns":6.0},{"damage":12.0,"enemies":"Lagavulin","floor":6.0,"turns":5.0},{"damage":4.0,"enemies":"Gremlin Nob","floor":9.0,"turns":4.0},{"damage":3.0,"enemies":"3 Louse","floor":10.0,"turns":3.0},{"damage":0.0,"enemies":"downfall:FleeingMerchant","floor":12.0,"turns":4.0},{"damage":9.0,"enemies":"Large Slime","floor":15.0,"turns":5.0},{"damage":37.0,"enemies":"WA_ARCHETYPE_RETAIN","floor":16.0,"turns":7.0},{"damage":10,"enemies":"Chosen","floor":19,"turns":4},{"damage":30,"enemies":"3 Byrds","floor":20,"turns":5},{"damage":25,"enemies":"Snake Plant","floor":21,"turns":5},{"damage":14,"enemies":"Shelled Parasite and Fungi","floor":22,"turns":6},{"damage":17,"enemies":"DF_ARCHETYPE_STREAMLINE","floor":23,"turns":6}],"seed_played":"-296476201992282747","potions_obtained":[{"floor":3.0,"key":"DistilledChaos"},{"floor":6.0,"key":"CultistPotion"},{"floor":9.0,"key":"champ:CounterPotion"},{"floor":14.0,"key":"FearPotion"},{"floor":16.0,"key":"DistilledChaos"},{"floor":19,"key":"CultistPotion"}],"is_trial":false,"path_per_floor":["R","M","M","M","?","E","T","R","E","M","R","$","R","?","M","B",null,"R","M","M","M","M","?"],"character_chosen":"THE_SPIRIT","items_purchased":["Lee\u0027s Waffle","Gremlin Horn","hexamod:SoulSteal","hexamod:SoulburnPotion"],"campfire_rested":0,"item_purchase_floors":[12,12,12,12],"current_hp_per_floor":[70,70,69,69,69,58,58,58,55,53,53,81,81,81,75,39,85,85,76,49,25,14,0,0,0],"gold":355,"neow_bonus":"RANDOM_COMMON_RELIC","is_daily":false,"chose_seed":false,"campfire_upgraded":4,"win_rate":0.0,"timestamp":1611261234,"path_taken":["R","M","?","M","?","E","T","R","E","?","R","$","R","?","M","BOSS","R","M","M","?","M","?"],"items_purchased_type":["Relic","Relic","Card","Potion"],"build_version":"2020-12-22","purchased_purges":0,"victory":false,"max_hp_per_floor":[70,70,70,70,70,71,71,71,72,73,73,81,81,81,84,85,85,85,86,89,90,93,93,93,93],"card_choices":[{"not_picked":["hexamod:HauntingEcho","hexamod:SuperheatedStrike"],"picked":"hexamod:PowerFromBeyond","floor":2.0},{"not_picked":["hexamod:SpectersWail","hexamod:AdvancingGuard"],"picked":"hexamod:ExtraCrispy","floor":3.0},{"not_picked":["hexamod:ShieldOfDarkness","hexamod:HeatCrush"],"picked":"hexamod:SuperheatedStrike","floor":4.0},{"not_picked":["hexamod:HauntingEcho","hexamod:SecondSeal"],"picked":"hexamod:FastForward","floor":5.0},{"not_picked":["hexamod:Firestarter","hexamod:InspiringFlames"],"picked":"hexamod:GhostflameBarrier","floor":6.0},{"not_picked":["hexamod:GhostflameBarrier","hexamod:UnleashSpirits"],"picked":"hexamod:SpectralSpark","floor":9.0},{"not_picked":["hexamod:InspiringFlames","hexamod:RainOfEmbers"],"picked":"hexamod:HauntingEcho","floor":10.0},{"not_picked":["hexamod:SpectersWail","hexamod:UnleashSpirits"],"picked":"hexamod:EmpoweredFlame","floor":12.0},{"not_picked":["hexamod:SoulSteal","hexamod:Haunt","hexamod:GhostflameBarrier"],"picked":"Singing Bowl","floor":15.0},{"not_picked":["hexamod:TimeWarp","hexamod:FifthSeal"],"picked":"hexamod:HexaLevel","floor":16.0},{"not_picked":["hexamod:PhantomCloak","hexamod:BacktrackSmack+1"],"picked":"hexamod:ShieldOfDarkness","floor":19},{"not_picked":["hexamod:NightmareStrike","hexamod:BurningTouch","hexamod:GhostLash"],"picked":"Singing Bowl","floor":20},{"not_picked":["hexamod:InspiringFlames","hexamod:HeatMetal"],"picked":"hexamod:NightmareGuise","floor":21},{"not_picked":["hexamod:InspiringFlames","hexamod:SpectralAdrenaline","hexamod:FlamesFromBeyond"],"picked":"Singing Bowl","floor":22}],"player_experience":306309,"relics_obtained":[{"floor":5.0,"key":"downfall:CloakOfManyFaces"},{"floor":6.0,"key":"Old Coin"},{"floor":9.0,"key":"Singing Bowl"}],"event_choices":[{"damage_healed":0.0,"max_hp_gain":0.0,"max_hp_loss":0.0,"gold_gain":0.0,"event_name":"Lab","player_choice":"Got Potions","floor":14.0,"gold_loss":0.0,"damage_taken":0.0}],"is_beta":false,"boss_relics":[{"not_picked":["Calling Bell","Snecko Eye"],"picked":"hexamod:IceCube"}],"items_purged_floors":[],"is_endless":false,"potions_floor_spawned":[3,6,9,16,19,20,21],"killed_by":"DF_ARCHETYPE_STREAMLINE","ascension_level":0}}