{"host":"lip44byzewa3adv8","time":1611201865,"event":{"mods":["BaseMod","Curses Come First","Minty Spire (QoL Compilation)","Relic Sorter","Relic Stats","StSLib","Synergy Search"],"gold_per_floor":[118,137,154,173,191,191,204,233,233,233,265,282,102,116,116,213,213,230,230,11,21,21,21,39,55,81,112,112,112,143,160,160,265,265,279,296,311,327,340,340,351,96,120,120,18,37,50,96,96,96],"floor_reached":51,"language":"ENG","playtime":4110,"items_purged":["Strike_G","Shame","Writhe"],"score":909,"play_id":"b196ad69-ba9f-4b25-be88-172aeca5dca3","local_time":"20210120230425","is_ascension_mode":true,"campfire_choices":[{"data":"A Thousand Cuts","floor":6.0,"key":"SMITH"},{"floor":10.0,"key":"REST"},{"floor":15.0,"key":"REST"},{"data":"Die Die Die","floor":23.0,"key":"SMITH"},{"data":"PiercingWail","floor":32.0,"key":"SMITH"},{"floor":40.0,"key":"REST"},{"floor":49.0,"key":"REST"}],"circlet_count":0,"master_deck":["Strike_G+1","Strike_G+1","Strike_G+1","Strike_G+1","Defend_G+1","Defend_G+1","Defend_G+1","Defend_G+1","Defend_G+1","Survivor","Neutralize","Underhanded Strike","PiercingWail+1","Sucker Punch","A Thousand Cuts+1","Crippling Poison","Dagger Spray","Terror","Infinite Blades+1","Dodge and Roll+1","PiercingWail+1","Caltrops+1","Blur+1","Die Die Die+1","Footwork+1","Dodge and Roll+1","Footwork+1","Bouncing Flask+1","Backflip+1","Leg Sweep+1","Corpse Explosion+1","Deflect+1","Calculated Gamble+1","Prepared+1","Prepared+1","Tools of the Trade+1","Leg Sweep+1"],"relics":["Ring of the Serpent","Letter Opener","Frozen Egg 2","Toxic Egg 2","Cursed Key","Nilry\u0027s Codex","Nunchaku","Smiling Mask","Pear","Matryoshka","Pen Nib","Dream Catcher","Turnip"],"acts_visited":["Exordium","TheCity","TheBeyond"],"potions_floor_usage":[50,50],"damage_taken":[{"damage":0.0,"enemies":"Cultist","floor":1.0,"turns":5.0},{"damage":0.0,"enemies":"Small Slimes","floor":2.0,"turns":4.0},{"damage":0.0,"enemies":"2 Louse","floor":3.0,"turns":3.0},{"damage":11.0,"enemies":"Red Slaver","floor":4.0,"turns":6.0},{"damage":0.0,"enemies":"2 Fungi Beasts","floor":5.0,"turns":4.0},{"damage":0.0,"enemies":"Large Slime","floor":7.0,"turns":7.0},{"damage":55.0,"enemies":"Gremlin Nob","floor":8.0,"turns":6.0},{"damage":30.0,"enemies":"3 Sentries","floor":11.0,"turns":7.0},{"damage":2.0,"enemies":"Blue Slaver","floor":12.0,"turns":5.0},{"damage":0.0,"enemies":"2 Fungi Beasts","floor":14.0,"turns":3.0},{"damage":0.0,"enemies":"Hexaghost","floor":16.0,"turns":9.0},{"damage":3.0,"enemies":"2 Thieves","floor":18.0,"turns":4.0},{"damage":12.0,"enemies":"Spheric Guardian","floor":21.0,"turns":5.0},{"damage":0.0,"enemies":"3 Cultists","floor":24.0,"turns":3.0},{"damage":7.0,"enemies":"Snecko","floor":25.0,"turns":5.0},{"damage":14.0,"enemies":"Book of Stabbing","floor":27.0,"turns":6.0},{"damage":10.0,"enemies":"Slavers","floor":30.0,"turns":6.0},{"damage":0.0,"enemies":"Snake Plant","floor":31.0,"turns":7.0},{"damage":37.0,"enemies":"Collector","floor":33.0,"turns":10.0},{"damage":19.0,"enemies":"3 Darklings","floor":35.0,"turns":4.0},{"damage":2.0,"enemies":"Orb Walker","floor":36.0,"turns":5.0},{"damage":0.0,"enemies":"Maw","floor":37.0,"turns":8.0},{"damage":10.0,"enemies":"Jaw Worm Horde","floor":38.0,"turns":4.0},{"damage":11.0,"enemies":"Sphere and 2 Shapes","floor":39.0,"turns":5.0},{"damage":21.0,"enemies":"4 Shapes","floor":41.0,"turns":2.0},{"damage":8.0,"enemies":"Spire Growth","floor":46.0,"turns":5.0},{"damage":0.0,"enemies":"Sphere and 2 Shapes","floor":47.0,"turns":7.0},{"damage":6.0,"enemies":"2 Orb Walkers","floor":48.0,"turns":7.0},{"damage":37,"enemies":"Awakened One","floor":50,"turns":30}],"seed_played":"-5118562041485844805","potions_obtained":[{"floor":4.0,"key":"DistilledChaos"},{"floor":7.0,"key":"BlessingOfTheForge"},{"floor":11.0,"key":"FearPotion"},{"floor":12.0,"key":"SkillPotion"},{"floor":14.0,"key":"Regen Potion"},{"floor":16.0,"key":"SkillPotion"},{"floor":18.0,"key":"Explosive Potion"},{"floor":24.0,"key":"AttackPotion"},{"floor":27.0,"key":"BlessingOfTheForge"},{"floor":35.0,"key":"Regen Potion"},{"floor":41.0,"key":"AttackPotion"},{"floor":46.0,"key":"Swift Potion"},{"floor":47.0,"key":"ColorlessPotion"}],"is_trial":false,"path_per_floor":["M","M","M","M","M","R","M","E","T","R","E","M","$","M","R","B",null,"M","?","$","M","?","R","M","M","T","E","?","?","E","M","R","B",null,"M","M","M","M","M","R","M","$","T","?","$","M","M","?","R","B",null],"character_chosen":"THE_SILENT","items_purchased":["PiercingWail+1","Caltrops+1","Footwork+1","Nunchaku","Prepared+1","Pen Nib","Energy Potion"],"campfire_rested":4,"item_purchase_floors":[13,13,20,20,42,42,45],"current_hp_per_floor":[77,77,77,66,66,66,66,11,11,34,4,2,2,2,25,40,68,65,49,49,37,77,77,77,70,70,66,66,66,56,56,56,19,70,51,49,64,54,43,69,48,48,48,48,48,40,40,34,58,21],"gold":96,"neow_bonus":"TEN_PERCENT_HP_BONUS","is_daily":false,"chose_seed":false,"campfire_upgraded":3,"win_rate":0.0,"timestamp":1611201865,"path_taken":["M","M","M","?","M","R","M","E","T","R","E","M","$","M","R","BOSS","M","?","$","M","?","R","?","M","T","E","?","?","E","M","R","BOSS","M","M","M","M","M","R","M","$","T","?","$","M","M","?","R","BOSS"],"items_purchased_type":["Card","Card","Card","Relic","Card","Relic","Potion"],"build_version":"2020-12-22","purchased_purges":3,"victory":true,"max_hp_per_floor":[77,77,77,77,77,77,77,77,77,77,77,77,77,77,77,77,77,77,77,77,77,77,77,77,77,77,87,87,87,87,87,87,87,87,87,87,87,87,87,87,87,87,87,83,83,83,83,83,83,83],"relic_stats":{"Nunchaku":[19],"Dream Catcher":1,"counters":[29,182],"Pen Nib":[7],"Turnip":[0],"Letter Opener":[309],"Cursed Key":2,"Smiling Mask":125,"obtain_stats":[{"Pear":27,"Nilry\u0027s Codex":19,"Pen Nib":42,"Letter Opener":8,"Frozen Egg 2":9,"Cursed Key":17,"Smiling Mask":26,"Nunchaku":20,"Dream Catcher":43,"Matryoshka":30,"Turnip":48,"Toxic Egg 2":11,"Ring of the Serpent":34,"Ring of the Snake":0},{"Pear":16,"Nilry\u0027s Codex":12,"Pen Nib":25,"Letter Opener":7,"Frozen Egg 2":7,"Cursed Key":11,"Smiling Mask":15,"Nunchaku":12,"Dream Catcher":25,"Matryoshka":17,"Turnip":28,"Toxic Egg 2":8,"Ring of the Serpent":19,"Ring of the Snake":0},{"Pear":82,"Nilry\u0027s Codex":63,"Pen Nib":133,"Letter Opener":35,"Frozen Egg 2":35,"Cursed Key":59,"Smiling Mask":76,"Nunchaku":63,"Dream Catcher":133,"Matryoshka":88,"Turnip":152,"Toxic Egg 2":42,"Ring of the Serpent":105,"Ring of the Snake":0}]},"card_choices":[{"not_picked":["Bane","Deflect"],"picked":"Underhanded Strike","floor":1.0},{"not_picked":["Dagger Throw","Blur"],"picked":"PiercingWail","floor":2.0},{"not_picked":["Acrobatics","Quick Slash"],"picked":"Sucker Punch","floor":3.0},{"not_picked":["Poisoned Stab","Riddle With Holes"],"picked":"A Thousand Cuts","floor":4.0},{"not_picked":["Bane","Dodge and Roll"],"picked":"Crippling Poison","floor":5.0},{"not_picked":["Infinite Blades","Underhanded Strike"],"picked":"Dagger Spray","floor":7.0},{"not_picked":["Sucker Punch","A Thousand Cuts"],"picked":"Terror","floor":8.0},{"not_picked":["A Thousand Cuts+1","Flying Knee"],"picked":"Infinite Blades+1","floor":11.0},{"not_picked":["Infinite Blades+1","Finisher"],"picked":"Dodge and Roll+1","floor":12.0},{"not_picked":["Quick Slash","Slice"],"picked":"Blur+1","floor":14.0},{"not_picked":["Venomology+1","Storm of Steel+1"],"picked":"Die Die Die","floor":16.0},{"not_picked":["Bane","Sucker Punch","Acrobatics+1"],"picked":"SKIP","floor":18.0},{"not_picked":["Eviscerate","Crippling Poison+1","Quick Slash+1"],"picked":"SKIP","floor":21.0},{"not_picked":["Quick Slash","Bane+1"],"picked":"Dodge and Roll+1","floor":24.0},{"not_picked":["Slice+1","Concentrate+1"],"picked":"Footwork+1","floor":25.0},{"not_picked":["Acrobatics+1","Heel Hook"],"picked":"Bouncing Flask+1","floor":27.0},{"not_picked":["Dodge and Roll+1","Outmaneuver+1"],"picked":"Leg Sweep+1","floor":30.0},{"not_picked":["Acrobatics+1","Outmaneuver+1","Sucker Punch"],"picked":"SKIP","floor":31.0},{"not_picked":["Doppelganger+1","Unload"],"picked":"Corpse Explosion+1","floor":33.0},{"not_picked":["Riddle With Holes","Dagger Throw","Infinite Blades+1"],"picked":"SKIP","floor":35.0},{"not_picked":["Acrobatics+1","Dagger Throw"],"picked":"Deflect+1","floor":36.0},{"not_picked":["Dagger Throw","Reflex+1","Dagger Spray"],"picked":"SKIP","floor":37.0},{"not_picked":["Flying Knee+1","Reflex+1","Sucker Punch"],"picked":"SKIP","floor":38.0},{"not_picked":["Bouncing Flask+1","Dagger Throw+1"],"picked":"Calculated Gamble+1","floor":39.0},{"not_picked":["Poisoned Stab+1","Quick Slash+1","Sucker Punch+1"],"picked":"SKIP","floor":41.0},{"not_picked":["Reflex+1","Dash"],"picked":"Prepared+1","floor":46.0},{"not_picked":["Slice","Quick Slash","Deflect+1"],"picked":"SKIP","floor":47.0},{"not_picked":["PiercingWail+1","Underhanded Strike"],"picked":"Tools of the Trade+1","floor":48.0},{"not_picked":["Noxious Fumes+1","Terror+1"],"picked":"Leg Sweep+1","floor":49.0}],"player_experience":736122,"relics_obtained":[{"floor":8.0,"key":"Letter Opener"},{"floor":9.0,"key":"Frozen Egg 2"},{"floor":11.0,"key":"Toxic Egg 2"},{"floor":19.0,"key":"Nilry\u0027s Codex"},{"floor":26.0,"key":"Smiling Mask"},{"floor":27.0,"key":"Pear"},{"floor":30.0,"key":"Matryoshka"},{"floor":43.0,"key":"Dream Catcher"},{"floor":48.0,"key":"Turnip"}],"event_choices":[{"damage_healed":0.0,"max_hp_gain":0.0,"max_hp_loss":0.0,"gold_gain":0.0,"event_name":"Cursed Tome","player_choice":"Obtained Book","floor":19.0,"gold_loss":0.0,"damage_taken":16.0},{"damage_healed":40.0,"max_hp_gain":0.0,"max_hp_loss":0.0,"gold_gain":0.0,"event_name":"Wheel of Change","player_choice":"Full Heal","floor":22.0,"gold_loss":0.0,"damage_taken":0.0},{"damage_healed":0.0,"max_hp_gain":0.0,"max_hp_loss":0.0,"gold_gain":0.0,"event_name":"Back to Basics","player_choice":"Simplicity","floor":28.0,"gold_loss":0.0,"damage_taken":0.0,"cards_upgraded":["Strike_G","Strike_G","Strike_G","Strike_G","Defend_G","Defend_G","Defend_G","Defend_G","Defend_G"]},{"damage_healed":0.0,"max_hp_gain":0.0,"max_hp_loss":0.0,"gold_gain":0.0,"event_name":"The Library","player_choice":"Read","floor":29.0,"gold_loss":0.0,"damage_taken":0.0,"cards_obtained":["Backflip"]},{"damage_healed":0.0,"max_hp_gain":0.0,"max_hp_loss":4.0,"gold_gain":0.0,"event_name":"Winding Halls","player_choice":"Max HP","floor":44.0,"gold_loss":0.0,"damage_taken":0.0},{"damage_healed":0.0,"max_hp_gain":0.0,"max_hp_loss":0.0,"gold_gain":0.0,"event_name":"Mysterious Sphere","player_choice":"Fight","floor":48.0,"gold_loss":0.0,"damage_taken":0.0}],"is_beta":false,"boss_relics":[{"not_picked":["Black Star","Empty Cage"],"picked":"Cursed Key"},{"not_picked":["Astrolabe","Calling Bell"],"picked":"Ring of the Serpent"}],"items_purged_floors":[13,42,45],"is_endless":false,"potions_floor_spawned":[4,7,11,12,14,16,18,24,25,27,35,41,46,47],"ascension_level":5}}