{"host":"swphzoo6hmc78epl","time":1611207382,"event":{"mods":["BaseMod","Highlight Path","Minty Spire (QoL Compilation)","Quick Restart"],"gold_per_floor":[111,123,134,154,174,189,201,34,34,34,51,62,162,182,182,279,329,343,52,70,85,85,111,111,111],"floor_reached":24,"language":"ENG","playtime":1338,"items_purged":["Strike_G","Strike_G"],"score":248,"play_id":"5cb48134-2d6a-46b1-b334-1c5e236f0760","local_time":"20210121003622","is_ascension_mode":true,"campfire_choices":[{"data":"Noxious Fumes","floor":10,"key":"SMITH"},{"data":"Distraction","floor":15,"key":"SMITH"}],"circlet_count":0,"master_deck":["Strike_G+1","Strike_G","Strike_G","Defend_G","Defend_G","Defend_G","Defend_G","Defend_G","Survivor","Neutralize","Quick Slash","Backflip","Footwork","Acrobatics","Escape Plan","Cloak And Dagger","Deadly Poison","Noxious Fumes+1","Deadly Poison","Dagger Throw","Distraction+1","After Image","Bane","Calculated Gamble+1","Noxious Fumes","Caltrops+1","Poisoned Stab"],"relics":["Sozu","CaptainsWheel","Tiny House","Oddly Smooth Stone","Ancient Tea Set","Kunai"],"acts_visited":["Exordium","TheCity"],"potions_floor_usage":[],"damage_taken":[{"damage":4,"enemies":"Cultist","floor":1,"turns":6},{"damage":0,"enemies":"2 Louse","floor":2,"turns":3},{"damage":1,"enemies":"Small Slimes","floor":3,"turns":3},{"damage":0,"enemies":"Red Slaver","floor":4,"turns":4},{"damage":0,"enemies":"3 Louse","floor":5,"turns":3},{"damage":0,"enemies":"Blue Slaver","floor":6,"turns":5},{"damage":1,"enemies":"Looter","floor":7,"turns":3},{"damage":0,"enemies":"Gremlin Gang","floor":11,"turns":5},{"damage":3,"enemies":"Red Slaver","floor":12,"turns":3},{"damage":8,"enemies":"3 Louse","floor":14,"turns":3},{"damage":27,"enemies":"The Guardian","floor":16,"turns":9},{"damage":0,"enemies":"Spheric Guardian","floor":18,"turns":5},{"damage":11,"enemies":"Shell Parasite","floor":20,"turns":5},{"damage":13,"enemies":"Shelled Parasite and Fungi","floor":21,"turns":5},{"damage":40,"enemies":"Slavers","floor":23,"turns":6},{"damage":16,"enemies":"Snake Plant","floor":24,"turns":2}],"seed_played":"-6486462248296693013","potions_obtained":[],"is_trial":false,"path_per_floor":["M","M","M","M","M","M","M","$","T","R","M","M","?","M","R","B",null,"M","$","M","M","T","E","M"],"character_chosen":"THE_SILENT","items_purchased":["Noxious Fumes","Deadly Poison","Noxious Fumes","Oddly Smooth Stone"],"campfire_rested":0,"item_purchase_floors":[8,8,19,19],"current_hp_per_floor":[66,66,65,65,65,65,64,64,64,64,64,61,61,53,53,26,75,75,75,64,51,51,11,0,0],"gold":111,"neow_bonus":"BOSS_RELIC","is_daily":false,"chose_seed":false,"campfire_upgraded":2,"win_rate":0.0,"timestamp":1611207382,"path_taken":["M","M","M","?","M","M","M","$","T","R","?","M","?","M","R","BOSS","M","$","?","M","?","E","M"],"items_purchased_type":["Card","Card","Card","Relic"],"build_version":"2020-12-22","purchased_purges":2,"victory":false,"max_hp_per_floor":[70,70,70,70,70,70,70,70,70,70,70,70,70,70,70,70,75,75,75,75,75,75,75,75,75],"card_choices":[{"not_picked":["Acrobatics","PiercingWail"],"picked":"Quick Slash","floor":1},{"not_picked":["Deflect","Masterful Stab"],"picked":"Backflip","floor":2},{"not_picked":["Bane","Riddle With Holes"],"picked":"Footwork","floor":3},{"not_picked":["PiercingWail","Masterful Stab"],"picked":"Acrobatics","floor":4},{"not_picked":["Heel Hook","Quick Slash"],"picked":"Escape Plan","floor":5},{"not_picked":["Escape Plan","Prepared"],"picked":"Cloak And Dagger","floor":6},{"not_picked":["Outmaneuver","Die Die Die"],"picked":"Deadly Poison","floor":7},{"not_picked":["Deflect","Skewer"],"picked":"Dagger Throw","floor":11},{"not_picked":["PiercingWail","Riddle With Holes","Cloak And Dagger"],"picked":"SKIP","floor":12},{"not_picked":["Prepared","Dagger Throw"],"picked":"Distraction","floor":14},{"not_picked":["Adrenaline","Grand Finale"],"picked":"After Image","floor":16},{"not_picked":["Slice","Underhanded Strike"],"picked":"Bane","floor":17},{"not_picked":["Eviscerate","Concentrate"],"picked":"Calculated Gamble+1","floor":18},{"not_picked":["Prepared+1","Slice"],"picked":"Caltrops+1","floor":20},{"not_picked":["Grand Finale","Underhanded Strike","Backstab"],"picked":"SKIP","floor":21},{"not_picked":["Acrobatics","Masterful Stab"],"picked":"Poisoned Stab","floor":23}],"player_experience":792177,"relics_obtained":[{"floor":9,"key":"CaptainsWheel"},{"floor":22,"key":"Ancient Tea Set"},{"floor":23,"key":"Kunai"}],"event_choices":[{"damage_healed":0,"gold_gain":100,"player_choice":"Gold","damage_taken":0,"max_hp_gain":0,"max_hp_loss":0,"event_name":"Wheel of Change","floor":13,"gold_loss":0}],"is_beta":false,"boss_relics":[{"not_picked":["Runic Dome","Fusion Hammer"],"picked":"Tiny House"}],"items_purged_floors":[8,19],"is_endless":false,"potions_floor_spawned":[2,5,6,7,12,16,18],"killed_by":"Snake Plant","ascension_level":3}}