{"host":"mfgjat5rctdaqztb","time":1611261394,"event":{"mods":["100% Spire Juice","2.2 Compatiblity","AchievementEnabler","Act Like it!","Astrologer","BaseMod","Bestiary","Better Altar","Better Match","Better Note","Better Sensory Stone","Better Skull","Better Third Choice","Better Vampires","Block Reminder","Elementarium","Energized Spire","Fireblade Mod","Friendly Minions","Halation","Infinite Spire","Koishi","Menagerie","Minty Spire (QoL Compilation)","QueenMod","Quick Restart","Random Character Button","Rare Cards Sparkle","Shade Mod","Shop Mod","Spicy Shops","StSLib","The Alterego","The Blackbeard","The Bladedancer","The Cursed","The Druid","The Hayseed","The Hierophant","The Kombatant","The Marked","The Mystic","The Runesmith","Uncapped","UnlockEverythingMod","Waifu the Spire","Wandering Minibosses","Yuri Mod","thorton","vexMod"],"gold_per_floor":[113,113,113,126,142,177,190,190,240,240,240,255,133,148,148,247,247,261,279,279,279,279],"floor_reached":21,"language":"ENG","playtime":2033,"items_purged":[],"score":181,"play_id":"0c9f1538-59ba-4313-9644-76bf5e93cb58","local_time":"20210121153634","is_ascension_mode":false,"campfire_choices":[{"data":"astrologer:ReadTheStars","floor":8,"key":"SMITH"},{"data":"astrologer:StarOfCourage","floor":10,"key":"SMITH"},{"data":"astrologer:StarOfMisfortune","floor":15,"key":"SMITH"}],"circlet_count":0,"master_deck":["astrologer:Strike","astrologer:Strike","astrologer:Strike","astrologer:Strike","astrologer:Defend","astrologer:Defend","astrologer:Defend","astrologer:Defend","astrologer:NorthStar","astrologer:TheFool","astrologer:LonelyStar","astrologer:StarOfCourage+1","astrologer:Eclipse","astrologer:SolarFlare","astrologer:ReadTheStars+1","astrologer:Novile","astrologer:FadingStar","astrologer:Radiance","astrologer:StarOfMisfortune+1","astrologer:Nova","Elementarium:StickyTar","astrologer:FrozenStar","astrologer:Fireball"],"relics":["vexMod:FutureSight","Strawberry","halation:PinkSoulGem","Blue Candle","infinitespire:PuzzleCube","halation:Toothbrush"],"acts_visited":["Exordium","Elementarium:Elementarium"],"potions_floor_usage":[12,16],"damage_taken":[{"damage":0,"enemies":"Jaw Worm","floor":1,"turns":3},{"damage":0,"enemies":"Small Slimes","floor":4,"turns":3},{"damage":10,"enemies":"Cultist","floor":5,"turns":4},{"damage":30,"enemies":"3 Sentries","floor":6,"turns":8},{"damage":4,"enemies":"Blue Slaver","floor":7,"turns":4},{"damage":1,"enemies":"3 Louse","floor":12,"turns":3},{"damage":0,"enemies":"Exordium Wildlife","floor":14,"turns":3},{"damage":26,"enemies":"Slime Boss","floor":16,"turns":7},{"damage":21,"enemies":"Elementarium:MUD_AND_TAR_GOLEMS","floor":18,"turns":5},{"damage":9,"enemies":"Elementarium:2_ELEMENTALS","floor":19,"turns":5},{"damage":45,"enemies":"Menagerie:Suneater","floor":21,"turns":7}],"seed_played":"-4385544091697829768","potions_obtained":[{"floor":1,"key":"BlessingOfTheForge"},{"floor":7,"key":"LiquidMemories"},{"floor":12,"key":"LiquidBronze"},{"floor":18,"key":"SpeedPotion"}],"is_trial":false,"path_per_floor":["M","?","?","M","M","E","M","R","T","R","?","M","$","M","R","B",null,"M","M","?","?"],"character_chosen":"ASTROLOGER","items_purchased":["astrologer:FadingStar","astrologer:Radiance"],"campfire_rested":0,"item_purchase_floors":[13,13],"current_hp_per_floor":[77,77,77,77,67,37,33,33,33,33,33,32,32,32,32,6,77,56,47,44,0,0],"gold":279,"neow_bonus":"RANDOM_COMMON_RELIC","is_daily":false,"chose_seed":false,"campfire_upgraded":3,"win_rate":0.0,"timestamp":1611261394,"path_taken":["M","?","?","M","M","E","M","R","T","R","?","M","$","M","R","BOSS","M","M","?","?"],"items_purchased_type":["Card","Card"],"build_version":"2020-12-22","purchased_purges":0,"victory":false,"max_hp_per_floor":[77,77,77,77,77,77,77,77,77,77,77,77,77,77,77,77,77,77,77,77,77,77],"card_choices":[{"not_picked":["astrologer:ReadTheStars","astrologer:Prestidigitation"],"picked":"astrologer:LonelyStar","floor":1},{"not_picked":["astrologer:CometStrike","astrologer:MeteorShower"],"picked":"astrologer:StarOfCourage","floor":4},{"not_picked":["astrologer:Opposition","astrologer:Still"],"picked":"astrologer:Eclipse","floor":5},{"not_picked":["astrologer:Moonlight","astrologer:StarOfChange"],"picked":"astrologer:SolarFlare","floor":6},{"not_picked":["astrologer:Opposition","astrologer:Conjunction"],"picked":"astrologer:ReadTheStars","floor":7},{"not_picked":["astrologer:SpaceDust","astrologer:TheHangedMan"],"picked":"astrologer:Novile","floor":12},{"not_picked":["astrologer:TheTower","astrologer:Radiance"],"picked":"astrologer:StarOfMisfortune","floor":14},{"not_picked":["astrologer:Death","astrologer:Fate"],"picked":"astrologer:Nova","floor":16},{"not_picked":["astrologer:MeteorShower","astrologer:ReadTheStars"],"picked":"astrologer:FrozenStar","floor":18},{"not_picked":["astrologer:TheLovers","astrologer:ReadTheStars+1"],"picked":"astrologer:Fireball","floor":19}],"player_experience":386083,"relics_obtained":[{"floor":3,"key":"Blue Candle"},{"floor":6,"key":"infinitespire:PuzzleCube"}],"event_choices":[{"damage_healed":0,"gold_gain":0,"player_choice":"Gave Potion","damage_taken":0,"relics_obtained":["halation:Toothbrush"],"max_hp_gain":0,"max_hp_loss":0,"event_name":"WeMeetAgain","floor":11,"gold_loss":0},{"damage_healed":0,"gold_gain":0,"player_choice":"Poke through","damage_taken":3,"max_hp_gain":0,"max_hp_loss":0,"event_name":"Elementarium:GreatTreasure","floor":20,"gold_loss":0},{"damage_healed":0,"gold_gain":0,"player_choice":"Follow","damage_taken":0,"max_hp_gain":0,"max_hp_loss":0,"event_name":"Elementarium:BeastsOfTheMenagerie","floor":21,"gold_loss":0}],"is_beta":false,"boss_relics":[{"not_picked":["halation:Risk","halation:PlatinumPhoenix"],"picked":"vexMod:FutureSight"}],"items_purged_floors":[],"is_endless":false,"potions_floor_spawned":[1,7,12,18],"killed_by":"Menagerie:Suneater","ascension_level":0}}