{"host":"w2kjv12xyhtt0cv2","time":1611248230,"event":{"mods":["Act Like it!","BaseMod","Colored Map","Friendly Minions","Gensokyo","Highlight Path","Hubris","Kiyohime（清姬）","Marisa（F雨　魔理沙）","Minty Spire (QoL Compilation)","Quick Restart","Reimu（博丽灵梦）","Relic Stats","Replay The Spire","RumiaBox-露米娅的神秘盒子","Shop Mod","Spicy Shops","StSLib","The Cursed","The Servant 0.9.4","UnlockEverythingMod","Waifu the Spire","[功能]功能增强和修复MOD","vexMod","【功能Mod】Neow奖励","【遗物卡牌】REMEMod","没有小屋子和绿帽子啦"],"gold_per_floor":[114,114,114,147,147,147,247,272,272,272,272],"floor_reached":10,"playtime":610,"items_purged":[],"score":75,"play_id":"ddec27af-c6c1-4834-8cb3-fab862513cba","local_time":"20210122005710","is_ascension_mode":true,"campfire_choices":[],"circlet_count":0,"master_deck":["TheCursedMod:Strike_TheCursed","TheCursedMod:Strike_TheCursed","TheCursedMod:Strike_TheCursed","TheCursedMod:Strike_TheCursed","TheCursedMod:Defend_TheCursed","TheCursedMod:Defend_TheCursed","TheCursedMod:Defend_TheCursed","TheCursedMod:Defend_TheCursed","TheCursedMod:CleanUpWorkshop","TheCursedMod:Dregs","FloweringNight","Clumsy"],"relics":["TheCursedMod:BlackMagic101","REME_ComplimentaryCards","Juzu Bracelet","Happy Flower","Gensokyo:NagashiBinaDoll","Nunchaku","Snack Pack","Bottled Tornado"],"acts_visited":["Gensokyo:Gensokyo"],"potions_floor_usage":[],"damage_taken":[{"damage":1.0,"enemies":"Gensokyo:3_Fairies","floor":1.0,"turns":5.0},{"damage":26.0,"enemies":"Gensokyo:Cirno","floor":4.0,"turns":6.0},{"damage":39,"enemies":"Gensokyo:Mamizou","floor":8,"turns":14},{"damage":36,"enemies":"Gensokyo:Aya","floor":10,"turns":6}],"seed_played":"2976524760235525824","potions_obtained":[{"floor":1.0,"key":"Explosive Potion"},{"floor":4.0,"key":"Ancient Potion"}],"is_trial":false,"path_per_floor":["M","?","?","?","T","?","?","E","T","E"],"character_chosen":"THE_CURSED","items_purchased":[],"campfire_rested":0,"item_purchase_floors":[],"current_hp_per_floor":[74,74,74,48,48,48,48,29,29,3,3],"gold":272,"neow_bonus":"RANDOM_COMMON_RELIC","is_daily":false,"chose_seed":false,"campfire_upgraded":0,"win_rate":0.0,"timestamp":1611248230,"path_taken":["M","?","?","?","?","?","?","E","T","E"],"items_purchased_type":[],"build_version":"2020-12-22","purchased_purges":0,"victory":false,"max_hp_per_floor":[75,75,75,75,75,75,75,75,75,75,75],"relic_stats":{"Nunchaku":[5],"Happy Flower":[8],"counters":[4,31],"Juzu Bracelet":1,"obtain_stats":[{"TheCursedMod:BlackMagic101":0,"Nunchaku":4,"Happy Flower":2,"Gensokyo:NagashiBinaDoll":3,"Juzu Bracelet":0,"Snack Pack":5,"Bottled Tornado":8,"REME_ComplimentaryCards":0},{"TheCursedMod:BlackMagic101":0,"Nunchaku":2,"Happy Flower":1,"Gensokyo:NagashiBinaDoll":1,"Juzu Bracelet":0,"Snack Pack":2,"Bottled Tornado":3,"REME_ComplimentaryCards":0},{"TheCursedMod:BlackMagic101":0,"Nunchaku":11,"Happy Flower":5,"Gensokyo:NagashiBinaDoll":5,"Juzu Bracelet":0,"Snack Pack":11,"Bottled Tornado":25,"REME_ComplimentaryCards":0}]},"card_choices":[{"not_picked":["TheCursedMod:Wield","TheCursedMod:CursedAmulet","TheCursedMod:HellfireBreathing"],"picked":"SKIP","floor":1.0},{"not_picked":["TheCursedMod:Torture","TheCursedMod:DemonicPact","TheCursedMod:WearCloak"],"picked":"SKIP","floor":4.0},{"not_picked":["TheCursedMod:Grudge","TheCursedMod:SmokeScreen","TheCursedMod:SpreadPlague"],"picked":"SKIP","floor":8}],"player_experience":176098,"relics_obtained":[{"floor":4.0,"key":"Nunchaku"},{"floor":5.0,"key":"Snack Pack"},{"floor":8,"key":"Bottled Tornado"}],"event_choices":[],"is_beta":false,"boss_relics":[],"items_purged_floors":[],"is_endless":false,"potions_floor_spawned":[1,4],"killed_by":"Gensokyo:Aya","ascension_level":1}}