{"host":"3y2rtlgteqp2nuo3","time":1611233336,"event":{"mods":["2.2 Compatiblity","AchievementEnabler","BaseMod","Colored Map","DeckTracker","Highlight Path","Keyboard Shortcuts","Minty Spire (QoL Compilation)","Permanent Neow","Quick Restart","StSLib","SuperFastMode","everything is the same but u backflip on backflip"],"gold_per_floor":[111,30,30,50,62,62,16,16,92,123,138,138,151,162,162,236,236,256,276,289,289,339,339,339,339,362,375,393,410,79,97,97,97,97],"floor_reached":33,"language":"KOR","playtime":769,"items_purged":["Strike_G"],"score":443,"play_id":"ff185267-d242-4af7-876f-d469b4629c72","local_time":"20210121214856","is_ascension_mode":true,"campfire_choices":[{"data":"Blade Dance","floor":6.0,"key":"SMITH"},{"data":"Accuracy","floor":12.0,"key":"SMITH"},{"data":"Envenom","floor":15.0,"key":"SMITH"},{"floor":23.0,"key":"REST"},{"data":"Dodge and Roll","floor":25.0,"key":"SMITH"},{"floor":32.0,"key":"REST"}],"circlet_count":0,"master_deck":["AscendersBane","Strike_G","Strike_G","Strike_G","Defend_G","Defend_G","Defend_G","Defend_G","Survivor","Neutralize","Dodge and Roll+1","Blade Dance+1","Accuracy+1","Leg Sweep+1","Poisoned Stab","Blade Dance","Envenom+1","Deadly Poison","Cloak And Dagger","Adrenaline","PiercingWail","Acrobatics","Accuracy","Outmaneuver"],"relics":["Ring of the Snake","Ornamental Fan","CaptainsWheel","HoveringKite","Boot","Bottled Tornado"],"acts_visited":["Exordium","TheCity"],"potions_floor_usage":[33],"damage_taken":[{"damage":2.0,"enemies":"Cultist","floor":1.0,"turns":5.0},{"damage":0.0,"enemies":"2 Louse","floor":4.0,"turns":5.0},{"damage":7.0,"enemies":"Small Slimes","floor":5.0,"turns":7.0},{"damage":5.0,"enemies":"Gremlin Nob","floor":10.0,"turns":3.0},{"damage":0.0,"enemies":"Looter","floor":11.0,"turns":3.0},{"damage":0.0,"enemies":"Red Slaver","floor":13.0,"turns":3.0},{"damage":3.0,"enemies":"Exordium Thugs","floor":14.0,"turns":3.0},{"damage":10.0,"enemies":"The Guardian","floor":16.0,"turns":7.0},{"damage":2.0,"enemies":"Spheric Guardian","floor":18.0,"turns":3.0},{"damage":8.0,"enemies":"2 Thieves","floor":19.0,"turns":4.0},{"damage":21.0,"enemies":"Cultist and Chosen","floor":20.0,"turns":8.0},{"damage":0.0,"enemies":"Snake Plant","floor":21.0,"turns":1.0},{"damage":0.0,"enemies":"Centurion and Healer","floor":27.0,"turns":5.0},{"damage":17.0,"enemies":"3 Cultists","floor":28.0,"turns":6.0},{"damage":1.0,"enemies":"Snecko","floor":29.0,"turns":6.0},{"damage":3.0,"enemies":"Cultist and Chosen","floor":31.0,"turns":5.0},{"damage":49,"enemies":"Automaton","floor":33,"turns":6}],"seed_played":"-2602998816889282490","potions_obtained":[{"floor":4.0,"key":"SmokeBomb"},{"floor":10.0,"key":"Dexterity Potion"},{"floor":27.0,"key":"Explosive Potion"},{"floor":31.0,"key":"Energy Potion"}],"is_trial":false,"path_per_floor":["M","$","$","M","M","R","$","?","T","E","M","R","M","M","R","B",null,"M","M","M","M","?","R","?","R","T","M","M","M","$","M","R","B"],"character_chosen":"THE_SILENT","items_purchased":["Accuracy","Blade Dance","Bottled Tornado"],"campfire_rested":2,"item_purchase_floors":[2,7,30],"current_hp_per_floor":[57,57,57,57,50,50,50,60,60,55,55,55,55,52,52,42,56,54,46,25,25,25,43,43,43,43,43,26,25,25,22,40,0,0],"gold":97,"neow_bonus":"TRANSFORM_TWO_CARDS","is_daily":false,"chose_seed":false,"campfire_upgraded":4,"win_rate":0.0,"timestamp":1611233336,"path_taken":["M","?","$","?","M","R","$","?","T","E","M","R","M","M","R","BOSS","M","M","?","M","?","R","?","R","T","M","M","?","$","M","R","BOSS"],"items_purchased_type":["Card","Card","Relic"],"build_version":"2020-12-22","purchased_purges":1,"victory":false,"max_hp_per_floor":[60,60,60,60,60,60,60,60,60,60,60,60,60,60,60,60,60,60,60,60,60,60,60,60,60,60,60,60,60,60,60,60,60,60],"card_choices":[{"not_picked":["Backflip","Eviscerate"],"picked":"Blade Dance","floor":1.0},{"not_picked":["Acrobatics","Dodge and Roll"],"picked":"Leg Sweep","floor":4.0},{"not_picked":["Calculated Gamble","Outmaneuver"],"picked":"Poisoned Stab","floor":5.0},{"not_picked":["All Out Attack","Blade Dance"],"picked":"Envenom","floor":10.0},{"not_picked":["Sucker Punch","Deflect"],"picked":"Deadly Poison","floor":11.0},{"not_picked":["Crippling Poison","Bane"],"picked":"Cloak And Dagger","floor":13.0},{"not_picked":["Slice","Sucker Punch","Backflip"],"picked":"SKIP","floor":14.0},{"not_picked":["Burst","Malaise"],"picked":"Adrenaline","floor":16.0},{"not_picked":["Slice","Distraction","Dagger Spray"],"picked":"SKIP","floor":18.0},{"not_picked":["Dagger Throw","Caltrops"],"picked":"PiercingWail","floor":19.0},{"not_picked":["Heel Hook","Deadly Poison"],"picked":"Acrobatics","floor":20.0},{"not_picked":["Night Terror","Backflip"],"picked":"Accuracy","floor":27.0},{"not_picked":["Dagger Spray+1","Backstab","Poisoned Stab"],"picked":"SKIP","floor":28.0},{"not_picked":["Setup","Prepared"],"picked":"Outmaneuver","floor":29.0},{"not_picked":["Prepared","Dagger Throw","Slice"],"picked":"SKIP","floor":31.0}],"player_experience":704762,"relics_obtained":[{"floor":9.0,"key":"Ornamental Fan"},{"floor":10.0,"key":"CaptainsWheel"},{"floor":26.0,"key":"Boot"}],"event_choices":[{"cards_removed":["Concentrate"],"damage_healed":10.0,"max_hp_gain":0.0,"max_hp_loss":0.0,"gold_gain":0.0,"event_name":"Bonfire Elementals","player_choice":"Offered Uncommon","floor":8.0,"gold_loss":0.0,"damage_taken":0.0},{"damage_healed":0.0,"max_hp_gain":0.0,"max_hp_loss":0.0,"gold_gain":50.0,"event_name":"Nest","player_choice":"Stole From Cult","floor":22.0,"gold_loss":0.0,"damage_taken":0.0},{"damage_healed":0.0,"max_hp_gain":0.0,"max_hp_loss":0.0,"gold_gain":0.0,"event_name":"Upgrade Shrine","player_choice":"Upgraded","floor":24.0,"gold_loss":0.0,"damage_taken":0.0,"cards_upgraded":["Leg Sweep"]}],"is_beta":false,"boss_relics":[{"not_picked":["Sozu","Tiny House"],"picked":"HoveringKite"}],"items_purged_floors":[30],"is_endless":false,"potions_floor_spawned":[4,10,11,13,14,21,27,31],"killed_by":"Automaton","ascension_level":15}}