{"host":"r10yh36zs2k9z1sa","time":1611244957,"event":{"mods":["AchievementEnabler","Act Like it!","Aspiration","Astrologer","BaseMod","Colored Map","Conspire","Decade(¤ý¤p©ú)","Gensokyo","Hermit","Highlight Path","KinomotoSakuraMod(¤ì¤§¥»?)","Koishi","KomeijiMod","Marisa¡]Ãú«B¡@Å]²z¨F¡^","Minty Spire (QoL Compilation)","Permanent Neow","Quick Restart","Reimu¡]³Õ???¡^","Remilia¡]Á¢¦Ì²ú?¡^","StSLib","SuperFastMode","The Administrix","The Animator","The Bug Knight","The Cursed","The Gatherer","The Marked","The Mystic","The Saiyan","The Senshi","The Servant 0.9.4","Youmu¡]»î¾z§¯?¡^","Yuri Mod","Yuyuko"],"gold_per_floor":[120,135,145,145,156,184,359,390,417,37,37,37,63,79,79,178,178,194,220,100,100,126,153,153,170,170,181,15,15,38,57,57,357,357],"floor_reached":33,"language":"ZHS","playtime":2532,"items_purged":["Regret"],"score":333,"play_id":"c9eb996a-3332-49ae-ad58-183663585a98","local_time":"20210122000237","is_ascension_mode":false,"campfire_choices":[{"data":"yuri:NerfBat","floor":12.0,"key":"SMITH"},{"data":"yuri:MirrorInsanity","floor":15.0,"key":"SMITH"},{"data":"Gensokyo:ManorOfTheDishes","floor":24,"key":"SMITH"},{"floor":32,"key":"REST"}],"circlet_count":0,"master_deck":["yuri:yuriStrike","yuri:yuriStrike","yuri:yuriStrike","yuri:yuriStrike","yuri:yuriStrike","yuri:yuriDefend","yuri:yuriDefend","yuri:yuriDefend","yuri:yuriDefend","yuri:yuriDefend","yuri:Oolong+1","yuri:yuriStab","yuri:WickedSlash","yuri:WickedSlash","yuri:TeaSet","yuri:ConsumeGlitch","yuri:ArmBrace","yuri:BookRed","yuri:ThornRemove","yuri:HeavierStrike","yuri:NerfBat+1","yuri:MirrorInsanity+1","yuri:Spin","yuri:NoEscape","yuri:CalmingAura+1","Gensokyo:ManorOfTheDishes+1","yuri:BookRed","yuri:MPose","yuri:HoldBack+1","Gensokyo:TarnishedGold","Gensokyo:Shovel","Gensokyo:RPG"],"relics":["yuri:yuriKnife","Smiling Mask","Ancient Tea Set","StrikeDummy","Happy Flower","Mastiff:ReiMu","Mummified Hand","aspiration:RunicSpoon","Akabeko","Gensokyo:DemonMask","HollowMod:LifeEnderRelic","theSenshi:SailorFukuRelic","Anchor","conspire:TopHat"],"acts_visited":["Exordium","Exordium"],"potions_floor_usage":[22,27,31,33],"damage_taken":[{"damage":2.0,"enemies":"Cultist","floor":1.0,"turns":3.0},{"damage":8.0,"enemies":"Small Slimes","floor":2.0,"turns":5.0},{"damage":4.0,"enemies":"2 Louse","floor":3.0,"turns":3.0},{"damage":6.0,"enemies":"Exordium Wildlife","floor":5.0,"turns":3.0},{"damage":16.0,"enemies":"Gremlin Nob","floor":6.0,"turns":4.0},{"damage":20.0,"enemies":"HollowMod:MossKnight","floor":8.0,"turns":5.0},{"damage":11.0,"enemies":"Gremlin Nob","floor":13.0,"turns":4.0},{"damage":0.0,"enemies":"Red Slaver","floor":14.0,"turns":4.0},{"damage":6.0,"enemies":"Slime Boss","floor":16.0,"turns":6.0},{"damage":0,"enemies":"Gensokyo:Chomper","floor":18,"turns":5},{"damage":18,"enemies":"conspire:MimicChest","floor":22,"turns":8},{"damage":46,"enemies":"Gensokyo:Tenshi","floor":23,"turns":10},{"damage":3,"enemies":"Gensokyo:AngelMirror","floor":25,"turns":4},{"damage":13,"enemies":"Gensokyo:Swordslinger","floor":27,"turns":6},{"damage":57,"enemies":"Gensokyo:3_Gloops","floor":31,"turns":10},{"damage":66,"enemies":"Gensokyo:Eternal_Rivals","floor":33,"turns":6}],"seed_played":"5367567761375299406","potions_obtained":[{"floor":2.0,"key":"Explosive Potion"},{"floor":5.0,"key":"Weak Potion"},{"floor":6.0,"key":"SkillPotion"},{"floor":8.0,"key":"Dexterity Potion"},{"floor":23,"key":"EssenceOfSteel"},{"floor":25,"key":"Strength Potion"},{"floor":27,"key":"SpeedPotion"}],"is_trial":false,"path_per_floor":["M","M","M","?","M","E","?","E","T","$","?","R","E","M","R","B",null,"M","T","?","?","?","E","R","M","T","M","COS","$","T","M","R","B"],"character_chosen":"YURI","items_purchased":["Mastiff:ReiMu","yuri:ThornRemove","yuri:HeavierStrike","yuri:NerfBat"],"campfire_rested":1,"item_purchase_floors":[10,10,10,10],"current_hp_per_floor":[80,79,80,80,76,67,67,54,54,54,54,54,53,63,63,67,80,80,80,80,72,68,48,48,74,74,61,61,61,61,27,49,0,0],"gold":357,"neow_bonus":"UPGRADE_CARD","is_daily":false,"chose_seed":false,"campfire_upgraded":3,"win_rate":0.0,"timestamp":1611244957,"path_taken":["M","?","M","?","M","E","?","E","T","$","?","R","E","?","R","BOSS","M","?","?","?","?","E","R","M","T","?","COS","?","?","M","R","BOSS"],"items_purchased_type":["Relic","Card","Card","Card"],"build_version":"2020-12-22","purchased_purges":1,"victory":false,"max_hp_per_floor":[80,80,80,80,80,80,80,80,80,80,80,80,80,80,80,80,80,80,80,80,72,72,74,74,74,74,74,74,74,74,74,74,74,74],"card_choices":[{"not_picked":["yuri:Skip","yuri:DebugCard"],"picked":"yuri:WickedSlash","floor":1.0},{"not_picked":["yuri:InsanityDefense","yuri:GlitchedStrike"],"picked":"yuri:WickedSlash","floor":2.0},{"not_picked":["yuri:HeavierStrike","yuri:RepairCode"],"picked":"yuri:TeaSet","floor":3.0},{"not_picked":["yuri:RecklessStrike","yuri:Stare"],"picked":"yuri:ConsumeGlitch","floor":5.0},{"not_picked":["yuri:WickedSlash","yuri:Spin"],"picked":"yuri:ArmBrace","floor":6.0},{"not_picked":["yuri:AdaptiveAI","yuri:DebugCard"],"picked":"yuri:BookRed","floor":8.0},{"not_picked":["yuri:ThrowingKnives","yuri:InduceGlitch"],"picked":"yuri:MirrorInsanity","floor":13.0},{"not_picked":["yuri:GlitchedStrike","yuri:ChibiInvasion"],"picked":"yuri:Spin","floor":14.0},{"not_picked":["yuri:DragonForm","yuri:Torment"],"picked":"yuri:NoEscape","floor":16.0},{"not_picked":["yuri:DebugCard","yuri:Stare"],"picked":"yuri:CalmingAura+1","floor":18},{"not_picked":["Gensokyo:Kunekune","Gensokyo:SlitMouthedWoman"],"picked":"Gensokyo:ManorOfTheDishes","floor":21},{"not_picked":["yuri:Stalk","yuri:ThrowingKnives+1"],"picked":"yuri:BookRed","floor":22},{"not_picked":["yuri:Stalk","yuri:MultiDip"],"picked":"yuri:MPose","floor":23},{"not_picked":["yuri:yuriHeavyStrike","yuri:ThrowingKnives+1"],"picked":"yuri:HoldBack+1","floor":25},{"not_picked":["yuri:AdaptiveAI","yuri:JumpScare","yuri:ChibiInvasion+1"],"picked":"SKIP","floor":27},{"not_picked":["yuri:GlitchedStrike","yuri:CorruptHitbox","yuri:HeavierStrike"],"picked":"SKIP","floor":31}],"player_experience":282780,"relics_obtained":[{"floor":6.0,"key":"Ancient Tea Set"},{"floor":8.0,"key":"StrikeDummy"},{"floor":9.0,"key":"Happy Flower"},{"floor":13.0,"key":"Mummified Hand"},{"floor":19,"key":"Akabeko"},{"floor":22,"key":"HollowMod:LifeEnderRelic"},{"floor":23,"key":"theSenshi:SailorFukuRelic"},{"floor":26,"key":"Anchor"},{"floor":30,"key":"conspire:TopHat"}],"event_choices":[{"damage_healed":0.0,"max_hp_gain":0.0,"max_hp_loss":0.0,"gold_gain":0.0,"event_name":"Big Fish","player_choice":"Box","floor":4.0,"gold_loss":0.0,"damage_taken":0.0,"relics_obtained":["Smiling Mask"],"cards_obtained":["Regret"]},{"damage_healed":0.0,"max_hp_gain":0.0,"max_hp_loss":0.0,"gold_gain":175.0,"event_name":"Liars Game","player_choice":"AGREE","floor":7.0,"gold_loss":0.0,"damage_taken":0.0,"cards_obtained":["Doubt"]},{"cards_removed":["Doubt"],"damage_healed":0.0,"max_hp_gain":0.0,"max_hp_loss":0.0,"gold_gain":0.0,"event_name":"Living Wall","player_choice":"Forget","floor":11.0,"gold_loss":0.0,"damage_taken":0.0}],"is_beta":false,"boss_relics":[{"not_picked":["Velvet Choker","Circlet"],"picked":"aspiration:RunicSpoon"}],"items_purged_floors":[10],"is_endless":false,"potions_floor_spawned":[2,5,6,8,23,25,27],"killed_by":"Gensokyo:Eternal_Rivals","ascension_level":0}}