{"host":"snn1c4qsf0fj7fzf","time":1611195727,"event":{"mods":["AchievementEnabler","Act Like it!","Aspiration","Astrologer","Bard","BaseMod","Colored Powertips","Gensokyo","Gremlin Mod","Hallownest","Hermit","HololiveMod","Hubris","Infinite Spire","Lobotomy","LobotomyExtend","Marisa????????","Minty Spire (QoL Compilation)","Random Character Button","Rare Cards Sparkle","Reimu??????","Replay The Spire","Shop Mod","StSLib","The Administrix","The Animator","The Bug Knight","The Cursed","The Gatherer","The Hierophant","The Poker Player"],"gold_per_floor":[116,133,133,133,148,182,182,192,192,192,206,241,255,32,32,129,129,143,193,212,280,280,280,310,310,335,363,373,384,419,435,435,435,435],"floor_reached":33,"language":"ENG","playtime":22134,"items_purged":["AdministrixMod:XianArts+1"],"score":359,"play_id":"96167e0c-72ce-46a9-9fdc-afe7b22326f9","local_time":"20210121102207","is_ascension_mode":true,"campfire_choices":[{"data":"Dagger Spray","floor":7,"key":"SMITH"},{"data":"Finisher","floor":10,"key":"SMITH"},{"data":"Hidden Blade","floor":15,"key":"SMITH"},{"data":"Poison Darts","floor":23,"key":"SMITH"},{"data":"Unload","floor":25,"key":"SMITH"},{"floor":32,"key":"REST"}],"circlet_count":0,"master_deck":["Strike_G","Strike_G","Strike_G","Strike_G","Strike_G","Defend_G","Defend_G","Defend_G","Defend_G","Defend_G","Survivor","Neutralize+1","Slice","Escape Plan","Dagger Spray+1","Finisher+1","Hidden Blade+1","Backstab","Toxin Wave","Poison Darts+1","Hidden Blade","Unload+1","Prepared+1","Accuracy+1","Slice"],"relics":["Ring of the Serpent","aspiration:Nostalgia","m_CorellonBlood","LetterFromLob","Oddly Smooth Stone","HollowMod:LifeEnderRelic","hubris:64BitClover","Lantern","MerchantsRug","Nloth\u0027s Gift","Pear","PreservedInsect","MealTicket","Iron Hammer","Happy Flower"],"acts_visited":["Exordium","TheCity"],"potions_floor_usage":[12,12,16,33,33,33],"damage_taken":[{"damage":0,"enemies":"Jaw Worm","floor":1,"turns":5},{"damage":0,"enemies":"Small Slimes","floor":2,"turns":5},{"damage":0,"enemies":"Cultist","floor":5,"turns":3},{"damage":4,"enemies":"Replay:BlueRogue","floor":6,"turns":8},{"damage":0,"enemies":"Exordium Wildlife","floor":8,"turns":2},{"damage":0,"enemies":"Red Slaver","floor":11,"turns":3},{"damage":0,"enemies":"Lagavulin","floor":12,"turns":7},{"damage":0,"enemies":"Exordium Thugs","floor":13,"turns":3},{"damage":34,"enemies":"Fading Forest","floor":16,"turns":11},{"damage":0,"enemies":"3 Byrds","floor":18,"turns":2},{"damage":5,"enemies":"2 Thieves","floor":20,"turns":3},{"damage":15,"enemies":"HollowMod:Nosk","floor":24,"turns":5},{"damage":1,"enemies":"Nightmare","floor":27,"turns":4},{"damage":31,"enemies":"Shelled Parasite and Fungi","floor":28,"turns":5},{"damage":10,"enemies":"3 Cultists","floor":29,"turns":4},{"damage":3,"enemies":"Replay:Snechameleon","floor":30,"turns":2},{"damage":12,"enemies":"Snake Plant","floor":31,"turns":4},{"damage":27,"enemies":"Pondfish","floor":33,"turns":9}],"seed_played":"6946509729771222630","potions_obtained":[{"floor":1,"key":"Ancient Potion"},{"floor":2,"key":"Venom Potion"},{"floor":6,"key":"Explosive Potion"},{"floor":8,"key":"PowerPotion"},{"floor":28,"key":"Cursed Concoction"},{"floor":29,"key":"Elixir"},{"floor":30,"key":"Explosive Potion"}],"is_trial":false,"path_per_floor":["M","M","?","?","M","E","R","M","T","R","M","E","M","$","R","B",null,"M","?","M","T","?","R","E","R","T","NM","M","M","E","M","R","B"],"character_chosen":"THE_SILENT","items_purchased":["MerchantsRug"],"campfire_rested":1,"item_purchase_floors":[14],"current_hp_per_floor":[70,70,70,70,70,66,66,66,66,66,66,66,66,66,66,32,70,70,70,65,65,65,65,60,60,60,59,28,18,15,3,27,0,0],"gold":435,"neow_bonus":"NOSTALGIA","is_daily":false,"chose_seed":false,"campfire_upgraded":5,"win_rate":0.0,"timestamp":1611195727,"path_taken":["M","M","?","?","?","E","R","M","T","R","M","E","M","$","R","BOSS","M","?","?","?","?","R","E","R","T","NM","M","M","E","?","R","BOSS"],"items_purchased_type":["Relic"],"build_version":"2020-12-22","purchased_purges":1,"victory":false,"max_hp_per_floor":[70,70,70,70,70,70,70,70,70,70,70,70,70,70,70,70,70,70,70,70,70,70,70,80,80,80,80,80,80,80,80,80,80,80],"card_choices":[{"not_picked":["hubris:SlightOfHand","Predator"],"picked":"Slice","floor":1},{"not_picked":["hubris:SlightOfHand","Bane","Sneak Up"],"picked":"SKIP","floor":2},{"not_picked":["Endless Agony","Bouncing Flask"],"picked":"Escape Plan","floor":5},{"not_picked":["Flechettes","hubris:TrickCloak"],"picked":"Dagger Spray","floor":6},{"not_picked":["Dodge and Roll","Prepared"],"picked":"Finisher","floor":8},{"not_picked":["Flex","Underhanded Strike"],"picked":"Hidden Blade","floor":11},{"not_picked":["Crippling Poison","ReplayTheSpireMod:Scrap Shanks"],"picked":"Backstab","floor":12},{"not_picked":["Flechettes","Bullet Time"],"picked":"Toxin Wave","floor":13},{"not_picked":["Die Die Die","Venomology"],"picked":"Poison Darts","floor":16},{"not_picked":["Well Laid Plans","Deflect","Acrobatics+1"],"picked":"SKIP","floor":18},{"not_picked":["Eviscerate","Bane"],"picked":"Hidden Blade","floor":20},{"not_picked":["PiercingWail","Wraith Form v2"],"picked":"Unload","floor":24},{"not_picked":["ReplayTheSpireMod:Exploit Weakness+1","Crippling Poison"],"picked":"Prepared+1","floor":27},{"not_picked":["Sucker Punch","Poisoned Stab"],"picked":"Accuracy+1","floor":28},{"not_picked":["Poisoned Stab","hubris:SlightOfHand","PiercingWail+1"],"picked":"SKIP","floor":29},{"not_picked":["ReplayTheSpireMod:Speed Training","Burst","Masterful Stab"],"picked":"SKIP","floor":30},{"not_picked":["Expertise+1","Hidden Blade+1"],"picked":"Slice","floor":31}],"player_experience":323976,"relics_obtained":[{"floor":1,"key":"LetterFromLob"},{"floor":6,"key":"HollowMod:LifeEnderRelic"},{"floor":9,"key":"hubris:64BitClover"},{"floor":12,"key":"Lantern"},{"floor":21,"key":"HollowMod:StagPassRelic"},{"floor":24,"key":"Pear"},{"floor":26,"key":"PreservedInsect"},{"floor":27,"key":"MealTicket"},{"floor":29,"key":"Iron Hammer"},{"floor":30,"key":"Happy Flower"}],"event_choices":[{"damage_healed":0,"gold_gain":0,"player_choice":"Grow","damage_taken":0,"max_hp_gain":0,"max_hp_loss":0,"event_name":"Living Wall","floor":3,"gold_loss":0,"cards_upgraded":["Neutralize"]},{"damage_healed":0,"gold_gain":0,"player_choice":"Gave Potion","damage_taken":0,"relics_obtained":["Oddly Smooth Stone"],"max_hp_gain":0,"max_hp_loss":0,"event_name":"WeMeetAgain","floor":4,"gold_loss":0},{"damage_healed":0,"gold_gain":100,"player_choice":"Bet on Murderer","damage_taken":0,"max_hp_gain":0,"max_hp_loss":0,"event_name":"The Joust","floor":19,"gold_loss":50},{"damage_healed":0,"gold_gain":0,"player_choice":"Traded Relic","damage_taken":0,"relics_obtained":["Nloth\u0027s Gift"],"max_hp_gain":0,"max_hp_loss":0,"event_name":"N\u0027loth","floor":22,"relics_lost":["HollowMod:StagPassRelic"],"gold_loss":0}],"is_beta":false,"boss_relics":[{"not_picked":["hubris:VirtuousBlindfold","Ectoplasm"],"picked":"Ring of the Serpent"}],"items_purged_floors":[14],"is_endless":false,"potions_floor_spawned":[1,2,6,8,28,29,30],"killed_by":"Pondfish","ascension_level":1}}