{"host":"5gfra4hjb6stk8c2","time":1611256883,"event":{"mods":["BaseMod","Minty Spire (QoL Compilation)","Quick Restart","SuperFastMode"],"gold_per_floor":[110,285,42,7,25,58,77,77,77,77,112,112,112,112],"floor_reached":13,"language":"ENG","playtime":127,"items_purged":[],"score":151,"play_id":"58805c9a-b3be-483d-a462-ce7f4a6bd9a7","local_time":"20210121162123","is_ascension_mode":true,"campfire_choices":[],"circlet_count":0,"master_deck":["Strike_P","Strike_P+1","Strike_P","Strike_P","Defend_P","Defend_P","Defend_P+1","Defend_P","Eruption","Vigilance","Prostrate","FlyingSleeves+1"],"relics":["PureWater","NeowsBlessing","TeardropLocket","Molten Egg 2","Meat on the Bone","Golden Idol","Anchor"],"acts_visited":["Exordium"],"potions_floor_usage":[11,11],"damage_taken":[{"damage":0,"enemies":"Jaw Worm","floor":1,"turns":1},{"damage":0,"enemies":"Small Slimes","floor":5,"turns":1},{"damage":0,"enemies":"3 Sentries","floor":6,"turns":2},{"damage":0,"enemies":"2 Louse","floor":7,"turns":3},{"damage":11,"enemies":"Gremlin Nob","floor":11,"turns":3},{"damage":35,"enemies":"Lagavulin","floor":13,"turns":4}],"seed_played":"4587422711650838407","potions_obtained":[{"floor":6,"key":"Swift Potion"},{"floor":7,"key":"Weak Potion"}],"is_trial":false,"path_per_floor":["M","?","$","?","M","E","M","?","T","?","E","?","E"],"character_chosen":"WATCHER","items_purchased":["TeardropLocket"],"campfire_rested":0,"item_purchase_floors":[3],"current_hp_per_floor":[65,65,65,72,72,72,72,65,65,47,48,34,0,0],"gold":112,"neow_bonus":"THREE_ENEMY_KILL","is_daily":false,"chose_seed":false,"campfire_upgraded":0,"win_rate":0.0,"timestamp":1611256883,"path_taken":["M","?","$","?","M","E","M","?","T","?","E","?","E"],"items_purchased_type":["Relic"],"build_version":"2020-12-22","purchased_purges":0,"victory":false,"max_hp_per_floor":[72,72,72,72,72,72,72,72,72,72,72,72,72,72],"card_choices":[{"not_picked":["PathToVictory","Pray","BowlingBash"],"picked":"SKIP","floor":1},{"not_picked":["BowlingBash","Meditate"],"picked":"Prostrate","floor":5},{"not_picked":["PathToVictory","Vengeance","ClearTheMind"],"picked":"SKIP","floor":6},{"not_picked":["PathToVictory","Vengeance","ClearTheMind"],"picked":"SKIP","floor":6},{"not_picked":["BowlingBash+1","PathToVictory"],"picked":"FlyingSleeves+1","floor":7},{"not_picked":["ThirdEye","EmptyMind","Pray"],"picked":"SKIP","floor":11}],"player_experience":178598,"relics_obtained":[{"floor":6,"key":"Molten Egg 2"},{"floor":9,"key":"Meat on the Bone"},{"floor":11,"key":"Anchor"}],"event_choices":[{"damage_healed":0,"gold_gain":175,"player_choice":"AGREE","damage_taken":0,"max_hp_gain":0,"max_hp_loss":0,"event_name":"Liars Game","floor":2,"gold_loss":0,"cards_obtained":["Doubt"]},{"damage_healed":18,"gold_gain":0,"player_choice":"Healed","damage_taken":0,"max_hp_gain":0,"max_hp_loss":0,"event_name":"The Cleric","floor":4,"gold_loss":35},{"cards_removed":["Doubt"],"damage_healed":0,"gold_gain":0,"player_choice":"Card Removal","damage_taken":7,"max_hp_gain":0,"max_hp_loss":0,"event_name":"Golden Wing","floor":8,"gold_loss":0},{"damage_healed":0,"gold_gain":0,"player_choice":"Take Damage","damage_taken":18,"relics_obtained":["Golden Idol"],"max_hp_gain":0,"max_hp_loss":0,"event_name":"Golden Idol","floor":10,"gold_loss":0},{"damage_healed":0,"gold_gain":0,"player_choice":"Entered Light","damage_taken":14,"max_hp_gain":0,"max_hp_loss":0,"event_name":"Shining Light","floor":12,"gold_loss":0,"cards_upgraded":["Strike_P","Defend_P"]}],"is_beta":false,"boss_relics":[],"items_purged_floors":[],"is_endless":false,"potions_floor_spawned":[6,7],"killed_by":"Lagavulin","ascension_level":6}}