{"host":"och2iitg9ibgz06n","time":1611268400,"event":{"mods":["Abigail Mod","AchievementEnabler","Aspiration","BaseMod","Colored Powertips","Dio Mod","Hubris","Hyrulean Relics","Infinite Spire","Minty Spire (QoL Compilation)","Replay The Spire","Small Relic Pack","StSLib","The Animator","The Bug Knight","The Hierophant","The Jungle","The Saiyan","TheHero","Wandering Minibosses","everything is the same but u backflip on backflip","slay the spire mod where everything is the same but ironclad has a cowboy hat","vexMod"],"gold_per_floor":[116,127,127,42,62,93,110,110,160,175,195,208,238,258,258,258,258],"floor_reached":16,"language":"ENG","playtime":591,"items_purged":[],"score":139,"play_id":"49b80a31-d5c3-4c8b-959f-11850e8e7a79","local_time":"20210121163320","is_ascension_mode":true,"campfire_choices":[{"floor":8,"key":"REST"},{"floor":15,"key":"REST"}],"circlet_count":0,"master_deck":["animeID:Deku","animeID:Bakugo","animeID:Smash","animeID:Smash","animeID:Smash","animeID:Smash","animeID:DefendMH","animeID:DefendMH","animeID:DefendMH","animeID:DefendMH","animeID:Iida","animeID:Uraraka","Bandage Up","animeID:Twice","animeID:Mezo","animeID:Deku","animeID:DelawareSmash","animeID:ToruHagakure","animeID:Bakugo","animeID:Cementoss","animeID:FullCowl"],"relics":["animeID:HeroCostume","Replay:Baseball","hubris:Potato","Lantern","Ancient Tea Set"],"acts_visited":["Exordium"],"potions_floor_usage":[13,16],"damage_taken":[{"damage":6,"enemies":"Cultist","floor":1,"turns":4},{"damage":8,"enemies":"2 Louse","floor":2,"turns":2},{"damage":4,"enemies":"Small Slimes","floor":5,"turns":3},{"damage":45,"enemies":"3 Sentries","floor":6,"turns":8},{"damage":12,"enemies":"Looter","floor":7,"turns":3},{"damage":21,"enemies":"Blue Slaver","floor":10,"turns":6},{"damage":0,"enemies":"3 Louse","floor":11,"turns":1},{"damage":23,"enemies":"Large Slime","floor":12,"turns":5},{"damage":16,"enemies":"Gremlin Nob","floor":13,"turns":3},{"damage":6,"enemies":"Red Slaver","floor":14,"turns":2},{"damage":46,"enemies":"Hexaghost","floor":16,"turns":9}],"seed_played":"-8786864508157216630","potions_obtained":[{"floor":2,"key":"GamblersBrew"},{"floor":6,"key":"Venom Potion"},{"floor":7,"key":"Doom Potion"},{"floor":10,"key":"SteroidPotion"},{"floor":14,"key":"Cursed Concoction"}],"is_trial":false,"path_per_floor":["M","M","?","$","M","E","M","R","T","M","M","M","E","M","R","B"],"character_chosen":"THE_HERO","items_purchased":["Bandage Up"],"campfire_rested":2,"item_purchase_floors":[4],"current_hp_per_floor":[71,63,63,63,65,28,22,44,44,33,33,18,10,10,32,0,0],"gold":258,"neow_bonus":"ONE_RANDOM_RARE_CARD","is_daily":false,"chose_seed":false,"campfire_upgraded":0,"win_rate":0.0,"timestamp":1611268400,"path_taken":["M","?","?","?","M","E","M","R","T","M","M","M","E","M","R","BOSS"],"items_purchased_type":["Card"],"build_version":"2020-12-22","purchased_purges":0,"victory":false,"max_hp_per_floor":[75,75,75,75,75,75,75,75,75,75,75,75,75,75,75,75,75],"card_choices":[{"not_picked":["animeID:Kirishima","animeID:Dabi"],"picked":"animeID:Iida","floor":1},{"not_picked":["animeID:TodorokiShoto","animeID:TetsuTetsu"],"picked":"animeID:Uraraka","floor":2},{"not_picked":["animeID:Ojiro","animeID:TodorokiShoto"],"picked":"animeID:Twice","floor":5},{"not_picked":["animeID:Uraraka","animeID:MtLady"],"picked":"animeID:Mezo","floor":6},{"not_picked":["animeID:TodorokiShoto","animeID:Dabi"],"picked":"animeID:Deku","floor":7},{"not_picked":["animeID:HighFive","animeID:Kaminari"],"picked":"animeID:DelawareSmash","floor":10},{"not_picked":["animeID:Mezo","animeID:Stain"],"picked":"animeID:ToruHagakure","floor":11},{"not_picked":["animeID:USA_Smash","animeID:Tamaki"],"picked":"animeID:Bakugo","floor":12},{"not_picked":["animeID:Kendo","animeID:GranTorino"],"picked":"animeID:Cementoss","floor":13},{"not_picked":["animeID:DetroitDelaware","animeID:Aoyama"],"picked":"animeID:FullCowl","floor":14}],"player_experience":444147,"relics_obtained":[{"floor":6,"key":"hubris:Potato"},{"floor":9,"key":"Lantern"},{"floor":13,"key":"Ancient Tea Set"}],"event_choices":[{"cards_removed":["animeID:Eri"],"damage_healed":0,"gold_gain":0,"player_choice":"Gave Card","damage_taken":0,"relics_obtained":["Replay:Baseball"],"max_hp_gain":0,"max_hp_loss":0,"event_name":"WeMeetAgain","floor":3,"gold_loss":0}],"is_beta":false,"boss_relics":[],"items_purged_floors":[],"is_endless":false,"potions_floor_spawned":[2,6,7,10,14],"killed_by":"Hexaghost","ascension_level":4}}