{"host":"ELF","time":1611257041,"event":{"mods":["BaseMod","Bestiary","Minty Spire (QoL Compilation)","Relic Stats","Slay the Relics Exporter"],"gold_per_floor":[109,28,28,46,59,92,147,147,192,30,48,65,76,36,36,36,36],"floor_reached":16,"language":"ENG","playtime":519,"items_purged":["Strike_R"],"score":199,"play_id":"375cbc21-8862-4b7f-bc42-ad710b44b7b8","local_time":"20210121132401","is_ascension_mode":true,"campfire_choices":[{"floor":8,"key":"REST"},{"floor":15,"key":"REST"}],"circlet_count":0,"master_deck":["AscendersBane","Strike_R","Strike_R","Strike_R","Defend_R","Defend_R","Defend_R","Defend_R","Bash","Metallicize","Feel No Pain","Perfected Strike","Combust","Juggernaut","Shrug It Off","Fire Breathing","Entrench","Metallicize","Ghostly Armor","Rampage"],"relics":["Burning Blood","NeowsBlessing","Regal Pillow","Nunchaku","Strawberry"],"acts_visited":["Exordium"],"potions_floor_usage":[6,7,13,16],"damage_taken":[{"damage":0,"enemies":"Cultist","floor":1,"turns":1},{"damage":0,"enemies":"2 Louse","floor":4,"turns":1},{"damage":0,"enemies":"Jaw Worm","floor":5,"turns":1},{"damage":11,"enemies":"3 Sentries","floor":6,"turns":8},{"damage":37,"enemies":"Gremlin Nob","floor":7,"turns":5},{"damage":31,"enemies":"Exordium Thugs","floor":11,"turns":5},{"damage":38,"enemies":"Gremlin Gang","floor":12,"turns":3},{"damage":24,"enemies":"3 Louse","floor":13,"turns":2},{"damage":0,"enemies":"Looter","floor":14,"turns":4},{"damage":56,"enemies":"Hexaghost","floor":16,"turns":9}],"seed_played":"-7374454742330572705","potions_obtained":[{"floor":1,"key":"Block Potion"},{"floor":4,"key":"Block Potion"},{"floor":6,"key":"LiquidMemories"},{"floor":12,"key":"PowerPotion"}],"is_trial":false,"path_per_floor":["M","$","?","M","M","E","?","R","T","$","M","M","M","M","R","B"],"character_chosen":"IRONCLAD","items_purchased":["Feel No Pain","Fire Breathing"],"campfire_rested":2,"item_purchase_floors":[2,10],"current_hp_per_floor":[74,74,74,75,75,70,39,75,82,82,57,25,7,13,52,0,0],"gold":36,"neow_bonus":"THREE_ENEMY_KILL","is_daily":false,"chose_seed":false,"campfire_upgraded":0,"win_rate":0.0,"timestamp":1611257041,"path_taken":["M","$","?","?","?","E","?","R","T","$","M","M","M","M","R","BOSS"],"items_purchased_type":["Card","Card"],"build_version":"2020-12-18","purchased_purges":1,"victory":false,"max_hp_per_floor":[75,75,75,75,75,75,75,75,82,82,82,82,82,82,82,82,82],"relic_stats":{"Regal Pillow":29,"Nunchaku":[1],"counters":[10,39],"obtain_stats":[{"Regal Pillow":6,"Nunchaku":7,"NeowsBlessing":0,"Strawberry":9,"Burning Blood":0},{"Regal Pillow":4,"Nunchaku":5,"NeowsBlessing":0,"Strawberry":5,"Burning Blood":0},{"Regal Pillow":11,"Nunchaku":16,"NeowsBlessing":0,"Strawberry":16,"Burning Blood":0}],"Burning Blood":43},"card_choices":[{"not_picked":["Burning Pact","Havoc"],"picked":"Metallicize","floor":1},{"not_picked":["Infernal Blade","Bloodletting"],"picked":"Perfected Strike","floor":4},{"not_picked":["Sever Soul","Heavy Blade"],"picked":"Combust","floor":5},{"not_picked":["Shrug It Off","Cleave"],"picked":"Juggernaut","floor":6},{"not_picked":["Warcry","Clash"],"picked":"Shrug It Off","floor":7},{"not_picked":["Clash","Feel No Pain"],"picked":"Entrench","floor":11},{"not_picked":["Pommel Strike","Havoc"],"picked":"Metallicize","floor":12},{"not_picked":["Clash","Battle Trance"],"picked":"Ghostly Armor","floor":13},{"not_picked":["Warcry","Twin Strike"],"picked":"Rampage","floor":14}],"player_experience":3262923,"relics_obtained":[{"floor":6,"key":"Regal Pillow"},{"floor":7,"key":"Nunchaku"},{"floor":9,"key":"Strawberry"}],"event_choices":[{"cards_removed":["Strike_R"],"damage_healed":0,"gold_gain":0,"player_choice":"Purged","damage_taken":0,"max_hp_gain":0,"max_hp_loss":0,"event_name":"Purifier","floor":3,"gold_loss":0},{"damage_healed":0,"gold_gain":0,"player_choice":"Searched \u00271\u0027 times","damage_taken":0,"max_hp_gain":0,"max_hp_loss":0,"event_name":"Dead Adventurer","floor":7,"gold_loss":0}],"is_beta":true,"boss_relics":[],"items_purged_floors":[10],"is_endless":false,"potions_floor_spawned":[1,4,5,6,12],"killed_by":"Hexaghost","ascension_level":19}}