{"host":"k3cqai9776irl0xe","time":1611251994,"event":{"mods":["BaseMod","Duelist Mod","GifTheSpireLib","Minty Spire (QoL Compilation)","StSLib","The Alterego","The Bug Knight"],"gold_per_floor":[115,126,146,164,174,174,186,220,220,248,248,265,265,265,265,366,366,379,392,59,78,90,104,115,149,172,172,172,182,217,231,231,332,332,349,349,349,366,366,395,395,395,395,405,416,230,244,80,80,80],"floor_reached":51,"language":"ENG","playtime":5291,"items_purged":["HollowMod:theNailsmith","HollowMod:NailStrikeStart"],"score":735,"play_id":"ff9db0fb-915e-4b09-9937-82812b1fb051","local_time":"20210121125954","is_ascension_mode":false,"campfire_choices":[{"data":"HollowMod:HuntersJournal","floor":6,"key":"SMITH"},{"data":"HollowMod:DashSlash","floor":11,"key":"SMITH"},{"data":"HollowMod:RecoilStrike","floor":13,"key":"SMITH"},{"data":"HollowMod:DesolateDive","floor":15,"key":"SMITH"},{"data":"HollowMod:Hiveblood","floor":27,"key":"SMITH"},{"data":"HollowMod:SoulSplash","floor":32,"key":"SMITH"},{"data":"HollowMod:FocusHealStart","floor":41,"key":"SMITH"},{"data":"HollowMod:LifebloodCore","floor":49,"key":"SMITH"}],"circlet_count":0,"master_deck":["HollowMod:NailStrikeStart+1","HollowMod:NailStrikeStart","HollowMod:NailStrikeStart+1","HollowMod:QuickDashStart","HollowMod:QuickDashStart","HollowMod:QuickDashStart","HollowMod:FocusHealStart+1","HollowMod:PogoStrike","HollowMod:CornifersMapStart","HollowMod:HuntersJournal+1","HollowMod:BaldurShell","HollowMod:DesolateDive+1","HollowMod:DashSlash+1","HollowMod:LifebloodCore+1","HollowMod:RecoilStrike+1","HollowMod:Hiveblood+1","HollowMod:DungDefenderAura","HollowMod:SoulSplash+1","HollowMod:SoulVessel","HollowMod:Grubsong+1","HollowMod:CloakDash","HollowMod:DesolateDive+1","HollowMod:ZotesMagnificence","HollowMod:HowlingWraiths+1","Panache","HollowMod:DashSlash+1","HollowMod:PureNailStrike+1","HollowMod:ZotesMagnificence"],"relics":["HollowMod:VesselMask","Nunchaku","Centennial Puzzle","HollowMod:LumaflyLanternRelic","Coffee Dripper","Kunai","Whetstone","Ancient Tea Set","Lantern","White Beast Statue","Dream Catcher","Question Card","Membership Card","Happy Flower"],"acts_visited":["Exordium","TheCity","TheBeyond"],"potions_floor_usage":[8,10,10,10,16,18,22,24,25,40,50,50,50],"damage_taken":[{"damage":1,"enemies":"Cultist","floor":1,"turns":3},{"damage":0,"enemies":"Small Slimes","floor":2,"turns":3},{"damage":1,"enemies":"Jaw Worm","floor":3,"turns":6},{"damage":13,"enemies":"Blue Slaver","floor":4,"turns":6},{"damage":3,"enemies":"HollowMod:HuskWarrior","floor":5,"turns":12},{"damage":4,"enemies":"Gremlin Gang","floor":7,"turns":4},{"damage":24,"enemies":"Gremlin Nob","floor":8,"turns":4},{"damage":10,"enemies":"Lagavulin","floor":10,"turns":7},{"damage":0,"enemies":"Looter","floor":12,"turns":2},{"damage":39,"enemies":"Hexaghost","floor":16,"turns":10},{"damage":0,"enemies":"2 Thieves","floor":18,"turns":4},{"damage":0,"enemies":"3 Byrds","floor":19,"turns":4},{"damage":10,"enemies":"Cultist and Chosen","floor":21,"turns":7},{"damage":26,"enemies":"Snecko","floor":22,"turns":6},{"damage":10,"enemies":"Centurion and Healer","floor":23,"turns":5},{"damage":23,"enemies":"3 Cultists","floor":24,"turns":5},{"damage":10,"enemies":"Gremlin Leader","floor":25,"turns":8},{"damage":0,"enemies":"Snake Plant","floor":29,"turns":5},{"damage":0,"enemies":"theDuelist:KaibaA2","floor":30,"turns":6},{"damage":2,"enemies":"Shelled Parasite and Fungi","floor":31,"turns":5},{"damage":33,"enemies":"HollowMod:NKGrimm","floor":33,"turns":12},{"damage":8,"enemies":"3 Shapes","floor":35,"turns":4},{"damage":21,"enemies":"3 Darklings","floor":38,"turns":5},{"damage":59,"enemies":"Nemesis","floor":40,"turns":9},{"damage":44,"enemies":"4 Shapes","floor":44,"turns":5},{"damage":20,"enemies":"Transient","floor":45,"turns":5},{"damage":29,"enemies":"Sphere and 2 Shapes","floor":47,"turns":6},{"damage":63,"enemies":"Time Eater","floor":50,"turns":11}],"seed_played":"-5813483644186169652","potions_obtained":[{"floor":2,"key":"SpeedPotion"},{"floor":4,"key":"SkillPotion"},{"floor":5,"key":"DistilledChaos"},{"floor":7,"key":"EntropicBrew"},{"floor":10,"key":"Block Potion"},{"floor":16,"key":"Fire Potion"},{"floor":18,"key":"ColorlessPotion"},{"floor":24,"key":"Block Potion"},{"floor":29,"key":"FearPotion"},{"floor":31,"key":"Strength Potion"},{"floor":33,"key":"Block Potion"},{"floor":38,"key":"AttackPotion"},{"floor":40,"key":"SteroidPotion"},{"floor":44,"key":"LiquidMemories"}],"is_trial":false,"path_per_floor":["M","M","M","M","M","R","M","E","T","E","R","M","R","?","R","B",null,"M","M","$","M","M","M","M","E","T","R","T","M","E","M","R","B",null,"M","?","?","M","?","E","R","?","T","M","M","$","M","$","R","B",null],"character_chosen":"THE_BUGKNIGHT","items_purchased":["Kunai","HollowMod:SoulVessel","Membership Card","Happy Flower","HollowMod:ZotesMagnificence"],"campfire_rested":0,"item_purchase_floors":[20,20,46,48,48],"current_hp_per_floor":[82,82,81,78,81,81,77,59,59,49,49,49,49,49,49,16,82,82,82,82,82,76,80,75,80,80,80,80,82,82,82,82,80,82,74,74,74,71,71,40,40,60,60,39,54,54,60,60,60,37],"gold":80,"neow_bonus":"TEN_PERCENT_HP_BONUS","is_daily":false,"chose_seed":false,"campfire_upgraded":8,"win_rate":0.0,"timestamp":1611251994,"path_taken":["M","?","M","M","M","R","M","E","T","E","R","M","R","?","R","BOSS","M","M","$","M","M","M","M","E","T","R","?","M","E","M","R","BOSS","M","?","?","M","?","E","R","?","T","M","M","$","M","$","R","BOSS"],"items_purchased_type":["Relic","Card","Relic","Relic","Card"],"build_version":"2020-12-22","purchased_purges":2,"victory":true,"max_hp_per_floor":[82,82,82,82,82,82,82,82,82,82,82,82,82,82,82,82,82,82,82,82,82,82,82,82,82,82,82,82,82,82,82,82,82,82,82,82,82,82,82,82,82,82,82,82,82,82,82,82,82,82],"card_choices":[{"not_picked":["HollowMod:SiblingsShadow","HollowMod:TaintedHusks"],"picked":"HollowMod:CornifersMapStart","floor":1},{"not_picked":["HollowMod:SiblingsShadow","HollowMod:DashSlash"],"picked":"HollowMod:HuntersJournal","floor":2},{"not_picked":["HollowMod:SharpenedShadows","HollowMod:LifebloodCocoon","HollowMod:VengefulVoid"],"picked":"SKIP","floor":3},{"not_picked":["HollowMod:WraithStrike","HollowMod:HeavyBlow","HollowMod:NewLittleFool"],"picked":"SKIP","floor":4},{"not_picked":["HollowMod:SharpenedShadows","HollowMod:HuntersJournal"],"picked":"HollowMod:BaldurShell","floor":5},{"not_picked":["HollowMod:HowlingWraiths","HollowMod:GoodIntentions"],"picked":"HollowMod:DesolateDive","floor":7},{"not_picked":["HollowMod:BaldurShell","HollowMod:HeavyBlow"],"picked":"HollowMod:DashSlash","floor":8},{"not_picked":["HollowMod:VengefulVoid","HollowMod:WraithStrike"],"picked":"HollowMod:LifebloodCore","floor":10},{"not_picked":["HollowMod:SharpenedNail","HollowMod:SoulShaman"],"picked":"HollowMod:RecoilStrike","floor":12},{"not_picked":["HollowMod:NewInfectedGuardian","HollowMod:HornetsHelp"],"picked":"HollowMod:Hiveblood","floor":16},{"not_picked":["HollowMod:MonarchWings","HollowMod:NewJinnsSoul"],"picked":"HollowMod:DungDefenderAura","floor":18},{"not_picked":["HollowMod:CrystalDash+1","HollowMod:SiblingsShadow"],"picked":"HollowMod:SoulSplash","floor":19},{"not_picked":["HollowMod:DescendingDark","HollowMod:GoodIntentions"],"picked":"HollowMod:Grubsong+1","floor":21},{"not_picked":["HollowMod:CornifersMapStart","HollowMod:CloakDash","HollowMod:CrystalDash+1"],"picked":"SKIP","floor":22},{"not_picked":["HollowMod:NewLittleFool","HollowMod:DescendingDark"],"picked":"HollowMod:CloakDash","floor":23},{"not_picked":["HollowMod:NewJinnsSoul+1","HollowMod:CloakDash","HollowMod:AbyssShriek"],"picked":"SKIP","floor":24},{"not_picked":["HollowMod:CornifersMapStart","HollowMod:DungDefenderAura","HollowMod:WraithStrike"],"picked":"SKIP","floor":25},{"not_picked":["HollowMod:SoulStrike","HollowMod:ChannelNail"],"picked":"HollowMod:DesolateDive+1","floor":29},{"not_picked":["HollowMod:WraithStrike","HollowMod:QuirrelsAssistance"],"picked":"HollowMod:theNailsmith","floor":30},{"not_picked":["HollowMod:NewLittleFool","HollowMod:FastStrike","HollowMod:HeavyBlow+1"],"picked":"SKIP","floor":31},{"not_picked":["HollowMod:LordofShades","HollowMod:MidwifesHunger"],"picked":"HollowMod:ZotesMagnificence","floor":33},{"not_picked":["HollowMod:InfectionAssault","HollowMod:InfectedAttack+1","HollowMod:SoulSplash"],"picked":"SKIP","floor":35},{"not_picked":["HollowMod:ChannelNail","HollowMod:DoubleDash+1"],"picked":"HollowMod:HowlingWraiths+1","floor":38},{"not_picked":["Mind Blast","Blind"],"picked":"Panache","floor":39},{"not_picked":["HollowMod:InfectedCysts","HollowMod:NewJinnsSoul+1","HollowMod:theNailsmith"],"picked":"SKIP","floor":40},{"not_picked":["HollowMod:SharpenedShadows+1","HollowMod:DoubleDash","HollowMod:HuntersJournal+1"],"picked":"HollowMod:DashSlash+1","floor":44},{"not_picked":["HollowMod:HowlingWraiths","HollowMod:DesolateDive","HollowMod:InfectedAttack"],"picked":"HollowMod:PureNailStrike+1","floor":45},{"not_picked":["HollowMod:PerfectDash","HollowMod:NewJinnsSoul+1","HollowMod:DashSlash","HollowMod:TaintedHusks"],"picked":"SKIP","floor":47}],"player_experience":43417,"relics_obtained":[{"floor":8,"key":"Nunchaku"},{"floor":9,"key":"Centennial Puzzle"},{"floor":10,"key":"HollowMod:LumaflyLanternRelic"},{"floor":25,"key":"Whetstone"},{"floor":26,"key":"Ancient Tea Set"},{"floor":28,"key":"Lantern"},{"floor":30,"key":"White Beast Statue"},{"floor":40,"key":"Dream Catcher"},{"floor":43,"key":"Question Card"}],"event_choices":[{"damage_healed":0,"gold_gain":0,"player_choice":"Bought 0 Potions","damage_taken":0,"max_hp_gain":0,"max_hp_loss":0,"event_name":"The Woman in Blue","floor":14,"gold_loss":0},{"cards_removed":["HollowMod:QuickDashStart"],"damage_healed":0,"gold_gain":0,"player_choice":"Removed Skill","damage_taken":0,"max_hp_gain":0,"max_hp_loss":0,"event_name":"Falling","floor":36,"gold_loss":0},{"damage_healed":0,"gold_gain":0,"player_choice":"Ignored","damage_taken":0,"max_hp_gain":0,"max_hp_loss":0,"event_name":"Tomb of Lord Red Mask","floor":37,"gold_loss":0},{"damage_healed":0,"gold_gain":0,"player_choice":"Memory 1","damage_taken":0,"max_hp_gain":0,"max_hp_loss":0,"event_name":"SensoryStone","floor":39,"gold_loss":0}],"is_beta":false,"boss_relics":[{"not_picked":["Astrolabe","Ectoplasm"],"picked":"Coffee Dripper"},{"not_picked":["Runic Dome","Snecko Eye","Velvet Choker"]}],"items_purged_floors":[46,48],"is_endless":false,"potions_floor_spawned":[2,4,5,7,10,16,18,24,29,31,33,35,38,40,44,45,47],"ascension_level":0}}