{"host":"dpbezu80jg8zk7un","time":1611205403,"event":{"mods":["BaseMod","Colored Map","Colored Powertips","Custom Start","DeckTracker","Minty Spire (QoL Compilation)","Quick Restart","StSLib","SuperFastMode"],"gold_per_floor":[113,188,204,204,224,224,256,256,279,313,326,346,359,379,379,450,450,467,467,481,206,481,481,99,116,168,180,213,225,244,272,272,350,350,360,360,375,400,220,251,263,310,322,130,130,130,144,158,158,158,158,158,158,22,52,52],"floor_reached":57,"language":"KOR","playtime":2727,"items_purged":["Defend_P","Strike_P","Strike_P","Defend_P","Defend_P"],"score":3478,"play_id":"e0985ab3-2f53-47bc-98cc-32db9807b9c4","local_time":"20210121140323","is_ascension_mode":true,"campfire_choices":[{"data":"Apotheosis","floor":6.0,"key":"SMITH"},{"data":"Vault","floor":8.0,"key":"SMITH"},{"floor":15.0,"key":"RECALL"},{"floor":23.0,"key":"REST"},{"data":"EmptyMind","floor":32.0,"key":"SMITH"},{"data":"MentalFortress","floor":45.0,"key":"SMITH"},{"data":"Adaptation","floor":46.0,"key":"SMITH"},{"floor":49.0,"key":"DIG"},{"floor":53,"key":"DIG"}],"circlet_count":0,"master_deck":["AscendersBane","Strike_P","Strike_P","Defend_P","Eruption+1","Vigilance","Apotheosis+1","FearNoEvil","Vault+1","WheelKick+1","Establishment","EmptyMind+1","CrushJoints","Scrawl+1","Scrawl+1","Adaptation+1","MentalFortress+1"],"relics":["PureWater","Anchor","Whetstone","VioletLotus","Membership Card","Omamori","DollysMirror","Pen Nib","WingedGreaves","Vajra","Lantern","Regal Pillow","Calling Bell","Smiling Mask","Eternal Feather","Shovel","FossilizedHelix","TheAbacus","MawBank","Boot","Thread and Needle","Potion Belt","Bottled Tornado","Blue Candle","Medical Kit","Bag of Preparation"],"acts_visited":["Exordium","TheCity","TheBeyond","TheEnding"],"potions_floor_usage":[56,56,56,56],"damage_taken":[{"damage":0.0,"enemies":"Jaw Worm","floor":1.0,"turns":2.0},{"damage":0.0,"enemies":"Small Slimes","floor":3.0,"turns":2.0},{"damage":0.0,"enemies":"Cultist","floor":5.0,"turns":3.0},{"damage":0.0,"enemies":"Lagavulin","floor":7.0,"turns":4.0},{"damage":0.0,"enemies":"3 Sentries","floor":10.0,"turns":4.0},{"damage":0.0,"enemies":"2 Fungi Beasts","floor":11.0,"turns":3.0},{"damage":0.0,"enemies":"Red Slaver","floor":12.0,"turns":3.0},{"damage":1.0,"enemies":"Looter","floor":13.0,"turns":3.0},{"damage":3.0,"enemies":"Gremlin Gang","floor":14.0,"turns":3.0},{"damage":31.0,"enemies":"Slime Boss","floor":16.0,"turns":9.0},{"damage":4.0,"enemies":"Chosen","floor":18.0,"turns":4.0},{"damage":10.0,"enemies":"3 Byrds","floor":20.0,"turns":5.0},{"damage":0.0,"enemies":"Centurion and Healer","floor":25.0,"turns":3.0},{"damage":0.0,"enemies":"Shelled Parasite and Fungi","floor":27.0,"turns":1.0},{"damage":1.0,"enemies":"Slavers","floor":28.0,"turns":4.0},{"damage":4.0,"enemies":"Snake Plant","floor":29.0,"turns":3.0},{"damage":6.0,"enemies":"Snecko","floor":30.0,"turns":4.0},{"damage":5.0,"enemies":"Book of Stabbing","floor":31.0,"turns":4.0},{"damage":0.0,"enemies":"Collector","floor":33.0,"turns":5.0},{"damage":0.0,"enemies":"3 Shapes","floor":35.0,"turns":2.0},{"damage":0.0,"enemies":"3 Darklings","floor":37.0,"turns":2.0},{"damage":0.0,"enemies":"Mind Bloom Boss Battle","floor":38.0,"turns":3.0},{"damage":0.0,"enemies":"Nemesis","floor":40.0,"turns":3.0},{"damage":0.0,"enemies":"Reptomancer","floor":42.0,"turns":4.0},{"damage":0.0,"enemies":"Transient","floor":47.0,"turns":6.0},{"damage":0.0,"enemies":"Spire Growth","floor":48.0,"turns":4.0},{"damage":0.0,"enemies":"Donu and Deca","floor":50.0,"turns":4.0},{"damage":0,"enemies":"Awakened One","floor":51,"turns":4},{"damage":0,"enemies":"Shield and Spear","floor":55,"turns":2},{"damage":0,"enemies":"The Heart","floor":56,"turns":6}],"seed_played":"4926011256242774411","potions_obtained":[{"floor":7.0,"key":"SteroidPotion"},{"floor":10.0,"key":"Block Potion"},{"floor":25.0,"key":"Block Potion"},{"floor":41.0,"key":"LiquidBronze"},{"floor":47.0,"key":"BottledMiracle"}],"is_trial":false,"path_per_floor":["M","?","M","?","M","R","E","R","T","E","M","M","M","M","R","B",null,"M","?","M","$","?","R","$","M","T","M","E","M","M","E","R","B",null,"M","?","M","?","$","E","?","E","T","$","R","R","M","M","R","B","B",null,"R","$","E","B",null],"character_chosen":"WATCHER","items_purchased":["Membership Card","Omamori","DollysMirror","Pen Nib","WingedGreaves","Adaptation","TheAbacus","MentalFortress","Potion Belt","Swift Potion","Medical Kit"],"campfire_rested":1,"item_purchase_floors":[21,21,24,24,24,39,39,44,44,44,54],"current_hp_per_floor":[61,50,50,50,50,50,50,50,50,50,50,50,49,46,46,15,50,46,46,36,36,36,54,54,54,54,54,53,49,43,38,38,38,56,56,46,46,46,46,46,46,46,46,46,55,62,62,62,62,62,62,62,62,62,62,62],"gold":52,"neow_bonus":"RANDOM_COLORLESS_2","is_daily":false,"chose_seed":false,"campfire_upgraded":5,"win_rate":0.0,"timestamp":1611205403,"path_taken":["M","?","M","?","M","R","E","R","T","E","M","M","M","?","R","BOSS","M","?","?","$","?","R","$","?","T","M","E","?","M","E","R","BOSS","M","?","M","?","$","E","?","E","T","$","R","R","?","M","R","BOSS","BOSS","R","$","E","BOSS"],"items_purchased_type":["Relic","Relic","Relic","Relic","Relic","Card","Relic","Card","Relic","Potion","Relic"],"build_version":"2020-12-22","purchased_purges":5,"victory":true,"max_hp_per_floor":[62,62,62,62,62,62,62,62,62,62,62,62,62,62,62,62,62,62,62,62,62,62,62,62,62,62,62,62,62,62,62,62,62,62,62,62,62,62,62,62,62,62,62,62,62,62,62,62,62,62,62,62,62,62,62,62],"card_choices":[{"not_picked":["Mayhem","Transmutation"],"picked":"Apotheosis","floor":0.0},{"not_picked":["CarveReality","SandsOfTime"],"picked":"FearNoEvil","floor":1.0},{"not_picked":["SashWhip","Evaluate","Consecrate"],"picked":"SKIP","floor":3.0},{"not_picked":["PathToVictory","JustLucky"],"picked":"WheelKick","floor":5.0},{"not_picked":["Sanctity","Judgement"],"picked":"Establishment","floor":10.0},{"not_picked":["InnerPeace","Tantrum"],"picked":"EmptyMind","floor":11.0},{"not_picked":["WindmillStrike","EmptyFist"],"picked":"CrushJoints","floor":12.0},{"not_picked":["WreathOfFlame","EmptyBody","ClearTheMind"],"picked":"SKIP","floor":13.0},{"not_picked":["WreathOfFlame","FollowUp","EmptyBody"],"picked":"SKIP","floor":14.0},{"not_picked":["Judgement","DevaForm"],"picked":"Scrawl","floor":16.0},{"not_picked":["PathToVictory","Protect","ThirdEye+1"],"picked":"SKIP","floor":18.0},{"not_picked":["Judgement","CutThroughFate","Consecrate"],"picked":"SKIP","floor":20.0},{"not_picked":["Evaluate","Protect","SignatureMove"],"picked":"SKIP","floor":25.0},{"not_picked":["EmptyBody+1","WindmillStrike","FlyingSleeves+1"],"picked":"SKIP","floor":27.0},{"not_picked":["LikeWater","JustLucky","CutThroughFate"],"picked":"SKIP","floor":28.0},{"not_picked":["JustLucky","FearNoEvil","SashWhip"],"picked":"SKIP","floor":29.0},{"not_picked":["FlurryOfBlows","CutThroughFate","Establishment"],"picked":"SKIP","floor":30.0},{"not_picked":["Protect","ThirdEye","Crescendo+1"],"picked":"SKIP","floor":31.0},{"not_picked":["ClearTheMind+1","Weave","JustLucky"],"picked":"SKIP","floor":35.0},{"not_picked":["CutThroughFate","BowlingBash","PathToVictory"],"picked":"SKIP","floor":37.0},{"not_picked":["Study","Fasting2","Wireheading"],"picked":"SKIP","floor":40.0},{"not_picked":["EmptyBody+1","SandsOfTime","BattleHymn"],"picked":"SKIP","floor":42.0},{"not_picked":["FlyingSleeves","DeusExMachina","Crescendo+1"],"picked":"SKIP","floor":47.0},{"not_picked":["ClearTheMind","FlyingSleeves","Consecrate+1"],"picked":"SKIP","floor":48.0},{"not_picked":["Prostrate","JustLucky","SashWhip+1"],"picked":"SKIP","floor":55}],"player_experience":2906953,"relics_obtained":[{"floor":7.0,"key":"Anchor"},{"floor":10.0,"key":"Whetstone"},{"floor":26.0,"key":"Vajra"},{"floor":28.0,"key":"Lantern"},{"floor":31.0,"key":"Regal Pillow"},{"floor":34.0,"key":"Smiling Mask"},{"floor":34.0,"key":"Eternal Feather"},{"floor":34.0,"key":"Shovel"},{"floor":38.0,"key":"FossilizedHelix"},{"floor":40.0,"key":"MawBank"},{"floor":42.0,"key":"Boot"},{"floor":43.0,"key":"Thread and Needle"},{"floor":49.0,"key":"Bottled Tornado"},{"floor":53,"key":"Blue Candle"},{"floor":55,"key":"Bag of Preparation"}],"event_choices":[{"damage_healed":0.0,"max_hp_gain":0.0,"max_hp_loss":0.0,"gold_gain":75.0,"event_name":"World of Goop","player_choice":"Gather Gold","floor":2.0,"gold_loss":0.0,"damage_taken":11.0},{"damage_healed":0.0,"max_hp_gain":0.0,"max_hp_loss":0.0,"gold_gain":0.0,"event_name":"Match and Keep!","player_choice":"1 cards matched","floor":4.0,"gold_loss":0.0,"damage_taken":0.0,"cards_obtained":["Vault"]},{"damage_healed":0.0,"max_hp_gain":0.0,"max_hp_loss":0.0,"gold_gain":0.0,"event_name":"Accursed Blacksmith","player_choice":"Forge","floor":19.0,"gold_loss":0.0,"damage_taken":0.0,"cards_upgraded":["Scrawl"]},{"damage_healed":0.0,"max_hp_gain":0.0,"max_hp_loss":0.0,"gold_gain":275.0,"event_name":"Golden Shrine","player_choice":"Desecrate","floor":22.0,"gold_loss":0.0,"damage_taken":0.0,"cards_obtained":["Regret"]},{"damage_healed":0.0,"max_hp_gain":0.0,"max_hp_loss":0.0,"gold_gain":0.0,"event_name":"SensoryStone","player_choice":"Memory 3","floor":36.0,"gold_loss":0.0,"damage_taken":10.0},{"damage_healed":0.0,"max_hp_gain":0.0,"max_hp_loss":0.0,"gold_gain":0.0,"event_name":"MindBloom","player_choice":"Fight","floor":38.0,"gold_loss":0.0,"damage_taken":0.0},{"damage_healed":0.0,"max_hp_gain":0.0,"max_hp_loss":0.0,"gold_gain":0.0,"event_name":"Lab","player_choice":"Got Potions","floor":41.0,"gold_loss":0.0,"damage_taken":0.0}],"is_beta":false,"boss_relics":[{"not_picked":["Pandora\u0027s Box","Tiny House"],"picked":"VioletLotus"},{"not_picked":["Runic Dome","Velvet Choker"],"picked":"Calling Bell"}],"items_purged_floors":[21,24,39,44,54],"is_endless":false,"potions_floor_spawned":[7,10,11,12,13,18,25,27,30,38,47,55],"ascension_level":20}}