{"host":"sc0o2qwpf9j16a4i","time":1611194790,"event":{"mods":["AchievementEnabler","BaseMod","BetterRewards","Block Reminder","Colored Map","Colored Powertips","Custom Start","Highlight Path","Minty Spire (QoL Compilation)","Relic Stats"],"gold_per_floor":[119,119,138,152,23,23,56,74,99,119,144,159,181,181,181,255,255,155,167,67,85,85,85],"floor_reached":22,"language":"ENG","playtime":723,"items_purged":["Strike_R","Strike_R"],"score":617,"play_id":"5f35f41a-f423-4d41-b144-694f0cfc3956","local_time":"20210121040630","is_ascension_mode":true,"campfire_choices":[{"floor":6,"key":"REST"},{"data":"Inflame","floor":15,"key":"SMITH"}],"circlet_count":0,"master_deck":["AscendersBane","Strike_R","Strike_R","Defend_R","Defend_R","Defend_R","Defend_R","Bash","Feel No Pain","Pommel Strike+1","Anger+1","Shrug It Off","Armaments","Sword Boomerang+1","Feed+1","Inflame+1","Barricade","Dark Embrace","Feel No Pain+1"],"relics":["Burning Blood","OrangePellets","Singing Bowl","Eternal Feather","Molten Egg 2","PreservedInsect","Juzu Bracelet","Ancient Tea Set","Odd Mushroom","SlaversCollar"],"acts_visited":["Exordium","TheCity"],"potions_floor_usage":[7,10,16,21],"damage_taken":[{"damage":9,"enemies":"2 Louse","floor":1,"turns":5},{"damage":7,"enemies":"Cultist","floor":3,"turns":4},{"damage":7,"enemies":"Small Slimes","floor":4,"turns":3},{"damage":10,"enemies":"3 Sentries","floor":7,"turns":3},{"damage":1,"enemies":"3 Louse","floor":8,"turns":4},{"damage":4,"enemies":"Lots of Slimes","floor":10,"turns":4},{"damage":8,"enemies":"Gremlin Nob","floor":11,"turns":3},{"damage":8,"enemies":"Blue Slaver","floor":12,"turns":4},{"damage":12,"enemies":"The Mushroom Lair","floor":13,"turns":3},{"damage":34,"enemies":"The Guardian","floor":16,"turns":17},{"damage":27,"enemies":"2 Thieves","floor":18,"turns":5},{"damage":22,"enemies":"Chosen","floor":19,"turns":6},{"damage":22,"enemies":"Snecko","floor":21,"turns":8},{"damage":59,"enemies":"Centurion and Healer","floor":22,"turns":8}],"seed_played":"-2390687352064457077","potions_obtained":[{"floor":8,"key":"DistilledChaos"},{"floor":10,"key":"BloodPotion"},{"floor":11,"key":"Strength Potion"},{"floor":16,"key":"SteroidPotion"}],"is_trial":false,"path_per_floor":["M","?","M","M","$","R","E","M","T","M","E","M","?","?","R","B",null,"M","M","$","M","M"],"character_chosen":"IRONCLAD","items_purchased":["OrangePellets","Feel No Pain","Singing Bowl","Eternal Feather","Molten Egg 2","Pommel Strike+1","ColorlessPotion"],"campfire_rested":1,"item_purchase_floors":[0,0,0,0,0,0,5],"current_hp_per_floor":[23,23,22,21,21,49,47,52,52,56,54,56,56,56,65,41,80,59,47,47,56,0,0],"gold":85,"neow_bonus":"","is_daily":false,"chose_seed":false,"campfire_upgraded":1,"win_rate":0.0,"timestamp":1611194790,"path_taken":["M","?","?","M","$","R","E","M","T","M","E","M","?","?","R","BOSS","M","M","$","M","M"],"items_purchased_type":["Relic","Card","Relic","Relic","Relic","Card","Potion"],"build_version":"2020-12-22","purchased_purges":2,"victory":false,"max_hp_per_floor":[75,75,75,75,75,75,77,77,77,79,79,83,89,89,89,93,93,93,97,97,103,103,103],"relic_stats":{"OrangePellets":[14],"Singing Bowl":8,"counters":[112,553],"Eternal Feather":15,"PreservedInsect":22,"Juzu Bracelet":0,"obtain_stats":[{"Calipers":26,"Gremlin Horn":24,"CeramicFish":14,"Ginger":6,"Bottled Tornado":30,"Boot":41,"Sling":0,"Sozu":34,"Lizard Tail":11,"HornCleat":7,"Sundial":47,"MealTicket":26,"Philosopher\u0027s Stone":17,"Necronomicon":21,"Happy Flower":9,"Astrolabe":17,"Oddly Smooth Stone":31,"Eternal Feather":0,"Pen Nib":14,"Charon\u0027s Ashes":41,"War Paint":20,"Question Card":45,"OrangePellets":30,"SlaversCollar":34,"Brimstone":0,"Molten Egg 2":0,"Black Star":17,"Meat on the Bone":23,"Darkstone Periapt":11,"Lantern":26,"Regal Pillow":44,"Singing Bowl":0,"Magic Flower":7,"Mango":31,"Bag of Preparation":22,"Juzu Bracelet":24,"Ancient Tea Set":11,"Burning Blood":0,"SsserpentHead":3,"Matryoshka":24,"Tiny Chest":7,"Red Mask":28,"Chemical X":22,"Red Skull":9,"Runic Pyramid":34,"Potion Belt":31,"Golden Idol":10,"Self Forming Clay":0,"The Courier":28,"PreservedInsect":7,"Omamori":31,"Orichalcum":20,"Frozen Egg 2":28,"Odd Mushroom":13,"Medical Kit":0,"Anchor":0,"Busted Crown":0,"Ornamental Fan":9,"Bag of Marbles":7,"Art of War":44,"Membership Card":4,"Toy Ornithopter":3},{"Calipers":69,"Gremlin Horn":14,"CeramicFish":25,"Ginger":37,"Bottled Tornado":71,"Boot":54,"Sling":81,"Sozu":49,"Lizard Tail":6,"HornCleat":22,"Sundial":79,"MealTicket":15,"Philosopher\u0027s Stone":26,"Necronomicon":45,"Happy Flower":22,"Astrolabe":89,"Oddly Smooth Stone":34,"Eternal Feather":98,"Pen Nib":9,"Charon\u0027s Ashes":77,"War Paint":28,"Question Card":55,"OrangePellets":33,"SlaversCollar":95,"Brimstone":35,"Molten Egg 2":56,"Black Star":10,"Meat on the Bone":30,"Darkstone Periapt":38,"Lantern":45,"Regal Pillow":54,"Singing Bowl":17,"Magic Flower":86,"Mango":48,"Bag of Preparation":13,"Juzu Bracelet":14,"Ancient Tea Set":105,"Burning Blood":0,"SsserpentHead":83,"Matryoshka":69,"Tiny Chest":61,"Red Mask":47,"Chemical X":45,"Red Skull":4,"Runic Pyramid":72,"Potion Belt":16,"Golden Idol":22,"Self Forming Clay":81,"The Courier":69,"PreservedInsect":102,"Omamori":16,"Orichalcum":12,"Frozen Egg 2":69,"Odd Mushroom":107,"Medical Kit":17,"Anchor":35,"Busted Crown":0,"Ornamental Fan":86,"Bag of Marbles":4,"Art of War":78,"Membership Card":36,"Toy Ornithopter":58},{"Calipers":271,"Gremlin Horn":57,"CeramicFish":101,"Ginger":169,"Bottled Tornado":280,"Boot":223,"Sling":338,"Sozu":204,"Lizard Tail":20,"HornCleat":91,"Sundial":328,"MealTicket":62,"Philosopher\u0027s Stone":111,"Necronomicon":190,"Happy Flower":91,"Astrolabe":396,"Oddly Smooth Stone":150,"Eternal Feather":476,"Pen Nib":29,"Charon\u0027s Ashes":316,"War Paint":119,"Question Card":227,"OrangePellets":143,"SlaversCollar":454,"Brimstone":162,"Molten Egg 2":229,"Black Star":39,"Meat on the Bone":128,"Darkstone Periapt":172,"Lantern":190,"Regal Pillow":223,"Singing Bowl":71,"Magic Flower":363,"Mango":198,"Bag of Preparation":51,"Juzu Bracelet":57,"Ancient Tea Set":502,"Burning Blood":0,"SsserpentHead":348,"Matryoshka":271,"Tiny Chest":244,"Red Mask":194,"Chemical X":190,"Red Skull":13,"Runic Pyramid":290,"Potion Belt":66,"Golden Idol":91,"Self Forming Clay":338,"The Courier":271,"PreservedInsect":491,"Omamori":66,"Orichalcum":48,"Frozen Egg 2":271,"Odd Mushroom":509,"Medical Kit":71,"Anchor":162,"Busted Crown":0,"Ornamental Fan":363,"Bag of Marbles":13,"Art of War":322,"Membership Card":165,"Toy Ornithopter":234}],"Burning Blood":521},"card_choices":[{"not_picked":["Body Slam+1","Ghostly Armor"],"picked":"Anger+1","floor":1},{"not_picked":["True Grit","Cleave+1"],"picked":"Shrug It Off","floor":3},{"not_picked":["Entrench","Perfected Strike+1"],"picked":"Armaments","floor":4},{"not_picked":["Warcry","Rage","Clash+1"],"picked":"Singing Bowl","floor":7},{"not_picked":["Seeing Red","Evolve"],"picked":"Sword Boomerang+1","floor":8},{"not_picked":["Cleave+1","Iron Wave+1","True Grit"],"picked":"Singing Bowl","floor":10},{"not_picked":["Corruption","Disarm"],"picked":"Feed+1","floor":11},{"not_picked":["Shrug It Off","Whirlwind+1"],"picked":"Inflame","floor":12},{"not_picked":["Warcry","Blood for Blood+1","Combust"],"picked":"Singing Bowl","floor":13},{"not_picked":["Double Tap","Exhume"],"picked":"Barricade","floor":16},{"not_picked":["Flex","Body Slam+1"],"picked":"Dark Embrace","floor":18},{"not_picked":["Twin Strike+1","Armaments+1"],"picked":"Feel No Pain+1","floor":19},{"not_picked":["Combust","Pommel Strike+1","Sword Boomerang+1"],"picked":"Singing Bowl","floor":21}],"player_experience":830013,"relics_obtained":[{"floor":7,"key":"PreservedInsect"},{"floor":9,"key":"Juzu Bracelet"},{"floor":11,"key":"Ancient Tea Set"},{"floor":13,"key":"Odd Mushroom"}],"event_choices":[{"cards_removed":["Strike_R"],"damage_healed":0,"gold_gain":0,"player_choice":"Purged","damage_taken":0,"max_hp_gain":0,"max_hp_loss":0,"event_name":"Purifier","floor":2,"gold_loss":0},{"damage_healed":0,"gold_gain":0,"player_choice":"Fought Mushrooms","damage_taken":0,"max_hp_gain":0,"max_hp_loss":0,"event_name":"Mushrooms","floor":13,"gold_loss":0},{"damage_healed":0,"gold_gain":0,"player_choice":"Got Potions","damage_taken":0,"max_hp_gain":0,"max_hp_loss":0,"event_name":"Lab","floor":14,"gold_loss":0}],"is_beta":false,"boss_relics":[{"not_picked":["Astrolabe","Empty Cage"],"picked":"SlaversCollar"}],"items_purged_floors":[5,20],"is_endless":false,"potions_floor_spawned":[8,10,11,12,16],"killed_by":"Centurion and Healer","ascension_level":20}}