{"host":"15ff3ltgpietarej","time":1611236657,"event":{"mods":["BaseMod","Bestiary","Downfall","Highlight Path","Minty Spire (QoL Compilation)","Relic Stats","StSLib"],"gold_per_floor":[99,118,118,218,218,253,253,267,292,192,205,215,232,262,277,378,378,378,396,396,413,432,443,443,474,12,23,23,54,54,65,78,174,174,74,84,99,99,126,153,153,53,73,73,84,96,96,116,130,130,130,130,130,130],"floor_reached":52,"language":"ENG","playtime":3291,"items_purged":[],"score":875,"play_id":"d3418e83-41f4-4690-8eb8-8301c58f7a70","local_time":"20210121144417","is_ascension_mode":true,"campfire_choices":[{"data":"hexamod:Sear","floor":1.0,"key":"SMITH"},{"data":"hexamod:HeatMetal","floor":10,"key":"SMITH"},{"data":"hexamod:WildfireWeapon","floor":18,"key":"SMITH"},{"floor":28,"key":"REST"},{"floor":30,"key":"RECALL"},{"data":"hexamod:SearingWound","floor":35,"key":"SMITH"},{"data":"hexamod:RainOfEmbers","floor":42,"key":"SMITH"},{"data":"hexamod:PhantomCloak","floor":44,"key":"SMITH"}],"circlet_count":0,"master_deck":["hexamod:Strike+1","hexamod:Strike","hexamod:Strike","hexamod:Strike","hexamod:Defend","hexamod:Defend","hexamod:Defend+1","hexamod:Defend","hexamod:Sear+1","hexamod:Float+1","hexamod:HeatShield+1","hexamod:AdvancingGuard+1","hexamod:HeatMetal+1","hexamod:PhantomFireball","hexamod:FlamesFromBeyond+1","hexamod:ExtraCrispy","hexamod:BurningTouch+1","hexamod:WildfireWeapon+1","hexamod:AdvancingGuard+1","hexamod:Hexaguard","hexamod:FlamesFromBeyond+1","hexamod:RainOfEmbers+1","hexamod:SixthSeal","hexamod:PhantomCloak+1","hexamod:PowerFromBeyond+1","hexamod:HeatCrush","hexamod:FlamesFromBeyond","hexamod:SearingWound+1","CurseOfTheBell","Shame","Regret","hexamod:FlamesFromBeyond+1","Parasite","hexamod:FlamesFromBeyond+1","hexamod:RetreatToShadows+1"],"relics":["hexamod:SpiritBrand","InkBottle","Mummified Hand","Omamori","downfall:HeartBlessingGreen","Nunchaku","Cursed Key","Torii","Letter Opener","Ice Cream","CaptainsWheel","Smiling Mask","Calling Bell","Boot","Question Card","Incense Burner","downfall:HeartBlessingRed","Eternal Feather","Oddly Smooth Stone","downfall:HeartBlessingBlue"],"acts_visited":["Exordium","TheCity","TheBeyond","TheEnding"],"potions_floor_usage":[9,16,25,27,33,33,45,50,50,50],"damage_taken":[{"damage":4.0,"enemies":"2 Louse","floor":2.0,"turns":2.0},{"damage":10,"enemies":"Lagavulin","floor":6,"turns":6},{"damage":0,"enemies":"Small Slimes","floor":8,"turns":3},{"damage":13,"enemies":"Gremlin Nob","floor":9,"turns":5},{"damage":0,"enemies":"Cultist","floor":11,"turns":4},{"damage":18,"enemies":"Exordium Thugs","floor":12,"turns":4},{"damage":0,"enemies":"Large Slime","floor":13,"turns":4},{"damage":4,"enemies":"3 Sentries","floor":14,"turns":7},{"damage":0,"enemies":"2 Fungi Beasts","floor":15,"turns":3},{"damage":16,"enemies":"SI_SHIV_ARCHETYPE","floor":16,"turns":6},{"damage":6,"enemies":"Shell Parasite","floor":19,"turns":6},{"damage":1,"enemies":"3 Cultists","floor":21,"turns":5},{"damage":0,"enemies":"Snecko","floor":22,"turns":6},{"damage":10,"enemies":"Centurion and Healer","floor":23,"turns":5},{"damage":27,"enemies":"Slavers","floor":25,"turns":6},{"damage":0,"enemies":"downfall:FleeingMerchant","floor":26,"turns":4},{"damage":9,"enemies":"Snake Plant","floor":27,"turns":2},{"damage":0,"enemies":"Book of Stabbing","floor":29,"turns":4},{"damage":0,"enemies":"Shelled Parasite and Fungi","floor":31,"turns":5},{"damage":1,"enemies":"Chosen and Byrds","floor":32,"turns":3},{"damage":11,"enemies":"IC_MUSHROOM_ARCHETYPE","floor":33,"turns":7},{"damage":0,"enemies":"3 Darklings","floor":36,"turns":3},{"damage":12,"enemies":"3 Shapes","floor":37,"turns":3},{"damage":14,"enemies":"Giant Head","floor":40,"turns":9},{"damage":19,"enemies":"Maw","floor":43,"turns":7},{"damage":13,"enemies":"Writhing Mass","floor":45,"turns":3},{"damage":14,"enemies":"Transient","floor":46,"turns":5},{"damage":2,"enemies":"Maw","floor":48,"turns":5},{"damage":0,"enemies":"Jaw Worm Horde","floor":49,"turns":3},{"damage":32,"enemies":"DF_ARCHETYPE_ORBS","floor":50,"turns":10},{"damage":102,"enemies":"downfall:CharBossMerchant","floor":52,"turns":9}],"seed_played":"3869665789794092940","potions_obtained":[{"floor":6,"key":"Block Potion"},{"floor":8,"key":"Regen Potion"},{"floor":12,"key":"SpeedPotion"},{"floor":13,"key":"hexamod:SoulburnPotion"},{"floor":19,"key":"Strength Potion"},{"floor":27,"key":"GamblersBrew"},{"floor":29,"key":"PowerPotion"},{"floor":37,"key":"Strength Potion"},{"floor":40,"key":"EssenceOfSteel"},{"floor":43,"key":"hexamod:EctoCoolerPotion"},{"floor":49,"key":"Energy Potion"}],"is_trial":false,"path_per_floor":["R","M","?","?","?","E","T","M","E","R","M","M","M","E","M","B",null,"R","M","?","M","M","M","T","E","$","M","R","E","R","M","M","B",null,"R","M","M","?","T","E","T","R","M","R","M","M","?","M","M","B",null,"E"],"character_chosen":"THE_SPIRIT","items_purchased":["hexamod:SixthSeal","CaptainsWheel"],"campfire_rested":1,"item_purchase_floors":[26,26],"current_hp_per_floor":[70,66,66,66,66,56,56,56,43,43,43,25,25,21,21,5,70,70,64,64,63,63,53,53,41,41,32,53,53,53,53,52,41,70,70,70,58,58,58,44,44,72,53,71,58,44,44,42,42,10,80,0,0,0],"gold":130,"neow_bonus":"UPGRADE_CARD","is_daily":false,"chose_seed":false,"campfire_upgraded":6,"win_rate":0.0,"timestamp":1611236657,"path_taken":["R","M","?","?","?","E","T","?","E","R","M","M","M","E","M","BOSS","R","M","?","M","M","M","T","E","$","M","R","E","R","M","M","BOSS","R","M","M","?","?","E","T","R","M","R","M","M","?","M","M","BOSS","E"],"items_purchased_type":["Card","Relic"],"build_version":"2020-12-22","purchased_purges":0,"victory":false,"max_hp_per_floor":[70,70,70,70,70,70,70,70,70,70,70,70,70,70,70,70,70,70,70,70,70,70,70,70,70,70,70,70,70,70,70,70,70,70,70,70,70,70,70,70,70,80,80,80,80,80,80,80,80,80,80,80,80,80],"relic_stats":{"Nunchaku":[14],"Torii":16,"counters":[31,154],"Mummified Hand":[61],"Eternal Feather":36,"Letter Opener":[137],"Cursed Key":3,"Smiling Mask":0,"Boot":[7],"Question Card":8,"obtain_stats":[{"Ice Cream":25,"Torii":20,"downfall:HeartBlessingRed":35,"Oddly Smooth Stone":41,"downfall:HeartBlessingGreen":10,"Eternal Feather":40,"Omamori":9,"Incense Burner":34,"Letter Opener":24,"Cursed Key":17,"Smiling Mask":29,"Boot":34,"Question Card":34,"Calling Bell":34,"Nunchaku":14,"CaptainsWheel":26,"Mummified Hand":7,"downfall:HeartBlessingBlue":42,"hexamod:SpiritBrand":0,"InkBottle":6},{"Ice Cream":15,"Torii":11,"downfall:HeartBlessingRed":21,"Oddly Smooth Stone":24,"downfall:HeartBlessingGreen":4,"Eternal Feather":24,"Omamori":4,"Incense Burner":21,"Letter Opener":14,"Cursed Key":10,"Smiling Mask":18,"Boot":21,"Question Card":21,"Calling Bell":21,"Nunchaku":8,"CaptainsWheel":16,"Mummified Hand":2,"downfall:HeartBlessingBlue":24,"hexamod:SpiritBrand":0,"InkBottle":2},{"Ice Cream":72,"Torii":50,"downfall:HeartBlessingRed":97,"Oddly Smooth Stone":112,"downfall:HeartBlessingGreen":16,"Eternal Feather":112,"Omamori":16,"Incense Burner":97,"Letter Opener":66,"Cursed Key":44,"Smiling Mask":82,"Boot":97,"Question Card":97,"Calling Bell":97,"Nunchaku":35,"CaptainsWheel":76,"Mummified Hand":8,"downfall:HeartBlessingBlue":112,"hexamod:SpiritBrand":0,"InkBottle":8}],"InkBottle":[49]},"card_choices":[{"not_picked":["hexamod:BacktrackSmack","hexamod:HeatMetal"],"picked":"hexamod:HeatShield","floor":2.0},{"not_picked":["hexamod:NightmareGuise","hexamod:PhantomFireball"],"picked":"hexamod:AdvancingGuard","floor":6},{"not_picked":["hexamod:SpectersWail","hexamod:BacktrackSmack"],"picked":"hexamod:HeatMetal","floor":8},{"not_picked":["hexamod:ShieldOfDarkness","hexamod:NightmareGuise"],"picked":"hexamod:PhantomFireball","floor":9},{"not_picked":["hexamod:SwordOfDarkness","hexamod:Rewind"],"picked":"hexamod:FlamesFromBeyond","floor":11},{"not_picked":["hexamod:BacktrackSmack","hexamod:SuperheatedStrike","hexamod:GhostOfSpirePresent"],"picked":"SKIP","floor":12},{"not_picked":["hexamod:RadiantFlame","hexamod:Haunt"],"picked":"hexamod:ExtraCrispy","floor":13},{"not_picked":["hexamod:AdvancingGuard","hexamod:PhantomFireball","hexamod:HauntingEcho"],"picked":"SKIP","floor":14},{"not_picked":["hexamod:RainOfEmbers","hexamod:GhostShield"],"picked":"hexamod:BurningTouch","floor":15},{"not_picked":["hexamod:ForkedFlame","hexamod:TimeOfNeed"],"picked":"hexamod:WildfireWeapon","floor":16},{"not_picked":["hexamod:InspiringFlames","hexamod:FastForward"],"picked":"hexamod:AdvancingGuard","floor":19},{"not_picked":["hexamod:HexaLevel","hexamod:ThirdSeal","hexamod:NightmareGuise+1"],"picked":"SKIP","floor":21},{"not_picked":["hexamod:ThirdSeal","hexamod:FastForward"],"picked":"hexamod:Hexaguard","floor":22},{"not_picked":["hexamod:AdvancingGuard","hexamod:SpectersWail"],"picked":"hexamod:FlamesFromBeyond","floor":23},{"not_picked":["hexamod:NightmareStrike","hexamod:AdvancingGuard"],"picked":"hexamod:RainOfEmbers","floor":25},{"not_picked":["hexamod:StepThrough+1","hexamod:Hexaguard+1","hexamod:HauntingEcho+1"],"picked":"SKIP","floor":26},{"not_picked":["hexamod:GhostShield","hexamod:ApocalypticArmor"],"picked":"hexamod:PhantomCloak","floor":27},{"not_picked":["hexamod:Again","hexamod:InspiringFlames"],"picked":"hexamod:PowerFromBeyond","floor":29},{"not_picked":["hexamod:SkipABeat","hexamod:NightmareStrike+1"],"picked":"hexamod:HeatCrush","floor":31},{"not_picked":["hexamod:Incineration","hexamod:RecurringNightmare+1"],"picked":"hexamod:FlamesFromBeyond","floor":32},{"not_picked":["hexamod:VolcanoVisage","hexamod:ParanormalForm"],"picked":"hexamod:SearingWound","floor":33},{"not_picked":["hexamod:Rewind","hexamod:NightmareGuise+1","hexamod:NecessarySacrifice","hexamod:Incineration"],"picked":"SKIP","floor":36},{"not_picked":["hexamod:RainOfEmbers","hexamod:EtherealExpedition+1","hexamod:ShieldOfDarkness","hexamod:SwordOfDarkness"],"picked":"SKIP","floor":37},{"not_picked":["hexamod:SpectersWail","hexamod:TimeWarp","hexamod:HeatMetal","hexamod:GhostOfSpirePast"],"picked":"SKIP","floor":40},{"not_picked":["hexamod:Hexaguard+1","hexamod:NightmareStrike","hexamod:FourthSeal"],"picked":"hexamod:FlamesFromBeyond+1","floor":43},{"not_picked":["hexamod:SpectersWail","hexamod:Haunt+1","hexamod:Hexaguard+1","hexamod:EmpoweredFlame+1"],"picked":"SKIP","floor":45},{"not_picked":["hexamod:ChargedBarrage+1","hexamod:GhostLash+1","hexamod:BacktrackSmack","hexamod:ApocalypticArmor"],"picked":"SKIP","floor":46},{"not_picked":["hexamod:NightmareGuise+1","hexamod:NecessarySacrifice+1","hexamod:GhostflameBarrier"],"picked":"hexamod:FlamesFromBeyond+1","floor":48},{"not_picked":["hexamod:GhostShield","hexamod:ChargedBarrage+1","hexamod:HauntingEcho+1"],"picked":"hexamod:RetreatToShadows+1","floor":49}],"player_experience":426012,"relics_obtained":[{"floor":6,"key":"InkBottle"},{"floor":7,"key":"Mummified Hand"},{"floor":9,"key":"Omamori"},{"floor":14,"key":"Nunchaku"},{"floor":24,"key":"Letter Opener"},{"floor":25,"key":"Ice Cream"},{"floor":29,"key":"Smiling Mask"},{"floor":34,"key":"Boot"},{"floor":34,"key":"Question Card"},{"floor":34,"key":"Incense Burner"},{"floor":40,"key":"Eternal Feather"},{"floor":41,"key":"Oddly Smooth Stone"}],"event_choices":[],"is_beta":false,"boss_relics":[{"not_picked":["hexamod:IceCube","Velvet Choker"],"picked":"Cursed Key"},{"not_picked":["Sozu","Philosopher\u0027s Stone"],"picked":"Calling Bell"}],"items_purged_floors":[],"is_endless":false,"potions_floor_spawned":[6,8,12,13,14,19,23,27,29,37,40,43,49],"killed_by":"downfall:CharBossMerchant","ascension_level":2}}