{"host":"ordk2y2ebcetabk6","time":1611190281,"event":{"mods":["AlwaysNeverKeys","Astrologer","Bard","BaseMod","Better Debug","Colored Map","Colored Powertips","Dark Map","Hermit","Highlight Path","Minty Spire (QoL Compilation)","Permanent Neow","Rare Cards Sparkle","Spire Arcade","StSLib","The Explorer","TheLocksmith","Wandering Minibosses","Wide Potions","thorton"],"gold_per_floor":[118,118,43,62,62,62,79,79,125,125,25,44,44,54,54,151,151,169,57,57,107,127,127,156,171,218,229,247,262,262,172,172,270,270,284,299,311,328,82,82,126,138,150,84,84,84,84,84,84,84],"floor_reached":51,"language":"ENG","playtime":1658,"items_purged":["hermit:Strike_Hermit","hermit:Strike_Hermit"],"score":685,"play_id":"0072b45b-cad1-4940-9083-8810d0df75c9","local_time":"20210120175121","is_ascension_mode":false,"campfire_choices":[{"data":"Iron Wave","floor":6.0,"key":"SMITH"},{"data":"hermit:Snapshot","floor":8.0,"key":"SMITH"},{"data":"hermit:Strike_Hermit","floor":10.0,"key":"SMITH"},{"data":"hermit:Roulette","floor":15.0,"key":"SMITH"},{"data":"hermit:Brawl","floor":23.0,"key":"SMITH"},{"data":"hermit:Ricochet","floor":30.0,"key":"SMITH"},{"data":"hermit:Enervate","floor":32.0,"key":"SMITH"},{"floor":40,"key":"REST"},{"floor":46,"key":"REST"},{"floor":49,"key":"REST"}],"circlet_count":0,"master_deck":["hermit:Strike_Hermit+1","hermit:Defend_Hermit","hermit:Defend_Hermit","hermit:Defend_Hermit+1","hermit:Defend_Hermit","hermit:Snapshot+1","Iron Wave+1","hermit:Roulette+1","hermit:Brawl+1","hermit:Enervate+1","hermit:Ricochet+1","hermit:Glare","hermit:OverwhelmingPower","Flash of Steel","hermit:OverwhelmingPower","Deep Breath"],"relics":["Busted Crown","Orichalcum","Art of War","Runic Pyramid","Sundial","Oddly Smooth Stone","hermit:BartenderGlass","thethorton:BrokenCalculator","MawBank","Shuriken"],"acts_visited":["Exordium","TheCity","TheBeyond"],"potions_floor_usage":[37,37,38,38,38,41,41,50,50,50,50],"damage_taken":[{"damage":0.0,"enemies":"2 Louse","floor":1.0,"turns":3.0},{"damage":1.0,"enemies":"Cultist","floor":4.0,"turns":4.0},{"damage":0.0,"enemies":"Small Slimes","floor":7.0,"turns":3.0},{"damage":0.0,"enemies":"Looter","floor":12.0,"turns":3.0},{"damage":2.0,"enemies":"Gremlin Gang","floor":14.0,"turns":2.0},{"damage":48.0,"enemies":"Hexaghost","floor":16.0,"turns":11.0},{"damage":3.0,"enemies":"3 Byrds","floor":18.0,"turns":4.0},{"damage":0.0,"enemies":"Spheric Guardian","floor":22.0,"turns":3.0},{"damage":18.0,"enemies":"Slavers","floor":24.0,"turns":5.0},{"damage":8.0,"enemies":"Shelled Parasite and Fungi","floor":25.0,"turns":4.0},{"damage":10.0,"enemies":"Sentry and Sphere","floor":27.0,"turns":5.0},{"damage":0.0,"enemies":"Centurion and Healer","floor":28.0,"turns":6.0},{"damage":11.0,"enemies":"Shelled Parasite and Fungi","floor":29.0,"turns":4.0},{"damage":15.0,"enemies":"Automaton","floor":33.0,"turns":7.0},{"damage":9.0,"enemies":"3 Shapes","floor":35.0,"turns":5.0},{"damage":3,"enemies":"Orb Walker","floor":36,"turns":4},{"damage":15,"enemies":"Jaw Worm Horde","floor":37,"turns":3},{"damage":18,"enemies":"Sphere and 2 Shapes","floor":38,"turns":5},{"damage":29,"enemies":"Nemesis","floor":41,"turns":7},{"damage":35,"enemies":"Time Eater","floor":50,"turns":5}],"seed_played":"-601880311296585068","potions_obtained":[{"floor":1.0,"key":"SteroidPotion"},{"floor":7.0,"key":"Regen Potion"},{"floor":16.0,"key":"Block Potion"},{"floor":24.0,"key":"Strength Potion"},{"floor":35,"key":"BlessingOfTheForge"},{"floor":37,"key":"EssenceOfSteel"},{"floor":38,"key":"hermit:Eclipse"}],"is_trial":false,"path_per_floor":["M","?","$","M","T","R","M","R","T","R","$","M","$","M","R","B",null,"M","$","$","?","M","R","E","M","T","M","M","M","R","?","R","B",null,"M","M","M","M","$","R","E","$","T","$","?","R","?","$","R","B",null],"character_chosen":"HERMIT","items_purchased":["hermit:Brawl","hermit:Enervate","Flash of Steel","thethorton:BrokenCalculator","hermit:Scavenge"],"campfire_rested":3,"item_purchase_floors":[19,19,39,39,44],"current_hp_per_floor":[75,75,75,75,75,75,75,75,75,75,75,75,75,73,73,25,75,72,72,72,72,72,72,54,46,46,36,36,25,25,25,25,40,75,66,63,48,30,30,52,23,23,23,23,23,45,45,45,67,32],"gold":84,"neow_bonus":"BOSS_RELIC","is_daily":false,"chose_seed":false,"campfire_upgraded":7,"win_rate":0.0,"timestamp":1611190281,"path_taken":["M","?","?","?","?","R","M","R","T","R","$","?","$","M","R","BOSS","M","?","$","?","M","R","E","M","T","M","?","M","R","?","R","BOSS","M","?","M","M","?","R","E","$","T","$","?","R","?","?","R","BOSS"],"items_purchased_type":["Card","Card","Card","Relic","Card"],"build_version":"2020-12-22","purchased_purges":2,"victory":true,"max_hp_per_floor":[75,75,75,75,75,75,75,75,75,75,75,75,75,75,75,75,75,75,75,75,75,75,75,75,75,75,75,75,75,75,75,75,75,75,75,75,75,75,75,75,75,75,75,75,75,75,75,75,75,75],"card_choices":[{"not_picked":["hermit:Gestalt"],"picked":"SKIP","floor":1.0},{"not_picked":["hermit:LoneWolf"],"picked":"SKIP","floor":4.0},{"not_picked":["hermit:SprayPray"],"picked":"SKIP","floor":7.0},{"not_picked":[],"picked":"hermit:Roulette","floor":12.0},{"not_picked":["hermit:SprayPray"],"picked":"SKIP","floor":14.0},{"not_picked":["hermit:Quickdraw"],"picked":"SKIP","floor":18.0},{"not_picked":["hermit:CalledShot"],"picked":"SKIP","floor":22.0},{"not_picked":["hermit:DeadMansHand"],"picked":"SKIP","floor":24.0},{"not_picked":["hermit:Quickdraw+1"],"picked":"SKIP","floor":25.0},{"not_picked":["hermit:Snipe"],"picked":"SKIP","floor":27.0},{"not_picked":[],"picked":"hermit:Ricochet","floor":28.0},{"not_picked":[],"picked":"hermit:Glare","floor":29.0},{"not_picked":[],"picked":"hermit:OverwhelmingPower","floor":33.0},{"not_picked":["hermit:Feint+1"],"picked":"SKIP","floor":35},{"not_picked":["hermit:Malice+1"],"picked":"SKIP","floor":36},{"not_picked":["hermit:LuckOfTheDraw+1"],"picked":"SKIP","floor":37},{"not_picked":["hermit:WideOpen"],"picked":"SKIP","floor":38},{"not_picked":[],"picked":"hermit:OverwhelmingPower","floor":41},{"not_picked":[],"picked":"Deep Breath","floor":45}],"player_experience":1099640,"relics_obtained":[{"floor":5.0,"key":"Orichalcum"},{"floor":9.0,"key":"Art of War"},{"floor":24.0,"key":"Sundial"},{"floor":26.0,"key":"Oddly Smooth Stone"},{"floor":41,"key":"MawBank"},{"floor":43,"key":"Shuriken"}],"event_choices":[{"cards_removed":["hermit:Covet"],"damage_healed":0.0,"max_hp_gain":0.0,"max_hp_loss":0.0,"gold_gain":0.0,"event_name":"NoteForYourself","player_choice":"Took Card","floor":2.0,"gold_loss":0.0,"damage_taken":0.0,"cards_obtained":["Iron Wave"]},{"damage_healed":0.0,"max_hp_gain":0.0,"max_hp_loss":0.0,"gold_gain":100.0,"event_name":"The Joust","player_choice":"Bet on Murderer","floor":21.0,"gold_loss":50.0,"damage_taken":0.0},{"cards_removed":["hermit:Strike_Hermit"],"damage_healed":0.0,"max_hp_gain":0.0,"max_hp_loss":0.0,"gold_gain":0.0,"event_name":"Designer","player_choice":"Upgrade and Remove","floor":31.0,"gold_loss":90.0,"damage_taken":0.0,"cards_upgraded":["hermit:Defend_Hermit"]},{"damage_healed":0,"gold_gain":0,"player_choice":"Memory 1","damage_taken":0,"max_hp_gain":0,"max_hp_loss":0,"event_name":"SensoryStone","floor":45,"gold_loss":0},{"cards_removed":["hermit:Scavenge"],"damage_healed":0,"gold_gain":0,"player_choice":"Removed Skill","damage_taken":0,"max_hp_gain":0,"max_hp_loss":0,"event_name":"Falling","floor":47,"gold_loss":0}],"is_beta":false,"boss_relics":[{"not_picked":["Black Star","Velvet Choker"],"picked":"Runic Pyramid"},{"not_picked":["Astrolabe","Snecko Eye"],"picked":"hermit:BartenderGlass"}],"items_purged_floors":[3,11],"is_endless":false,"potions_floor_spawned":[1,7,16,24,27,28,29,35,37,38],"ascension_level":0}}