{"host":"l4kdldlios54gl54","time":1611188187,"event":{"mods":["AchievementEnabler","BaseMod","Colored Map","Colored Powertips","Minty Spire (QoL Compilation)","Random Character Button"],"gold_per_floor":[116,128,140,155,120,120,155,155,237,250,250,264,339,92,92,164,164,183,201,214,214,234,234,246,246,246,259,259,259],"floor_reached":28,"language":"ENG","playtime":1267,"items_purged":["Strike_R"],"score":448,"play_id":"602f1bd4-b8c5-4ab5-b0b7-73a5d42491a5","local_time":"20210121011627","is_ascension_mode":true,"campfire_choices":[{"data":"Sword Boomerang","floor":6,"key":"SMITH"},{"data":"Carnage","floor":8,"key":"SMITH"},{"floor":11,"key":"REST"},{"floor":15,"key":"REST"},{"data":"Power Through","floor":23,"key":"SMITH"},{"floor":25,"key":"REST"}],"circlet_count":0,"master_deck":["AscendersBane","Strike_R","Strike_R","Strike_R","Defend_R","Defend_R","Defend_R","Bash","Pommel Strike","Battle Trance","Shrug It Off","Sword Boomerang+1","Carnage+1","Second Wind+1","Offering","Power Through+1","Inflame+1","Combust"],"relics":["Burning Blood","StoneCalendar","Paper Frog","Nunchaku","Velvet Choker","Prayer Wheel"],"acts_visited":["Exordium","TheCity"],"potions_floor_usage":[7,16,28],"damage_taken":[{"damage":7,"enemies":"Jaw Worm","floor":1,"turns":3},{"damage":10,"enemies":"2 Louse","floor":2,"turns":2},{"damage":1,"enemies":"Cultist","floor":3,"turns":3},{"damage":27,"enemies":"Large Slime","floor":4,"turns":9},{"damage":27,"enemies":"Lagavulin","floor":7,"turns":5},{"damage":20,"enemies":"Lots of Slimes","floor":10,"turns":6},{"damage":4,"enemies":"2 Fungi Beasts","floor":12,"turns":3},{"damage":15,"enemies":"Hexaghost","floor":16,"turns":6},{"damage":12,"enemies":"Spheric Guardian","floor":18,"turns":3},{"damage":12,"enemies":"3 Byrds","floor":19,"turns":6},{"damage":19,"enemies":"Centurion and Healer","floor":20,"turns":6},{"damage":10,"enemies":"3 Cultists","floor":22,"turns":4},{"damage":18,"enemies":"Snake Plant","floor":24,"turns":3},{"damage":6,"enemies":"Centurion and Healer","floor":27,"turns":3},{"damage":53,"enemies":"Slavers","floor":28,"turns":5}],"seed_played":"7516136967464707807","potions_obtained":[{"floor":4,"key":"SteroidPotion"},{"floor":7,"key":"PowerPotion"},{"floor":12,"key":"PowerPotion"},{"floor":19,"key":"Dexterity Potion"}],"is_trial":false,"path_per_floor":["M","M","M","M","?","R","E","R","T","M","R","M","?","$","R","B",null,"M","M","M","?","M","R","M","R","T","M","E"],"character_chosen":"IRONCLAD","items_purchased":["Nunchaku"],"campfire_rested":3,"item_purchase_floors":[14],"current_hp_per_floor":[49,45,50,29,47,47,26,26,26,12,34,36,25,25,47,38,66,60,54,41,41,37,37,25,47,47,47,0,0],"gold":259,"neow_bonus":"REMOVE_TWO","is_daily":false,"chose_seed":false,"campfire_upgraded":3,"win_rate":0.0,"timestamp":1611188187,"path_taken":["M","M","M","M","?","R","E","R","T","M","R","M","?","$","R","BOSS","M","M","M","?","?","R","M","R","T","M","E"],"items_purchased_type":["Relic"],"build_version":"2020-12-22","purchased_purges":1,"victory":false,"max_hp_per_floor":[75,75,75,75,75,75,75,75,75,75,75,75,75,75,75,75,75,75,75,75,75,75,75,75,75,75,75,75,75],"card_choices":[{"not_picked":["Anger","Havoc"],"picked":"Pommel Strike","floor":1},{"not_picked":["Armaments","Iron Wave"],"picked":"Battle Trance","floor":2},{"not_picked":["Bloodletting","Headbutt"],"picked":"Shrug It Off","floor":3},{"not_picked":["Dropkick","Uppercut"],"picked":"Sword Boomerang","floor":4},{"not_picked":["Sever Soul","Intimidate"],"picked":"Carnage","floor":7},{"not_picked":["Perfected Strike","Anger"],"picked":"Second Wind","floor":10},{"not_picked":["Rage","Clothesline","Twin Strike"],"picked":"SKIP","floor":12},{"not_picked":["Barricade","Double Tap"],"picked":"Offering","floor":16},{"not_picked":["Sword Boomerang","Uppercut"],"picked":"Power Through","floor":18},{"not_picked":["Cleave","Reckless Charge","Clothesline"],"picked":"SKIP","floor":19},{"not_picked":["Warcry+1","Battle Trance"],"picked":"Inflame+1","floor":20},{"not_picked":["Heavy Blade","Double Tap","Uppercut"],"picked":"SKIP","floor":22},{"not_picked":["Disarm","Pummel","Dropkick"],"picked":"SKIP","floor":24},{"not_picked":["Disarm","Pummel","Dropkick"],"picked":"SKIP","floor":24},{"not_picked":["Shrug It Off","Dark Embrace"],"picked":"Combust","floor":27},{"not_picked":["Seeing Red","Wild Strike","Pommel Strike"],"picked":"SKIP","floor":27}],"player_experience":882040,"relics_obtained":[{"floor":7,"key":"StoneCalendar"},{"floor":9,"key":"Paper Frog"},{"floor":26,"key":"Prayer Wheel"}],"event_choices":[{"damage_healed":18,"gold_gain":0,"player_choice":"Healed","damage_taken":0,"max_hp_gain":0,"max_hp_loss":0,"event_name":"The Cleric","floor":5,"gold_loss":35},{"damage_healed":0,"gold_gain":75,"player_choice":"Gather Gold","damage_taken":11,"max_hp_gain":0,"max_hp_loss":0,"event_name":"World of Goop","floor":13,"gold_loss":0},{"damage_healed":0,"gold_gain":0,"player_choice":"Upgraded","damage_taken":0,"max_hp_gain":0,"max_hp_loss":0,"event_name":"Upgrade Shrine","floor":21,"gold_loss":0,"cards_upgraded":["Second Wind"]}],"is_beta":false,"boss_relics":[{"not_picked":["Empty Cage","Cursed Key"],"picked":"Velvet Choker"}],"items_purged_floors":[14],"is_endless":false,"potions_floor_spawned":[4,7,12,19,20,24],"killed_by":"Slavers","ascension_level":20}}