{"host":"bq4pt811tk9yrmjl","time":1611235430,"event":{"mods":["AchievementEnabler","BaseMod","Colored Map","Colored Powertips","Defuse TimeMaze Blight","Hermit","Minty Spire (QoL Compilation)","StSLib","SuperFastMode"],"gold_per_floor":[112,112,88,88,101,101,133,133,159,186,200,200,232,251,251,346,346,357,154,169,169,169,194,194,226,226,236,249,267,279,378,378,476,476,489,489,503,503,552,552,565,597,597,647,664,697,709,709,709,709],"floor_reached":51,"language":"ENG","playtime":2342,"items_purged":[],"score":880,"play_id":"1adc0507-bd5c-416d-a073-c3ffa109b207","local_time":"20210121112350","is_ascension_mode":true,"campfire_choices":[{"data":"Glacier","floor":6.0,"key":"SMITH"},{"data":"Conserve Battery","floor":8.0,"key":"SMITH"},{"data":"Echo Form","floor":12.0,"key":"SMITH"},{"data":"Capacitor","floor":15.0,"key":"SMITH"},{"data":"Buffer","floor":24.0,"key":"SMITH"},{"floor":32.0,"key":"REST"},{"floor":40.0,"key":"REST"},{"data":"Creative AI","floor":49.0,"key":"SMITH"}],"circlet_count":0,"master_deck":["Strike_B+1","Strike_B+1","Strike_B+1","Strike_B+1","Defend_B+1","Defend_B+1","Defend_B+1","Defend_B+1","Dualcast","Glacier+1","Conserve Battery+1","Gash+1","Echo Form+1","Capacitor+1","Gash+1","Buffer+1","Creative AI+1","Gash+1","Defragment+1","Leap+1","Force Field","Recycle+1","Redo+1"],"relics":["FrozenCore","NeowsBlessing","Matryoshka","StrikeDummy","Bronze Scales","Omamori","Pantograph","Bag of Preparation","Busted Crown","Lantern","Happy Flower","Symbiotic Virus","Pen Nib","Torii","Whetstone","HornCleat","Ginger","Bag of Marbles"],"acts_visited":["Exordium","TheCity","TheBeyond"],"potions_floor_usage":[50],"damage_taken":[{"damage":0.0,"enemies":"Small Slimes","floor":1.0,"turns":1.0},{"damage":0.0,"enemies":"2 Louse","floor":5.0,"turns":1.0},{"damage":0.0,"enemies":"Lagavulin","floor":7.0,"turns":1.0},{"damage":6.0,"enemies":"Gremlin Nob","floor":10.0,"turns":5.0},{"damage":6.0,"enemies":"Cultist","floor":11.0,"turns":4.0},{"damage":2.0,"enemies":"Lagavulin","floor":13.0,"turns":7.0},{"damage":7.0,"enemies":"Exordium Wildlife","floor":14.0,"turns":6.0},{"damage":8.0,"enemies":"The Guardian","floor":16.0,"turns":9.0},{"damage":10.0,"enemies":"Shell Parasite","floor":18.0,"turns":6.0},{"damage":0.0,"enemies":"Spheric Guardian","floor":20.0,"turns":5.0},{"damage":16.0,"enemies":"Slavers","floor":23.0,"turns":8.0},{"damage":13.0,"enemies":"Book of Stabbing","floor":25.0,"turns":5.0},{"damage":0.0,"enemies":"Centurion and Healer","floor":27.0,"turns":8.0},{"damage":0.0,"enemies":"3 Cultists","floor":28.0,"turns":6.0},{"damage":7.0,"enemies":"Snake Plant","floor":29.0,"turns":5.0},{"damage":2.0,"enemies":"Centurion and Healer","floor":30.0,"turns":14.0},{"damage":16.0,"enemies":"Collector","floor":33.0,"turns":20.0},{"damage":3.0,"enemies":"3 Darklings","floor":35.0,"turns":8.0},{"damage":0.0,"enemies":"Orb Walker","floor":37.0,"turns":4.0},{"damage":21.0,"enemies":"2 Orb Walkers","floor":39.0,"turns":7.0},{"damage":6.0,"enemies":"Spire Growth","floor":41.0,"turns":9.0},{"damage":13.0,"enemies":"Nemesis","floor":42.0,"turns":11.0},{"damage":0.0,"enemies":"Mind Bloom Boss Battle","floor":44.0,"turns":12.0},{"damage":10.0,"enemies":"Writhing Mass","floor":45.0,"turns":11.0},{"damage":0.0,"enemies":"Giant Head","floor":46.0,"turns":11.0},{"damage":0.0,"enemies":"4 Shapes","floor":47.0,"turns":6.0},{"damage":10,"enemies":"Awakened One","floor":50,"turns":50}],"seed_played":"-844030285014997664","potions_obtained":[{"floor":7.0,"key":"Dexterity Potion"},{"floor":11.0,"key":"Dexterity Potion"},{"floor":13.0,"key":"PowerPotion"},{"floor":16.0,"key":"Explosive Potion"},{"floor":18.0,"key":"SmokeBomb"},{"floor":20.0,"key":"Regen Potion"},{"floor":23.0,"key":"PowerPotion"},{"floor":27.0,"key":"PotionOfCapacity"},{"floor":35.0,"key":"Energy Potion"},{"floor":37.0,"key":"SteroidPotion"},{"floor":44.0,"key":"AttackPotion"}],"is_trial":false,"path_per_floor":["M","?","$","?","M","R","E","R","T","E","M","R","E","M","R","B",null,"M","$","M","?","?","E","R","E","T","M","M","M","M","?","R","B",null,"M","$","M","?","?","R","M","E","T","?","M","E","M","?","R","B",null],"character_chosen":"DEFECT","items_purchased":["Conserve Battery","Lantern","Coolheaded"],"campfire_rested":2,"item_purchase_floors":[3,19,19],"current_hp_per_floor":[75,72,72,72,72,72,72,72,72,66,60,60,58,51,51,67,75,65,65,65,65,65,49,49,45,45,45,45,38,36,36,58,59,75,72,72,72,72,51,73,67,54,54,75,65,65,65,65,65,61],"gold":709,"neow_bonus":"THREE_ENEMY_KILL","is_daily":false,"chose_seed":false,"campfire_upgraded":6,"win_rate":0.0,"timestamp":1611235430,"path_taken":["M","?","$","?","M","R","E","R","T","E","M","R","E","M","R","BOSS","M","$","M","?","?","E","R","E","T","M","?","M","M","?","R","BOSS","M","$","M","?","?","R","M","E","T","?","M","E","M","?","R","BOSS"],"items_purchased_type":["Card","Relic","Card"],"build_version":"2020-12-22","purchased_purges":0,"victory":true,"max_hp_per_floor":[75,75,75,75,75,75,75,75,75,75,75,75,75,75,75,75,75,75,75,75,75,75,75,75,75,75,75,75,75,75,75,75,75,75,75,75,75,75,75,75,75,75,75,75,75,75,75,71,71,71],"card_choices":[{"not_picked":["Cold Snap","Turbo"],"picked":"Glacier","floor":1.0},{"not_picked":["Leap","Skim","Ball Lightning"],"picked":"SKIP","floor":5.0},{"not_picked":["Consume","Steam"],"picked":"Gash","floor":7.0},{"not_picked":["Go for the Eyes","Barrage"],"picked":"Echo Form","floor":10.0},{"not_picked":["Hello World","Barrage","Rip and Tear"],"picked":"SKIP","floor":11.0},{"not_picked":["Rebound","Gash"],"picked":"Capacitor","floor":13.0},{"not_picked":["Aggregate","Reinforced Body"],"picked":"Gash","floor":14.0},{"not_picked":["Fission","Thunder Strike"],"picked":"Buffer","floor":16.0},{"not_picked":["Steam"],"picked":"SKIP","floor":18.0},{"not_picked":["Go for the Eyes"],"picked":"SKIP","floor":20.0},{"not_picked":["Go for the Eyes"],"picked":"SKIP","floor":23.0},{"not_picked":[],"picked":"Creative AI","floor":25.0},{"not_picked":["Hologram"],"picked":"SKIP","floor":27.0},{"not_picked":[],"picked":"Gash+1","floor":28.0},{"not_picked":[],"picked":"Defragment+1","floor":29.0},{"not_picked":["Turbo"],"picked":"SKIP","floor":30.0},{"not_picked":[],"picked":"Leap+1","floor":35.0},{"not_picked":["Sweeping Beam+1"],"picked":"SKIP","floor":37.0},{"not_picked":[],"picked":"Force Field","floor":39.0},{"not_picked":["Conserve Battery"],"picked":"SKIP","floor":41.0},{"not_picked":["Self Repair+1"],"picked":"SKIP","floor":42.0},{"not_picked":[],"picked":"Recycle+1","floor":44.0},{"not_picked":["Sweeping Beam+1"],"picked":"SKIP","floor":45.0},{"not_picked":[],"picked":"Redo+1","floor":46.0},{"not_picked":["Go for the Eyes"],"picked":"SKIP","floor":47.0}],"player_experience":198961,"relics_obtained":[{"floor":7.0,"key":"StrikeDummy"},{"floor":9.0,"key":"Bronze Scales"},{"floor":9.0,"key":"Omamori"},{"floor":10.0,"key":"Pantograph"},{"floor":13.0,"key":"Bag of Preparation"},{"floor":23.0,"key":"Happy Flower"},{"floor":25.0,"key":"Symbiotic Virus"},{"floor":26.0,"key":"Pen Nib"},{"floor":39.0,"key":"Torii"},{"floor":42.0,"key":"Whetstone"},{"floor":43.0,"key":"HornCleat"},{"floor":44.0,"key":"Ginger"},{"floor":46.0,"key":"Bag of Marbles"}],"event_choices":[{"damage_healed":0.0,"max_hp_gain":0.0,"max_hp_loss":0.0,"gold_gain":0.0,"event_name":"Scrap Ooze","player_choice":"Success","floor":2.0,"gold_loss":0.0,"damage_taken":3.0,"relics_obtained":["Matryoshka"]},{"cards_removed":["Zap"],"damage_healed":0.0,"max_hp_gain":0.0,"max_hp_loss":0.0,"gold_gain":0.0,"event_name":"Purifier","player_choice":"Purged","floor":4.0,"gold_loss":0.0,"damage_taken":0.0},{"damage_healed":0.0,"max_hp_gain":0.0,"max_hp_loss":0.0,"gold_gain":0.0,"event_name":"Back to Basics","player_choice":"Simplicity","floor":21.0,"gold_loss":0.0,"damage_taken":0.0,"cards_upgraded":["Strike_B","Strike_B","Strike_B","Strike_B","Defend_B","Defend_B","Defend_B","Defend_B"]},{"cards_removed":["Coolheaded"],"damage_healed":0.0,"max_hp_gain":0.0,"max_hp_loss":0.0,"gold_gain":0.0,"event_name":"Wheel of Change","player_choice":"Card Removal","floor":22.0,"gold_loss":0.0,"damage_taken":0.0},{"damage_healed":0.0,"max_hp_gain":0.0,"max_hp_loss":0.0,"gold_gain":99.0,"event_name":"Nest","player_choice":"Stole From Cult","floor":31.0,"gold_loss":0.0,"damage_taken":0.0},{"damage_healed":0.0,"max_hp_gain":0.0,"max_hp_loss":0.0,"gold_gain":0.0,"event_name":"Tomb of Lord Red Mask","player_choice":"Ignored","floor":38.0,"gold_loss":0.0,"damage_taken":0.0},{"damage_healed":0.0,"max_hp_gain":0.0,"max_hp_loss":0.0,"gold_gain":0.0,"event_name":"Mysterious Sphere","player_choice":"Fight","floor":39.0,"gold_loss":0.0,"damage_taken":0.0},{"damage_healed":0.0,"max_hp_gain":0.0,"max_hp_loss":0.0,"gold_gain":0.0,"event_name":"MindBloom","player_choice":"Fight","floor":44.0,"gold_loss":0.0,"damage_taken":0.0},{"damage_healed":0.0,"max_hp_gain":0.0,"max_hp_loss":4.0,"gold_gain":0.0,"event_name":"Winding Halls","player_choice":"Max HP","floor":48.0,"gold_loss":0.0,"damage_taken":0.0}],"is_beta":false,"boss_relics":[{"not_picked":["SlaversCollar","Philosopher\u0027s Stone"],"picked":"Busted Crown"},{"not_picked":["Runic Pyramid","SacredBark"],"picked":"FrozenCore"}],"items_purged_floors":[],"is_endless":false,"potions_floor_spawned":[7,11,13,16,18,20,23,27,35,37,44,45],"ascension_level":1}}