{"host":"qxeepl7ydvsgmfdb","time":1611249023,"event":{"mods":["AchievementEnabler","BaseMod","Colored Powertips","Minty Spire (QoL Compilation)","Quick Restart","slay the spire mod where everything is the same but ironclad has a cowboy hat"],"gold_per_floor":[114,114,114,33,49,78,90,109,156,156,6,17,33,33,33,129,129,147,246,246,161,101,101,101],"floor_reached":23,"language":"ENG","playtime":476,"items_purged":["Strike_B"],"score":246,"play_id":"6e556eb0-ecd8-4c36-9cf4-2c13457a6e44","local_time":"20210121121023","is_ascension_mode":true,"campfire_choices":[{"data":"Chaos","floor":10.0,"key":"SMITH"},{"floor":15.0,"key":"REST"}],"circlet_count":0,"master_deck":["Strike_B","Strike_B","Strike_B","Defend_B+1","Defend_B","Defend_B+1","Defend_B","Zap+1","Dualcast+1","Ball Lightning","Fusion","Chaos+1","Ball Lightning","Defragment","Chill","White Noise","Redo","Leap","Redo"],"relics":["Cracked Core","NeowsBlessing","The Courier","Vajra","Boot","SacredBark","War Paint","Ornamental Fan"],"acts_visited":["Exordium","TheCity"],"potions_floor_usage":[23,23,23],"damage_taken":[{"damage":0.0,"enemies":"2 Louse","floor":1.0,"turns":1.0},{"damage":0.0,"enemies":"Small Slimes","floor":5.0,"turns":1.0},{"damage":0.0,"enemies":"Lagavulin","floor":6.0,"turns":1.0},{"damage":8.0,"enemies":"Jaw Worm","floor":7.0,"turns":4.0},{"damage":4.0,"enemies":"Looter","floor":8.0,"turns":3.0},{"damage":12.0,"enemies":"Exordium Thugs","floor":12.0,"turns":4.0},{"damage":5.0,"enemies":"Exordium Wildlife","floor":13.0,"turns":4.0},{"damage":24.0,"enemies":"Slime Boss","floor":16.0,"turns":8.0},{"damage":13.0,"enemies":"Spheric Guardian","floor":18.0,"turns":4.0},{"damage":74,"enemies":"Slavers","floor":23,"turns":7}],"seed_played":"3285421221401252463","potions_obtained":[{"floor":1.0,"key":"SkillPotion"},{"floor":5.0,"key":"EssenceOfSteel"},{"floor":6.0,"key":"BlessingOfTheForge"},{"floor":16.0,"key":"LiquidMemories"}],"is_trial":false,"path_per_floor":["M","?","?","$","M","E","M","M","T","R","$","M","M","?","R","B",null,"M","?","T","?","$","E"],"character_chosen":"DEFECT","items_purchased":["Fusion","Defragment","Chill","White Noise"],"campfire_rested":1,"item_purchase_floors":[4,11,11,11],"current_hp_per_floor":[75,75,60,60,60,60,52,48,48,48,48,36,31,28,50,26,75,62,62,62,62,62,0,0],"gold":101,"neow_bonus":"THREE_ENEMY_KILL","is_daily":false,"chose_seed":false,"campfire_upgraded":1,"win_rate":0.0,"timestamp":1611249023,"path_taken":["M","?","?","$","M","E","M","M","T","R","$","M","M","?","R","BOSS","M","?","?","?","?","E"],"items_purchased_type":["Card","Card","Card","Card"],"build_version":"2020-12-22","purchased_purges":1,"victory":false,"max_hp_per_floor":[75,75,75,75,75,75,75,75,75,75,75,75,75,75,75,75,75,75,75,75,75,75,75,75],"card_choices":[{"not_picked":["Reprogram","Force Field"],"picked":"Ball Lightning","floor":1.0},{"not_picked":["Rebound","Gash","Skim"],"picked":"SKIP","floor":5.0},{"not_picked":["Reboot","Go for the Eyes","Fusion"],"picked":"SKIP","floor":6.0},{"not_picked":["Streamline","Conserve Battery"],"picked":"Chaos","floor":7.0},{"not_picked":["Undo","Go for the Eyes"],"picked":"Ball Lightning","floor":8.0},{"not_picked":["Coolheaded","Heatsinks"],"picked":"Redo","floor":12.0},{"not_picked":["Hello World","Chill"],"picked":"Leap","floor":13.0},{"not_picked":["Aggregate","Streamline"],"picked":"Redo","floor":18.0}],"player_experience":200429,"relics_obtained":[{"floor":6.0,"key":"The Courier"},{"floor":9.0,"key":"Vajra"},{"floor":20.0,"key":"War Paint"}],"event_choices":[{"damage_healed":0.0,"max_hp_gain":0.0,"max_hp_loss":0.0,"gold_gain":0.0,"event_name":"Liars Game","player_choice":"Ignored","floor":2.0,"gold_loss":0.0,"damage_taken":0.0},{"damage_healed":0.0,"max_hp_gain":0.0,"max_hp_loss":0.0,"gold_gain":0.0,"event_name":"Shining Light","player_choice":"Entered Light","floor":3.0,"gold_loss":0.0,"damage_taken":15.0,"cards_upgraded":["Zap","Defend_B"]},{"damage_healed":0.0,"max_hp_gain":0.0,"max_hp_loss":0.0,"gold_gain":0.0,"event_name":"Scrap Ooze","player_choice":"Success","floor":14.0,"gold_loss":0.0,"damage_taken":3.0,"relics_obtained":["Boot"]},{"damage_healed":0.0,"max_hp_gain":0.0,"max_hp_loss":0.0,"gold_gain":99.0,"event_name":"Nest","player_choice":"Stole From Cult","floor":19.0,"gold_loss":0.0,"damage_taken":0.0},{"damage_healed":0.0,"max_hp_gain":0.0,"max_hp_loss":0.0,"gold_gain":0.0,"event_name":"Addict","player_choice":"Obtained Relic","floor":21.0,"gold_loss":85.0,"damage_taken":0.0,"relics_obtained":["Ornamental Fan"]}],"is_beta":false,"boss_relics":[{"not_picked":["Tiny House","SlaversCollar"],"picked":"SacredBark"}],"items_purged_floors":[22],"is_endless":false,"potions_floor_spawned":[1,5,6,16,18],"killed_by":"Slavers","ascension_level":3}}