{"host":"qwp6882a7gaon7u5","time":1611251919,"event":{"mods":["ATMod(阿瑾Mod)","Act Like it!","BaseMod","BetterRewards","Gensokyo","Minty Spire (QoL Compilation)","Red Circlet Mod","Replay The Spire","RumiaBox-露米娅的神秘盒子","Spicy Shops","StSLib","The Alterego","【功能Mod】混沌之环修复补丁","【遗物卡牌】REMEMod","篝火指南"],"gold_per_floor":[117,117,128,128,155,181,193,205,247,269,314,337,349,361,470,482,515,541,321,213,280,302,302],"floor_reached":23,"language":"ZHS","playtime":1185,"items_purged":[],"score":412,"play_id":"5db88b5a-23c9-4397-819f-29a40d9b3730","local_time":"20210122015839","is_ascension_mode":true,"campfire_choices":[{"data":"AT_EmpoweredMortalDraw","floor":8,"key":"SMITH"},{"data":"alterego_mod:BigMeatyClaws","floor":8,"key":"SMITH"},{"floor":15,"key":"DIG"}],"circlet_count":0,"master_deck":["alterego_mod:Strike","alterego_mod:Strike","alterego_mod:Strike","alterego_mod:Defend","alterego_mod:Defend","alterego_mod:Defend","alterego_mod:Impale","alterego_mod:BigMeatyClaws+1","alterego_mod:BrynhildrsRune","alterego_mod:Valkyrie+1","AT_EmpoweredMortalDraw+1","Clumsy","alterego_mod:Undulate","alterego_mod:RidiculouslyBig","alterego_mod:DeftHands","alterego_mod:Smother+1","alterego_mod:Birthday","alterego_mod:VirginLaserPalladion","alterego_mod:Venus+1","alterego_mod:DiscoLights+1","Gensokyo:ScrapIron","Gensokyo:Shovel","alterego_mod:GachaTicket+1"],"relics":["alterego_mod:MasochisticConstitution","REME_ComplimentaryCards","AT_ATBox","GodSword3","SSSystem","Sling","Replay:Arrowhead","Meat on the Bone","Gensokyo:PortableGap","Question Card","MawBank","Boot","Frozen Egg 2","Akabeko","Shovel","REME_LowDesire","Replay:Wax Seal","Replay:Bandana","Guide Book","Gensokyo:FoxMask","Frozen Eye"],"acts_visited":["Exordium","Gensokyo:Gensokyo"],"potions_floor_usage":[7],"damage_taken":[{"damage":0,"enemies":"Gensokyo:3_Fairies","floor":1,"turns":3},{"damage":6,"enemies":"Gensokyo:Gryphon","floor":3,"turns":5},{"damage":0,"enemies":"Gensokyo:Mamizou","floor":6,"turns":10},{"damage":18,"enemies":"Gensokyo:Cirno","floor":7,"turns":5},{"damage":0,"enemies":"Gensokyo:Aya","floor":10,"turns":3},{"damage":6,"enemies":"Gensokyo:2_Kodama","floor":11,"turns":2},{"damage":0,"enemies":"Gensokyo:Mamizou","floor":12,"turns":7},{"damage":0,"enemies":"Gensokyo:LivingMonolith","floor":13,"turns":1},{"damage":15,"enemies":"Gensokyo:Reimu","floor":16,"turns":6},{"damage":19,"enemies":"Gensokyo:Chomper","floor":18,"turns":4},{"damage":14,"enemies":"Gensokyo:3_Dogs","floor":19,"turns":2},{"damage":23,"enemies":"Gensokyo:Slime_Group","floor":22,"turns":3},{"damage":51,"enemies":"Gensokyo:Koishi","floor":23,"turns":6}],"seed_played":"4449077640945792705","potions_obtained":[{"floor":1,"key":"LifebloodPotion"},{"floor":10,"key":"SpeedPotion"},{"floor":16,"key":"Energy Potion"},{"floor":18,"key":"SmokeBomb"}],"is_trial":false,"path_per_floor":["M","?","M","?","E","E","R","T","E","M","E","M","?","R","B",null,"M","M","COS","?","M","E"],"character_chosen":"The_Alterego","items_purchased":["GodSword3","SSSystem","Sling","Replay:Arrowhead","Meat on the Bone"],"campfire_rested":0,"item_purchase_floors":[0,0,0,0,0],"current_hp_per_floor":[37,23,30,30,42,37,37,37,37,42,42,42,36,36,61,61,50,39,39,39,43,0,0],"gold":302,"neow_bonus":"","is_daily":false,"chose_seed":false,"campfire_upgraded":2,"win_rate":0.0,"timestamp":1611251919,"path_taken":["M","?","?","?","E","E","R","T","E","M","E","M","?","R","BOSS","M","M","COS","?","M","E"],"items_purchased_type":["Relic","Relic","Relic","Relic","Relic"],"build_version":"2020-12-22","purchased_purges":0,"victory":false,"max_hp_per_floor":[70,70,71,61,58,59,59,59,59,60,60,60,60,60,61,61,62,63,60,60,61,61,61],"card_choices":[{"not_picked":["alterego_mod:Maid","alterego_mod:BoobPocket"],"picked":"alterego_mod:Undulate","floor":1},{"not_picked":["alterego_mod:TrashNCrash","alterego_mod:ChallengeComplete"],"picked":"alterego_mod:RidiculouslyBig","floor":3},{"not_picked":["alterego_mod:Jiggle","alterego_mod:DestructionOfProperty"],"picked":"alterego_mod:DeftHands","floor":6},{"not_picked":["alterego_mod:DiscoLights","alterego_mod:Pet","alterego_mod:HighServant","alterego_mod:Table"],"picked":"SKIP","floor":7},{"not_picked":["alterego_mod:Mirror","alterego_mod:SuperDuperMasochism","alterego_mod:Skirt","alterego_mod:Bunnysuit"],"picked":"SKIP","floor":10},{"not_picked":["alterego_mod:TrashNCrash","alterego_mod:Jiggle","alterego_mod:SakuraLabyrinth"],"picked":"alterego_mod:Smother+1","floor":11},{"not_picked":["alterego_mod:Table","alterego_mod:BiFurious","alterego_mod:BoobPocket"],"picked":"alterego_mod:Birthday","floor":12},{"not_picked":["alterego_mod:Pet","alterego_mod:Punishment+1","alterego_mod:Skirt"],"picked":"alterego_mod:VirginLaserPalladion","floor":13},{"not_picked":["alterego_mod:PainIsPleasure+1","alterego_mod:Alter","alterego_mod:Vow"],"picked":"alterego_mod:Venus","floor":16},{"not_picked":["alterego_mod:Table+1","alterego_mod:Complex","alterego_mod:Birthday","REME_ProfessionalPlagiarism"],"picked":"alterego_mod:DiscoLights+1","floor":18},{"not_picked":["alterego_mod:SakuraFive","alterego_mod:Table","alterego_mod:Crossover","alterego_mod:MagicResistance","REME_ShortnessOfBreath"],"picked":"SKIP","floor":19},{"not_picked":["alterego_mod:1TonWallop","alterego_mod:BusterCard","alterego_mod:Cooking","REME_PuzzleBox"],"picked":"alterego_mod:GachaTicket+1","floor":22}],"player_experience":174653,"relics_obtained":[{"floor":6,"key":"Question Card"},{"floor":7,"key":"MawBank"},{"floor":9,"key":"Boot"},{"floor":10,"key":"Frozen Egg 2"},{"floor":12,"key":"Akabeko"},{"floor":15,"key":"Shovel"},{"floor":17,"key":"Replay:Wax Seal"},{"floor":17,"key":"Replay:Bandana"}],"event_choices":[],"is_beta":false,"boss_relics":[{"not_picked":["Abe\u0027s Treasure","REME_DuelDisc"],"picked":"REME_LowDesire"}],"items_purged_floors":[],"is_endless":false,"potions_floor_spawned":[1,10,16,18,19],"killed_by":"Gensokyo:Koishi","ascension_level":1}}