{"host":"snn1c4qsf0fj7fzf","time":1611222580,"event":{"mods":["AchievementEnabler","Act Like it!","Aspiration","Astrologer","Bard","BaseMod","Colored Powertips","Gensokyo","Gremlin Mod","Hallownest","Hermit","HololiveMod","Hubris","Infinite Spire","Lobotomy","LobotomyExtend","Marisa????????","Minty Spire (QoL Compilation)","Random Character Button","Rare Cards Sparkle","Reimu??????","Replay The Spire","Shop Mod","StSLib","The Administrix","The Animator","The Bug Knight","The Cursed","The Gatherer","The Hierophant","The Poker Player"],"gold_per_floor":[119,119,44,44,57,85,101,101,101,101,114,33,64,142,142,197,197],"floor_reached":16,"language":"ENG","playtime":517,"items_purged":["Strike_B"],"score":135,"play_id":"51a57474-8ac3-42c5-ac52-d33c77da6fa3","local_time":"20210121174940","is_ascension_mode":false,"campfire_choices":[{"data":"Crystallizer","floor":8,"key":"SMITH"},{"data":"ReplayGash","floor":15,"key":"SMITH"}],"circlet_count":0,"master_deck":["Strike_B","Strike_B","Defend_B","Defend_B","Defend_B","Defend_B","Zap+1","Dualcast+1","Beam Cell","ReplayGash+1","hubris:Ukulele","Panic Button","Crystallizer+1","ReplayTheSpireMod:Repulse","ReplayGash+1","ReplayTheSpireMod:Omega Cannon","Redo"],"relics":["Cracked Core","NeowsBlessing","LetterFromLob","Hallownest:DreamNailRelic","RedMistMask","War Paint","hubris:DeckOfHolding","Replay:Bandana"],"acts_visited":["Hallownest:Greenpath"],"potions_floor_usage":[16,16],"damage_taken":[{"damage":0,"enemies":"2_ Uuma","floor":1,"turns":1},{"damage":0,"enemies":"Hallownest:2_Tiktiks_and_1_Crawlid","floor":5,"turns":1},{"damage":0,"enemies":"Hallownest:eliteMossKnight","floor":6,"turns":1},{"damage":0,"enemies":"Hallownest:2_MossCreeps","floor":7,"turns":2},{"damage":0,"enemies":"Hallownest:monsterAspidMother","floor":11,"turns":3},{"damage":6,"enemies":"Hallownest:eliteCrystalGuardian","floor":13,"turns":3},{"damage":3,"enemies":"Hallownest:Wandering_and_Horned","floor":14,"turns":2},{"damage":88,"enemies":"Hallownest:BossHornet","floor":16,"turns":6}],"seed_played":"5165215496130929653","potions_obtained":[{"floor":5,"key":"PowerPotion"},{"floor":11,"key":"Venom Potion"}],"is_trial":false,"path_per_floor":["M","?","$","?","M","E","M","R","T","?","M","$","E","M","R","B"],"character_chosen":"DEFECT","items_purchased":["ReplayGash"],"campfire_rested":0,"item_purchase_floors":[12],"current_hp_per_floor":[75,75,75,75,75,75,75,75,75,75,75,75,69,66,66,0,0],"gold":197,"neow_bonus":"THREE_ENEMY_KILL","is_daily":false,"chose_seed":false,"campfire_upgraded":2,"win_rate":0.0,"timestamp":1611222580,"path_taken":["M","?","$","?","M","E","M","R","T","?","M","$","E","M","R","BOSS"],"items_purchased_type":["Card"],"build_version":"2020-12-22","purchased_purges":1,"victory":false,"max_hp_per_floor":[75,75,75,75,75,75,75,75,75,75,75,75,75,75,75,75,75],"card_choices":[{"not_picked":["Sweeping Beam","Barrage"],"picked":"Beam Cell","floor":1},{"not_picked":["ReplayTheSpireMod:GoodbyeWorld","Ball Lightning"],"picked":"hubris:Ukulele","floor":5},{"not_picked":["Hologram","Coolheaded"],"picked":"Panic Button","floor":6},{"not_picked":["FIFO Queue","Leap"],"picked":"Crystallizer","floor":7},{"not_picked":["Machine Learning","Barrage"],"picked":"ReplayTheSpireMod:Repulse","floor":11},{"not_picked":["ReplayTheSpireMod:GoodbyeWorld","ReplayTheSpireMod:Repulse"],"picked":"ReplayTheSpireMod:Omega Cannon","floor":13},{"not_picked":["Hello World","FIFO Queue"],"picked":"Redo","floor":14}],"player_experience":351015,"relics_obtained":[{"floor":1,"key":"LetterFromLob"},{"floor":5,"key":"RedMistMask"},{"floor":6,"key":"War Paint"},{"floor":9,"key":"hubris:DeckOfHolding"},{"floor":13,"key":"Replay:Bandana"}],"event_choices":[],"is_beta":false,"boss_relics":[],"items_purged_floors":[3],"is_endless":false,"potions_floor_spawned":[5,11],"killed_by":"Hallownest:BossHornet","ascension_level":0}}