{"host":"pxmwci5ksxda8grt","time":1611206275,"event":{"mods":["BaseMod","Better Third Choice","BetterRewards","Colored Map","Colored Powertips","Defuse TimeMaze Blight","Energized Spire","GifTheSpireLib","Minty Spire (QoL Compilation)","Quick Restart","Rare Cards Sparkle","Relic Stats","StSLib","SuperFastMode"],"gold_per_floor":[113,113,113,129,145,145,172,186,232,249,249,261,4974,4974,4974,5070,5070,5080,5093,5093,5093,5143,5143,5143,5155,5237,5262,5277,5295,5295,4896,4896,4992,4992,5034,5034,5060,5074,5085,4688,4688,4705,4705,4740,4740,4790,4790,4816,4816,4816],"floor_reached":51,"language":"ENG","playtime":2464,"items_purged":["Strike_B","Strike_B+1","Strike_B+1"],"score":1100,"play_id":"cfe1cae2-bbe8-423f-8240-f4a3f503aa39","local_time":"20210121181755","is_ascension_mode":false,"campfire_choices":[{"data":"1","floor":6,"key":"LIFT"},{"data":"Double Energy","floor":15,"key":"SMITH"},{"data":"Machine Learning","floor":23,"key":"SMITH"},{"data":"2","floor":32,"key":"LIFT"},{"data":"Echo Form","floor":41,"key":"SMITH"},{"data":"3","floor":45,"key":"LIFT"},{"data":"Defend_B","floor":49,"key":"PURGE"}],"circlet_count":0,"master_deck":["Defend_B+1","Defend_B+1","Zap","Dualcast","Machine Learning+1","Sweeping Beam+1","Defragment","Apotheosis+1","Double Energy+1","Ball Lightning+1","Heatsinks","Streamline+1","Meteor Strike+1","Static Discharge","Electrodynamics","White Noise","Double Energy+1","Hello World+1","Defragment","Consume","Self Repair","White Noise","Electrodynamics","Static Discharge","Aggregate","Echo Form+1","Meteor Strike+1","Heatsinks+1"],"relics":["Cracked Core","Kunai","Omamori","Frozen Eye","Bronze Scales","StoneCalendar","Boot","Ginger","OrangePellets","Toolbox","CaptainsWheel","Happy Flower","Molten Egg 2","Lee\u0027s Waffle","Anchor","Singing Bowl","Girya","Eternal Feather","Orrery","Bag of Preparation","Ornamental Fan","Potion Belt","Prayer Wheel","Membership Card","Pantograph","InkBottle","Pen Nib","FossilizedHelix","Runic Capacitor","Blood Vial","Tiny Chest","Sling","TungstenRod","Art of War","ClockworkSouvenir","Oddly Smooth Stone","Regal Pillow","Cauldron","Medical Kit","Bag of Marbles","Calipers","Whetstone","TheAbacus","Centennial Puzzle","Cables","Chemical X","Du-Vu Doll","Toy Ornithopter","White Beast Statue","Smiling Mask","Vajra","Lantern","Matryoshka","energizedSpire:RedRose","MutagenicStrength","Orichalcum","Ancient Tea Set","Nunchaku","HornCleat","Juzu Bracelet","Gremlin Horn","HandDrill","Peace Pipe","Nuclear Battery","MealTicket","War Paint","Sundial","Strange Spoon","Strawberry","DataDisk","Emotion Chip","Mercury Hourglass"],"acts_visited":["Exordium","TheCity","TheBeyond"],"potions_floor_usage":[24],"damage_taken":[{"damage":0,"enemies":"Cultist","floor":1,"turns":3},{"damage":0,"enemies":"Jaw Worm","floor":4,"turns":2},{"damage":0,"enemies":"Small Slimes","floor":5,"turns":2},{"damage":0,"enemies":"3 Sentries","floor":7,"turns":2},{"damage":6,"enemies":"Exordium Wildlife","floor":8,"turns":3},{"damage":0,"enemies":"3 Louse","floor":10,"turns":3},{"damage":0,"enemies":"Blue Slaver","floor":12,"turns":2},{"damage":28,"enemies":"Hexaghost","floor":16,"turns":3},{"damage":0,"enemies":"3 Byrds","floor":18,"turns":1},{"damage":0,"enemies":"Chosen","floor":19,"turns":3},{"damage":0,"enemies":"Shelled Parasite and Fungi","floor":25,"turns":1},{"damage":0,"enemies":"Slavers","floor":27,"turns":2},{"damage":0,"enemies":"Snecko","floor":28,"turns":2},{"damage":0,"enemies":"3 Cultists","floor":29,"turns":2},{"damage":0,"enemies":"Automaton","floor":33,"turns":4},{"damage":0,"enemies":"3 Shapes","floor":35,"turns":2},{"damage":0,"enemies":"Orb Walker","floor":38,"turns":1},{"damage":0,"enemies":"Transient","floor":39,"turns":5},{"damage":0,"enemies":"Jaw Worm Horde","floor":42,"turns":1},{"damage":0,"enemies":"Nemesis","floor":44,"turns":3},{"damage":0,"enemies":"Mind Bloom Boss Battle","floor":46,"turns":2},{"damage":0,"enemies":"Giant Head","floor":48,"turns":3},{"damage":4,"enemies":"Awakened One","floor":50,"turns":5}],"seed_played":"-8243019901744163629","potions_obtained":[{"floor":0,"key":"FocusPotion"},{"floor":0,"key":"Ancient Potion"},{"floor":0,"key":"Explosive Potion"},{"floor":0,"key":"Block Potion"},{"floor":0,"key":"Regen Potion"},{"floor":24,"key":"Fruit Juice"},{"floor":24,"key":"Fire Potion"},{"floor":28,"key":"DuplicationPotion"},{"floor":29,"key":"PotionOfCapacity"}],"is_trial":false,"path_per_floor":["M","?","?","M","M","R","E","M","T","M","T","M","$","?","R","B",null,"M","M","?","?","T","R","?","M","T","E","M","M","?","$","R","B",null,"M","?","T","M","M","$","R","M","T","E","R","?","?","E","R","B",null],"character_chosen":"DEFECT","items_purchased":["Kunai","Omamori","Frozen Eye","Bronze Scales","Boot","Ginger","OrangePellets","Toolbox","Dream Catcher","CaptainsWheel","Happy Flower","Molten Egg 2","Lee\u0027s Waffle","Anchor","Singing Bowl","Girya","Eternal Feather","Orrery","Bag of Preparation","Ornamental Fan","Potion Belt","Prayer Wheel","Membership Card","Pantograph","InkBottle","Pen Nib","FossilizedHelix","Runic Capacitor","Blood Vial","Tiny Chest","Sling","TungstenRod","Art of War","ClockworkSouvenir","Oddly Smooth Stone","Regal Pillow","Cauldron","Medical Kit","Bag of Marbles","Calipers","Whetstone","TheAbacus","Centennial Puzzle","Cables","Chemical X","Du-Vu Doll","Toy Ornithopter","Lantern","Matryoshka","Static Discharge","Gremlin Horn","HandDrill","Peace Pipe","War Paint","Echo Form","Sundial","Strange Spoon"],"campfire_rested":0,"item_purchase_floors":[0,0,0,0,0,0,0,0,0,0,0,0,0,0,0,0,0,0,0,0,0,0,0,0,0,0,0,0,0,0,0,0,0,0,0,0,0,0,0,0,0,0,0,0,0,0,0,13,13,13,31,31,31,40,40,40,40],"current_hp_per_floor":[84,84,84,88,88,88,88,82,82,86,86,92,92,86,94,66,94,96,100,100,100,100,100,105,107,107,107,107,109,88,88,103,114,114,116,118,118,122,124,124,124,126,133,133,133,135,135,137,137,137],"gold":4816,"neow_bonus":"","is_daily":false,"chose_seed":false,"campfire_upgraded":3,"win_rate":0.0,"timestamp":1611206275,"path_taken":["M","?","?","?","M","R","E","M","T","M","?","M","$","?","R","BOSS","M","M","?","?","?","R","?","M","T","E","M","M","?","$","R","BOSS","M","?","?","M","M","$","R","M","T","E","R","?","?","E","R","BOSS"],"items_purchased_type":["Relic","Relic","Relic","Relic","Relic","Relic","Relic","Relic","Relic","Relic","Relic","Relic","Relic","Relic","Relic","Relic","Relic","Relic","Relic","Relic","Relic","Relic","Relic","Relic","Relic","Relic","Relic","Relic","Relic","Relic","Relic","Relic","Relic","Relic","Relic","Relic","Relic","Relic","Relic","Relic","Relic","Relic","Relic","Relic","Relic","Relic","Relic","Relic","Relic","Card","Relic","Relic","Relic","Relic","Card","Relic","Relic"],"build_version":"2020-12-22","purchased_purges":3,"victory":true,"max_hp_per_floor":[84,84,84,88,88,88,88,88,88,90,90,94,94,94,94,94,94,96,100,100,100,100,100,105,107,107,107,107,109,114,114,114,114,114,116,118,118,122,124,124,124,126,133,133,133,135,135,137,137,137],"relic_stats":{"Regal Pillow":0,"Singing Bowl":38,"Gremlin Horn":[8,10],"StoneCalendar":[0],"Bag of Preparation":[46],"Juzu Bracelet":2,"Ginger":[9],"Whetstone":["Neutralize","Strike_G","Strike_B","Strike_B"],"Boot":[23],"Smiling Mask":1,"Blood Vial":6,"Centennial Puzzle":[30],"Nunchaku":[7],"Emotion Chip":[5,3,0,0,2],"TheAbacus":[126],"Sundial":[4],"Pantograph":9,"Prayer Wheel":15,"Tiny Chest":3,"MealTicket":0,"HandDrill":[52],"Kunai":[18],"Chemical X":[2],"InkBottle":[41],"Lee\u0027s Waffle":14,"Happy Flower":[31],"counters":[60,144],"Eternal Feather":23,"Pen Nib":[40],"Orichalcum":[0],"War Paint":["Outmaneuver","Defend_G","Defend_G","Survivor","Defend_B","Defend_B"],"Medical Kit":[0],"Cables":[44,39,0,0,5],"Mercury Hourglass":[24],"Peace Pipe":1,"OrangePellets":[11],"Strange Spoon":[17],"Ornamental Fan":[72],"Bronze Scales":[109],"Art of War":[10],"obtain_stats":[{"TwistedFunnel":24,"Whetstone":0,"Ginger":0,"Bottled Tornado":0,"Sling":0,"Boot":0,"Blood Vial":8,"Sundial":44,"MealTicket":6,"HandDrill":8,"Kunai":0,"Tingsha":26,"Eternal Feather":0,"Pen Nib":9,"Cables":0,"Bird Faced Urn":0,"MutagenicStrength":20,"Regal Pillow":0,"Lantern":13,"Torii":0,"Singing Bowl":0,"StoneCalendar":0,"Bag of Preparation":0,"Smiling Mask":9,"Ancient Tea Set":22,"Shovel":0,"Matryoshka":13,"Ninja Scroll":20,"Toolbox":0,"energizedSpire:HugeHouse":17,"Chemical X":0,"InkBottle":0,"Ring of the Snake":0,"Potion Belt":0,"Lee\u0027s Waffle":0,"The Specimen":20,"Golden Idol":11,"Thread and Needle":0,"PreservedInsect":12,"Omamori":47,"MawBank":43,"Nuclear Battery":34,"Ornamental Fan":0,"Orrery":0,"Turnip":0,"Art of War":0,"Toy Ornithopter":34,"Ice Cream":0,"Calipers":0,"Gremlin Horn":31,"Vajra":11,"Runic Capacitor":0,"Centennial Puzzle":31,"Lizard Tail":0,"HornCleat":0,"DollysMirror":20,"Strawberry":24,"Prayer Wheel":0,"Girya":0,"Happy Flower":38,"Dead Branch":0,"Oddly Smooth Stone":0,"Letter Opener":14,"War Paint":25,"Du-Vu Doll":36,"OrangePellets":0,"Shuriken":34,"Bronze Scales":0,"Molten Egg 2":24,"Pocketwatch":40,"Meat on the Bone":0,"Darkstone Periapt":0,"Mango":13,"Juzu Bracelet":27,"ClockworkSouvenir":0,"Frozen Eye":0,"Dream Catcher":0,"Nunchaku":26,"Emotion Chip":46,"TheAbacus":0,"Gambling Chip":34,"Pantograph":0,"Tiny Chest":10,"Cracked Core":2,"energizedSpire:RedRose":17,"Orichalcum":0,"Medical Kit":0,"White Beast Statue":38,"Mercury Hourglass":48,"Calling Bell":34,"Peace Pipe":31,"Cauldron":0,"Strange Spoon":40,"CaptainsWheel":0,"Anchor":0,"DataDisk":44,"Bag of Marbles":8,"Membership Card":0,"TungstenRod":28,"FossilizedHelix":0},{"TwistedFunnel":12,"Whetstone":28,"Ginger":28,"Bottled Tornado":28,"Sling":28,"Boot":28,"Blood Vial":6,"Sundial":23,"MealTicket":6,"HandDrill":6,"Kunai":37,"Tingsha":13,"Eternal Feather":37,"Pen Nib":6,"Cables":37,"Bird Faced Urn":28,"MutagenicStrength":47,"Regal Pillow":28,"Lantern":44,"Torii":28,"Singing Bowl":37,"StoneCalendar":28,"Bag of Preparation":0,"Smiling Mask":42,"Ancient Tea Set":47,"Shovel":28,"Matryoshka":44,"Ninja Scroll":10,"Toolbox":28,"energizedSpire:HugeHouse":9,"Chemical X":37,"InkBottle":37,"Ring of the Snake":0,"Potion Belt":28,"Lee\u0027s Waffle":28,"The Specimen":10,"Golden Idol":34,"Thread and Needle":28,"PreservedInsect":8,"Omamori":26,"MawBank":22,"Nuclear Battery":52,"Ornamental Fan":37,"Orrery":28,"Turnip":28,"Art of War":28,"Toy Ornithopter":17,"Ice Cream":0,"Calipers":37,"Gremlin Horn":51,"Vajra":43,"Runic Capacitor":37,"Centennial Puzzle":16,"Lizard Tail":28,"HornCleat":28,"DollysMirror":10,"Strawberry":12,"Prayer Wheel":37,"Girya":28,"Happy Flower":20,"Dead Branch":0,"Oddly Smooth Stone":37,"Letter Opener":35,"War Paint":13,"Du-Vu Doll":19,"OrangePellets":37,"Shuriken":17,"Bronze Scales":28,"Molten Egg 2":12,"Pocketwatch":22,"Meat on the Bone":28,"Darkstone Periapt":28,"Mango":35,"Juzu Bracelet":49,"ClockworkSouvenir":28,"Frozen Eye":28,"Dream Catcher":37,"Nunchaku":48,"Emotion Chip":58,"TheAbacus":0,"Gambling Chip":17,"Pantograph":37,"Tiny Chest":34,"Cracked Core":38,"energizedSpire:RedRose":36,"Orichalcum":0,"Medical Kit":37,"White Beast Statue":20,"Mercury Hourglass":59,"Calling Bell":17,"Peace Pipe":51,"Cauldron":28,"Strange Spoon":55,"CaptainsWheel":28,"Anchor":37,"DataDisk":57,"Bag of Marbles":6,"Membership Card":37,"TungstenRod":15,"FossilizedHelix":28},{"TwistedFunnel":31,"Whetstone":69,"Ginger":69,"Bottled Tornado":69,"Sling":69,"Boot":69,"Blood Vial":14,"Sundial":56,"MealTicket":14,"HandDrill":14,"Kunai":87,"Tingsha":32,"Eternal Feather":87,"Pen Nib":14,"Cables":87,"Bird Faced Urn":69,"MutagenicStrength":111,"Regal Pillow":69,"Lantern":104,"Torii":69,"Singing Bowl":87,"StoneCalendar":69,"Bag of Preparation":0,"Smiling Mask":99,"Ancient Tea Set":111,"Shovel":69,"Matryoshka":104,"Ninja Scroll":27,"Toolbox":69,"energizedSpire:HugeHouse":25,"Chemical X":87,"InkBottle":87,"Ring of the Snake":0,"Potion Belt":69,"Lee\u0027s Waffle":69,"The Specimen":27,"Golden Idol":81,"Thread and Needle":69,"PreservedInsect":18,"Omamori":60,"MawBank":54,"Nuclear Battery":122,"Ornamental Fan":87,"Orrery":69,"Turnip":69,"Art of War":69,"Toy Ornithopter":45,"Ice Cream":0,"Calipers":87,"Gremlin Horn":118,"Vajra":102,"Runic Capacitor":87,"Centennial Puzzle":39,"Lizard Tail":69,"HornCleat":69,"DollysMirror":27,"Strawberry":31,"Prayer Wheel":87,"Girya":69,"Happy Flower":50,"Dead Branch":0,"Oddly Smooth Stone":87,"Letter Opener":83,"War Paint":32,"Du-Vu Doll":49,"OrangePellets":87,"Shuriken":45,"Bronze Scales":69,"Molten Egg 2":31,"Pocketwatch":54,"Meat on the Bone":69,"Darkstone Periapt":69,"Mango":83,"Juzu Bracelet":114,"ClockworkSouvenir":69,"Frozen Eye":69,"Dream Catcher":87,"Nunchaku":112,"Emotion Chip":136,"TheAbacus":0,"Gambling Chip":45,"Pantograph":87,"Tiny Chest":81,"Cracked Core":90,"energizedSpire:RedRose":86,"Orichalcum":0,"Medical Kit":87,"White Beast Statue":50,"Mercury Hourglass":139,"Calling Bell":45,"Peace Pipe":118,"Cauldron":69,"Strange Spoon":130,"CaptainsWheel":69,"Anchor":87,"DataDisk":134,"Bag of Marbles":14,"Membership Card":87,"TungstenRod":37,"FossilizedHelix":69}],"TungstenRod":17,"Toy Ornithopter":0},"card_choices":[{"not_picked":["Barrage+1","Cold Snap+1"],"picked":"Machine Learning","floor":0},{"not_picked":["Leap","Streamline+1","Heatsinks"],"picked":"Singing Bowl","floor":1},{"not_picked":["Gash+1","Ball Lightning+1"],"picked":"Defragment","floor":1},{"not_picked":["Conserve Battery","Beam Cell+1","Redo"],"picked":"Singing Bowl","floor":4},{"not_picked":["Scrape+1","Blizzard+1","BootSequence"],"picked":"Singing Bowl","floor":4},{"not_picked":["Barrage+1","Rebound+1"],"picked":"Double Energy","floor":5},{"not_picked":["Cold Snap+1","Barrage+1"],"picked":"Ball Lightning+1","floor":5},{"not_picked":["Leap","Stack"],"picked":"Heatsinks","floor":7},{"not_picked":["Recycle","Turbo"],"picked":"Ball Lightning+1","floor":8},{"not_picked":["Doom and Gloom+1","Rebound+1"],"picked":"Streamline+1","floor":8},{"not_picked":["Ball Lightning+1","Scrape+1"],"picked":"Meteor Strike+1","floor":10},{"not_picked":["Conserve Battery","Steam","Darkness"],"picked":"Singing Bowl","floor":10},{"not_picked":["Barrage+1","Steam","Leap"],"picked":"Singing Bowl","floor":12},{"not_picked":["Streamline+1","Barrage+1","Leap"],"picked":"Singing Bowl","floor":12},{"not_picked":["Echo Form","Machine Learning"],"picked":"Electrodynamics","floor":16},{"not_picked":["Blizzard+1","Heatsinks+1","Cold Snap+1"],"picked":"Singing Bowl","floor":18},{"not_picked":["Hologram","Gash+1"],"picked":"White Noise","floor":18},{"not_picked":["Coolheaded","Barrage+1","Loop"],"picked":"Singing Bowl","floor":19},{"not_picked":["Rebound+1","Redo","Doom and Gloom+1"],"picked":"Singing Bowl","floor":19},{"not_picked":["Compile Driver+1","Sweeping Beam+1","Force Field"],"picked":"Singing Bowl","floor":25},{"not_picked":["Stack","Leap+1"],"picked":"Hello World+1","floor":25},{"not_picked":["Melter+1","Scrape+1"],"picked":"Defragment","floor":27},{"not_picked":["Recycle","Go for the Eyes+1"],"picked":"Consume","floor":28},{"not_picked":["Cold Snap+1","Multi-Cast"],"picked":"Self Repair","floor":28},{"not_picked":["Rip and Tear+1","Turbo"],"picked":"White Noise","floor":29},{"not_picked":["Sweeping Beam+1","Barrage+1","Turbo"],"picked":"Singing Bowl","floor":29},{"not_picked":["Rainbow","Fission"],"picked":"Electrodynamics","floor":33},{"not_picked":["Cold Snap+1","Steam","Stack"],"picked":"Singing Bowl","floor":35},{"not_picked":["Doom and Gloom+1","Coolheaded"],"picked":"Static Discharge","floor":35},{"not_picked":["Finesse","Dark Shackles","Madness"],"picked":"Singing Bowl","floor":36},{"not_picked":["Conserve Battery+1","Steam Power+1","Sweeping Beam+1"],"picked":"Singing Bowl","floor":38},{"not_picked":["Reinforced Body+1","Coolheaded","Compile Driver+1"],"picked":"Singing Bowl","floor":38},{"not_picked":["Darkness","Glacier+1","Chill"],"picked":"Singing Bowl","floor":39},{"not_picked":["FTL+1","BootSequence"],"picked":"Aggregate","floor":39},{"not_picked":["Consume","Stack+1"],"picked":"Meteor Strike+1","floor":42},{"not_picked":["Steam+1","Go for the Eyes+1","Stack+1"],"picked":"Singing Bowl","floor":42},{"not_picked":["Tempest","Biased Cognition"],"picked":"Heatsinks+1","floor":44},{"not_picked":["Stack","Ball Lightning+1","Gash+1"],"picked":"Singing Bowl","floor":46},{"not_picked":["Rebound+1","Self Repair+1","Coolheaded"],"picked":"Singing Bowl","floor":48}],"player_experience":569038,"relics_obtained":[{"floor":7,"key":"White Beast Statue"},{"floor":9,"key":"Smiling Mask"},{"floor":11,"key":"Vajra"},{"floor":22,"key":"Orichalcum"},{"floor":22,"key":"Ancient Tea Set"},{"floor":26,"key":"Nunchaku"},{"floor":26,"key":"HornCleat"},{"floor":27,"key":"Juzu Bracelet"},{"floor":37,"key":"MealTicket"},{"floor":43,"key":"Strawberry"},{"floor":44,"key":"DataDisk"},{"floor":46,"key":"Emotion Chip"},{"floor":48,"key":"Mercury Hourglass"}],"event_choices":[{"damage_healed":84,"gold_gain":0,"player_choice":"Protect","damage_taken":0,"max_hp_gain":0,"max_hp_loss":84,"event_name":"betterThird:BetterShining","floor":2,"gold_loss":1},{"damage_healed":0,"gold_gain":0,"player_choice":"Bought 0 Potions","damage_taken":0,"max_hp_gain":0,"max_hp_loss":0,"event_name":"The Woman in Blue","floor":3,"gold_loss":0},{"cards_removed":["Strike_B"],"damage_healed":0,"gold_gain":0,"player_choice":"Card Removal","damage_taken":7,"max_hp_gain":0,"max_hp_loss":0,"event_name":"Golden Wing","floor":14,"gold_loss":0},{"damage_healed":0,"gold_gain":0,"player_choice":"Inject Mutagens","damage_taken":0,"relics_obtained":["MutagenicStrength"],"max_hp_gain":0,"max_hp_loss":0,"event_name":"Drug Dealer","floor":20,"gold_loss":0},{"damage_healed":0,"gold_gain":0,"player_choice":"Copied","damage_taken":0,"max_hp_gain":0,"max_hp_loss":0,"event_name":"Duplicator","floor":21,"gold_loss":0,"cards_obtained":["Double Energy"]},{"damage_healed":0,"gold_gain":0,"player_choice":"Got Potions","damage_taken":0,"max_hp_gain":0,"max_hp_loss":0,"event_name":"Lab","floor":24,"gold_loss":0},{"damage_healed":0,"gold_gain":0,"player_choice":"Shed Blood","damage_taken":27,"max_hp_gain":5,"max_hp_loss":0,"event_name":"Forgotten Altar","floor":30,"gold_loss":0},{"damage_healed":0,"gold_gain":0,"player_choice":"Memory 1","damage_taken":0,"max_hp_gain":0,"max_hp_loss":0,"event_name":"SensoryStone","floor":36,"gold_loss":0},{"damage_healed":0,"gold_gain":0,"player_choice":"Fight","damage_taken":0,"max_hp_gain":0,"max_hp_loss":0,"event_name":"MindBloom","floor":46,"gold_loss":0},{"cards_removed":["Ball Lightning"],"damage_healed":0,"gold_gain":0,"player_choice":"Removed Attack","damage_taken":0,"max_hp_gain":0,"max_hp_loss":0,"event_name":"Falling","floor":47,"gold_loss":0}],"is_beta":false,"boss_relics":[{"not_picked":["Inserter","SlaversCollar"],"picked":"energizedSpire:RedRose"},{"not_picked":["SacredBark","Tiny House"],"picked":"Nuclear Battery"}],"items_purged_floors":[13,31,40],"is_endless":false,"potions_floor_spawned":[1,5,7,8,10,12,16,18,19,25,27,28,29,33,35,38,39,42,44,46,48],"ascension_level":0}}