{"host":"a3oe3gstxz77c7qu","time":1611263645,"event":{"mods":["2.2 Compatiblity","Act Like it!","Astrologer","BaseMod","Bestiary","Better Altar","Better Match","Better Note","Better Skull","Better Third Choice","Block Reminder","Curses Come First","Custom Start","Dark Map","Downfall","Fox Events","Friendly Minions","GifTheSpireLib","Hallownest","Hermit","Jorbs\u0027s Wanderer Trilogy","Lobotomy","LobotomyExtend","Marisa????????","Minty Spire (QoL Compilation)","Permanent Neow","Quick Restart","Relic Stats","Spire Arcade","StSLib","The Bug Knight","The Cursed","The Disciple","The Jungle","Uncapped","Unknown Chances","Wandering Minibosses"],"gold_per_floor":[99,109,129,54,73,148,229,260,60,86,47,47,47,64,76,76,76,76],"floor_reached":16,"language":"ENG","playtime":673,"items_purged":[],"score":132,"play_id":"0eb90e04-689e-4ec0-b73d-7d7f5304c199","local_time":"20210121211405","is_ascension_mode":true,"campfire_choices":[{"data":"Slimebound:CorrosiveSpit","floor":1,"key":"SMITH"},{"floor":9,"key":"REST"},{"floor":13,"key":"REST"}],"circlet_count":0,"master_deck":["Slimebound:Strike_Slimebound","Slimebound:Strike_Slimebound","Slimebound:Strike_Slimebound","Slimebound:Tackle","Slimebound:Defend_Slimebound","Slimebound:Defend_Slimebound","Slimebound:Defend_Slimebound","Slimebound:Defend_Slimebound","Slimebound:Split","Slimebound:CorrosiveSpit+1","Slimebound:FlameTackle","Slimebound:LivingWall","Slimebound:RollThrough","Slimebound:Prepare","Slimebound:ComboTackle","Slimebound:LivingWall"],"relics":["Slimebound:TarBlob","Potion Belt","downfall:HeartBlessingBlue","downfall:HeartBlessingGreen","Omamori"],"acts_visited":["Exordium"],"potions_floor_usage":[10,16],"damage_taken":[{"damage":0,"enemies":"Small Slimes","floor":2,"turns":3},{"damage":4,"enemies":"Cultist","floor":3,"turns":3},{"damage":7,"enemies":"Jaw Worm","floor":5,"turns":3},{"damage":26,"enemies":"Lagavulin","floor":8,"turns":6},{"damage":23,"enemies":"3 Sentries","floor":10,"turns":8},{"damage":3,"enemies":"downfall:FleeingMerchant","floor":11,"turns":4},{"damage":0,"enemies":"Large Slime","floor":14,"turns":4},{"damage":12,"enemies":"Exordium Wildlife","floor":15,"turns":4},{"damage":44,"enemies":"DF_ARCHETYPE_STREAMLINE","floor":16,"turns":9}],"seed_played":"1556087466871989044","potions_obtained":[{"floor":5,"key":"bronze:BurnAndBuffPotion"},{"floor":8,"key":"Weak Potion"}],"is_trial":false,"path_per_floor":["R","M","M","?","M","?","T","E","R","E","$","?","R","M","M","B"],"character_chosen":"SLIMEBOUND","items_purchased":["Slimebound:Prepare"],"campfire_rested":2,"item_purchase_floors":[11],"current_hp_per_floor":[65,65,61,61,54,54,54,28,60,37,34,27,49,49,37,0,0,0],"gold":76,"neow_bonus":"BOSS_RELIC","is_daily":false,"chose_seed":false,"campfire_upgraded":1,"win_rate":0.0,"timestamp":1611263645,"path_taken":["R","M","M","?","M","?","T","E","R","E","$","?","R","?","M","BOSS"],"items_purchased_type":["Card"],"build_version":"2020-12-22","purchased_purges":0,"victory":false,"max_hp_per_floor":[65,65,65,65,65,65,65,65,75,75,75,75,75,75,75,75,75,75],"relic_stats":{"counters":[9,43],"obtain_stats":[{"Potion Belt":8,"downfall:HeartBlessingBlue":9,"downfall:HeartBlessingGreen":9,"Slimebound:AbsorbEndCombat":0,"Omamori":10,"Slimebound:TarBlob":0},{"Potion Belt":4,"downfall:HeartBlessingBlue":4,"downfall:HeartBlessingGreen":4,"Slimebound:AbsorbEndCombat":0,"Omamori":5,"Slimebound:TarBlob":0},{"Potion Belt":14,"downfall:HeartBlessingBlue":14,"downfall:HeartBlessingGreen":14,"Slimebound:AbsorbEndCombat":0,"Omamori":22,"Slimebound:TarBlob":0}]},"card_choices":[{"not_picked":["Slimebound:SplitLeeching","Slimebound:TongueLash"],"picked":"Slimebound:FlameTackle","floor":2},{"not_picked":["Slimebound:Recollect","Slimebound:SlimeBarrage","Slimebound:DivideAndConquer"],"picked":"SKIP","floor":3},{"not_picked":["Slimebound:SplitAcid","Slimebound:SplitMire","Slimebound:LeechingTouch"],"picked":"SKIP","floor":5},{"not_picked":["Slimebound:LivingWall","Slimebound:ViciousTackle","Slimebound:SlimeBarrage"],"picked":"SKIP","floor":8},{"not_picked":["Slimebound:HauntingLick","Slimebound:RainOfGoop"],"picked":"Slimebound:LivingWall","floor":10},{"not_picked":["Slimebound:FinishingTackle","Slimebound:DivideAndConquer"],"picked":"Slimebound:RollThrough","floor":11},{"not_picked":["Slimebound:ProtectTheBoss","Slimebound:Prepare"],"picked":"Slimebound:ComboTackle","floor":14},{"not_picked":["Slimebound:Prepare","Slimebound:RejuvenatingLick"],"picked":"Slimebound:LivingWall","floor":15}],"player_experience":1073591,"relics_obtained":[{"floor":8,"key":"Potion Belt"},{"floor":10,"key":"Omamori"}],"event_choices":[{"damage_healed":0,"gold_gain":0,"player_choice":"1","damage_taken":0,"max_hp_gain":0,"max_hp_loss":0,"event_name":"betterMatch:BetterMatch","floor":4,"gold_loss":0,"cards_obtained":["betterMatch:CommonCard","betterMatch:RareCard"]},{"damage_healed":0,"gold_gain":0,"player_choice":"Damaged","damage_taken":7,"max_hp_gain":0,"max_hp_loss":0,"event_name":"Wheel of Change","floor":12,"gold_loss":0}],"is_beta":false,"boss_relics":[],"items_purged_floors":[],"is_endless":false,"potions_floor_spawned":[5,8],"killed_by":"DF_ARCHETYPE_STREAMLINE","ascension_level":4}}