{"host":"4rvakrj1idbgia3f","time":1611197112,"event":{"mods":["BaseMod","Colored Map","Colored Powertips","DeckTracker","Highlight Path","Minty Spire (QoL Compilation)","Random Character Button","StSLib"],"gold_per_floor":[18,18,28,43,59,59,93,105,130,147,147,147,147],"floor_reached":12,"language":"JPN","playtime":441,"items_purged":[],"score":164,"play_id":"a68d508f-c102-43ac-8909-6ebeff81c778","local_time":"20210121114512","is_ascension_mode":true,"campfire_choices":[{"data":"Carnage","floor":6.0,"key":"SMITH"},{"data":"Transmutation","floor":11.0,"key":"SMITH"}],"circlet_count":0,"master_deck":["AscendersBane","Strike_R","Strike_R","Strike_R","Strike_R","Strike_R","Defend_R","Defend_R","Defend_R","Defend_R","Bash","Transmutation+1","Carnage+1","Decay","Shrug It Off","Fire Breathing","Shrug It Off","Juggernaut","Body Slam"],"relics":["Burning Blood","Oddly Smooth Stone","Ancient Tea Set"],"acts_visited":["Exordium"],"potions_floor_usage":[12],"damage_taken":[{"damage":6.0,"enemies":"Small Slimes","floor":1.0,"turns":5.0},{"damage":0.0,"enemies":"Cultist","floor":3.0,"turns":2.0},{"damage":4.0,"enemies":"Jaw Worm","floor":4.0,"turns":3.0},{"damage":22.0,"enemies":"Looter","floor":5.0,"turns":4.0},{"damage":9.0,"enemies":"Lagavulin","floor":7.0,"turns":7.0},{"damage":14.0,"enemies":"Large Slime","floor":8.0,"turns":3.0},{"damage":9.0,"enemies":"2 Fungi Beasts","floor":10.0,"turns":4.0},{"damage":46,"enemies":"Gremlin Nob","floor":12,"turns":3}],"seed_played":"-3247843311506734207","potions_obtained":[{"floor":3.0,"key":"Explosive Potion"},{"floor":5.0,"key":"Block Potion"},{"floor":10.0,"key":"BlessingOfTheForge"}],"is_trial":false,"path_per_floor":["M","?","M","M","M","R","E","M","T","M","R","E"],"character_chosen":"IRONCLAD","items_purchased":[],"campfire_rested":0,"item_purchase_floors":[],"current_hp_per_floor":[68,68,74,75,59,59,56,48,48,45,45,0,0],"gold":147,"neow_bonus":"RANDOM_COLORLESS_2","is_daily":false,"chose_seed":false,"campfire_upgraded":2,"win_rate":0.0,"timestamp":1611197112,"path_taken":["M","?","M","?","M","R","E","M","T","M","R","E"],"items_purchased_type":[],"build_version":"2020-12-22","purchased_purges":0,"victory":false,"max_hp_per_floor":[75,75,75,75,75,75,75,75,75,75,75,75,75],"card_choices":[{"not_picked":["Chrysalis","Violence"],"picked":"Transmutation","floor":0.0},{"not_picked":["Power Through","Anger"],"picked":"Carnage","floor":1.0},{"not_picked":["Heavy Blade","Feel No Pain"],"picked":"Shrug It Off","floor":3.0},{"not_picked":["Rage","Clothesline"],"picked":"Fire Breathing","floor":4.0},{"not_picked":["Rampage","Pommel Strike"],"picked":"Shrug It Off","floor":5.0},{"not_picked":["Pommel Strike","Shrug It Off"],"picked":"Juggernaut","floor":7.0},{"not_picked":["Perfected Strike","Dropkick","Inflame"],"picked":"SKIP","floor":8.0},{"not_picked":["Perfected Strike","True Grit"],"picked":"Body Slam","floor":10.0}],"player_experience":2052549,"relics_obtained":[{"floor":7.0,"key":"Oddly Smooth Stone"},{"floor":9.0,"key":"Ancient Tea Set"}],"event_choices":[{"damage_healed":0.0,"max_hp_gain":0.0,"max_hp_loss":0.0,"gold_gain":0.0,"event_name":"Wheel of Change","player_choice":"Cursed","floor":2.0,"gold_loss":0.0,"damage_taken":0.0,"cards_obtained":["Decay"]}],"is_beta":false,"boss_relics":[],"items_purged_floors":[],"is_endless":false,"potions_floor_spawned":[3,5,7,10],"killed_by":"Gremlin Nob","ascension_level":20}}