{"host":"vhkdq3pn44gqx0jn","time":1611266430,"event":{"mods":["AchievementEnabler","BaseMod","Downfall","Hermit","Minty Spire (QoL Compilation)","StSLib","The Cursed","The Servant 0.9.4"],"gold_per_floor":[368,368,378,378,391,418,432,432,455,455,482,500,510,510,510,615,615,629,355,373,373,373,401,414,448,448,466,466,266,294,8,8,112,112,122,61,72,72,91,91,107,124,176,204,204,204,20,45,45,45],"floor_reached":51,"language":"ENG","playtime":5071,"items_purged":["TheCursedMod:FuryStrike"],"score":850,"play_id":"b3a2e940-d743-4b7e-83cf-6f61f63b1ac3","local_time":"20210121220030","is_ascension_mode":false,"campfire_choices":[{"data":"TheCursedMod:CleanUpWorkshop","floor":8,"key":"SMITH"},{"floor":10,"key":"REST"},{"data":"TheCursedMod:CircleOfBlood","floor":15,"key":"SMITH"},{"data":"TheCursedMod:CollectTribute","floor":28,"key":"SMITH"},{"data":"TheCursedMod:LuckyCharm","floor":32,"key":"SMITH"},{"data":"TheCursedMod:CursedRelics","floor":40,"key":"SMITH"},{"floor":45,"key":"REST"},{"data":"TheCursedMod:DemonicPact","floor":49,"key":"SMITH"}],"circlet_count":0,"master_deck":["TheCursedMod:Strike_TheCursed+1","TheCursedMod:Strike_TheCursed+1","TheCursedMod:Strike_TheCursed+1","TheCursedMod:Strike_TheCursed+1","TheCursedMod:Defend_TheCursed+1","TheCursedMod:Defend_TheCursed+1","TheCursedMod:Defend_TheCursed+1","TheCursedMod:CursedWand+1","TheCursedMod:CleanUpWorkshop+1","TheCursedMod:Dregs","TheCursedMod:TroublousMinions+1","TheCursedMod:FleshFromBone+1","TheCursedMod:CursedAmulet","TheCursedMod:CircleOfBlood+1","TheCursedMod:CircleOfCorruption","TheCursedMod:TacticalStrike","TheCursedMod:WearCloak","TheCursedMod:CollectTribute+1","TheCursedMod:CursedBlade","TheCursedMod:Hemoplague","TheCursedMod:CircleOfFlame","TheCursedMod:TacticalStrike","TheCursedMod:SurpriseAttack+1","TheCursedMod:CursedShiv+1","TheCursedMod:WearCloak+1","TheCursedMod:LuckyCharm+1","TheCursedMod:Obscuration","TheCursedMod:DemonSword","TheCursedMod:SurpriseAttack","TheCursedMod:Torture+1","TheCursedMod:DemonicPact+1","TheCursedMod:CircleOfCorruption","TheCursedMod:SpitefulStrike","TheCursedMod:CursedRelics+1","TheCursedMod:Obscuration+1","TheCursedMod:RapidMovement","TheCursedMod:WearCloak+1","TheCursedMod:CursedWand","TheCursedMod:Stigma","TheCursedMod:ReleasedStrength+1","Shame","TheCursedMod:TacticalStrike+1","TheCursedMod:LuckyCharm+1","TheCursedMod:SmokeScreen","TheCursedMod:Hemoplague","TheCursedMod:WearCloak+1"],"relics":["TheCursedMod:BlackMagic101","Art of War","Bronze Scales","Blood Vial","TheCursedMod:CrystalBall","Busted Crown","Membership Card","Anchor","MutagenicStrength","Pen Nib","Question Card","Mummified Hand","ClockworkSouvenir","Vajra","TheCursedMod:DemonicMark","Lee\u0027s Waffle","Cursed Key","Boot","War Paint","Darkstone Periapt","Ancient Tea Set"],"acts_visited":["Exordium","TheCity","TheBeyond"],"potions_floor_usage":[11,11,16,27,33,50],"damage_taken":[{"damage":0,"enemies":"2 Louse","floor":1,"turns":2},{"damage":0,"enemies":"Jaw Worm","floor":3,"turns":4},{"damage":0,"enemies":"Small Slimes","floor":5,"turns":4},{"damage":22,"enemies":"3 Sentries","floor":6,"turns":14},{"damage":0,"enemies":"Exordium Wildlife","floor":7,"turns":4},{"damage":8,"enemies":"Gremlin Nob","floor":11,"turns":6},{"damage":0,"enemies":"Looter","floor":12,"turns":3},{"damage":1,"enemies":"Gremlin Gang","floor":13,"turns":3},{"damage":36,"enemies":"The Guardian","floor":16,"turns":12},{"damage":1,"enemies":"3 Byrds","floor":18,"turns":3},{"damage":0,"enemies":"Chosen","floor":20,"turns":3},{"damage":28,"enemies":"Gremlin Leader","floor":23,"turns":8},{"damage":3,"enemies":"3 Cultists","floor":24,"turns":4},{"damage":0,"enemies":"Slavers","floor":25,"turns":4},{"damage":13,"enemies":"Snecko","floor":27,"turns":4},{"damage":0,"enemies":"Book of Stabbing","floor":30,"turns":3},{"damage":36,"enemies":"Automaton","floor":33,"turns":7},{"damage":0,"enemies":"3 Shapes","floor":35,"turns":2},{"damage":2,"enemies":"3 Darklings","floor":37,"turns":3},{"damage":1,"enemies":"Maw","floor":39,"turns":5},{"damage":7,"enemies":"4 Shapes","floor":41,"turns":3},{"damage":5,"enemies":"Transient","floor":42,"turns":5},{"damage":40,"enemies":"Nemesis","floor":44,"turns":5},{"damage":0,"enemies":"Giant Head","floor":48,"turns":6},{"damage":33,"enemies":"Time Eater","floor":50,"turns":10}],"seed_played":"-1268108825753984948","potions_obtained":[{"floor":1,"key":"GamblersBrew"},{"floor":3,"key":"Dexterity Potion"},{"floor":7,"key":"DuplicationPotion"},{"floor":12,"key":"Strength Potion"},{"floor":23,"key":"bronze:BurnAndBuffPotion"},{"floor":24,"key":"Weak Potion"},{"floor":30,"key":"TheCursedMod:DregsPotion"},{"floor":35,"key":"SmokeBomb"},{"floor":39,"key":"Energy Potion"}],"is_trial":false,"path_per_floor":["M","?","M","?","M","E","M","R","T","R","E","M","M","?","R","B",null,"M","$","M","?","?","E","M","E","T","M","R","$","E","$","R","B",null,"M","$","M","?","M","R","M","M","T","E","R","?","$","E","R","B",null],"character_chosen":"THE_CURSED","items_purchased":["Membership Card","TheCursedMod:Hemoplague","TheCursedMod:CircleOfFlame","Anchor","TheCursedMod:LuckyCharm","TheCursedMod:Obscuration","TheCursedMod:DemonSword","TheCursedMod:SurpriseAttack","ClockworkSouvenir","TheCursedMod:DemonicMark","TheCursedMod:DemonicPact","TheCursedMod:CircleOfCorruption","TheCursedMod:SpitefulStrike","Lee\u0027s Waffle","TheCursedMod:RapidMovement","Darkstone Periapt","TheCursedMod:SmokeScreen","TheCursedMod:Hemoplague"],"campfire_rested":2,"item_purchase_floors":[19,19,19,19,29,29,29,29,29,31,31,31,31,31,36,47,47,47],"current_hp_per_floor":[68,61,61,47,47,25,29,29,29,49,45,47,52,45,45,19,68,67,67,68,68,68,40,55,68,68,55,55,55,57,75,75,47,75,75,75,75,75,75,75,68,75,75,35,57,57,57,67,67,40],"gold":45,"neow_bonus":"TWO_FIFTY_GOLD","is_daily":false,"chose_seed":false,"campfire_upgraded":6,"win_rate":0.0,"timestamp":1611266430,"path_taken":["M","?","M","?","M","E","M","R","T","R","E","M","M","?","R","BOSS","M","$","M","?","?","E","M","E","T","M","R","?","E","$","R","BOSS","M","$","M","?","?","R","M","M","T","E","R","?","?","E","R","BOSS"],"items_purchased_type":["Relic","Card","Card","Relic","Card","Card","Card","Card","Relic","Relic","Card","Card","Card","Relic","Card","Relic","Card","Card"],"build_version":"2020-12-22","purchased_purges":1,"victory":true,"max_hp_per_floor":[68,68,68,68,68,68,68,68,68,68,68,68,68,68,68,68,68,68,68,68,68,68,68,68,68,68,68,68,68,68,75,75,75,75,75,75,75,75,75,75,75,75,75,75,75,75,75,75,75,75],"card_choices":[{"not_picked":["TheCursedMod:Stretching","TheCursedMod:SurpriseAttack"],"picked":"TheCursedMod:TroublousMinions","floor":1},{"not_picked":["TheCursedMod:RapidMovement","TheCursedMod:CircleOfAmplification"],"picked":"TheCursedMod:FleshFromBone","floor":3},{"not_picked":["TheCursedMod:Wield","TheCursedMod:SaltUponWound"],"picked":"TheCursedMod:CursedAmulet","floor":5},{"not_picked":["TheCursedMod:CursedAmulet","TheCursedMod:DoubleShield"],"picked":"TheCursedMod:CircleOfBlood","floor":6},{"not_picked":["TheCursedMod:TroublousMinions","TheCursedMod:CircleOfAmplification"],"picked":"TheCursedMod:CircleOfCorruption","floor":7},{"not_picked":["TheCursedMod:VitalStrike","TheCursedMod:ForbiddenAlchemy"],"picked":"TheCursedMod:TacticalStrike","floor":11},{"not_picked":["TheCursedMod:Torture","TheCursedMod:VitalStrike"],"picked":"TheCursedMod:FuryStrike","floor":12},{"not_picked":["TheCursedMod:FleshFromBone","TheCursedMod:CircleOfFocus"],"picked":"TheCursedMod:WearCloak","floor":13},{"not_picked":["TheCursedMod:AntiAging","TheCursedMod:StunningStrike"],"picked":"TheCursedMod:CollectTribute","floor":16},{"not_picked":[],"picked":"TheCursedMod:CursedBlade","floor":18},{"not_picked":[],"picked":"TheCursedMod:TacticalStrike","floor":20},{"not_picked":[],"picked":"TheCursedMod:SurpriseAttack+1","floor":23},{"not_picked":["TheCursedMod:CircleOfFocus"],"picked":"SKIP","floor":24},{"not_picked":[],"picked":"TheCursedMod:CursedShiv+1","floor":25},{"not_picked":["TheCursedMod:CursedAmulet"],"picked":"TheCursedMod:WearCloak","floor":27},{"not_picked":["TheCursedMod:CursedStaff"],"picked":"TheCursedMod:Torture+1","floor":30},{"not_picked":["TheCursedMod:DemonSword"],"picked":"TheCursedMod:CursedRelics","floor":33},{"not_picked":["TheCursedMod:PrepareRite+1"],"picked":"TheCursedMod:Obscuration+1","floor":35},{"not_picked":["TheCursedMod:CircleOfFocus+1"],"picked":"TheCursedMod:WearCloak+1","floor":37},{"not_picked":["TheCursedMod:CircleOfFocus+1"],"picked":"TheCursedMod:Stigma","floor":39},{"not_picked":["TheCursedMod:BloodBarrier+1"],"picked":"TheCursedMod:ReleasedStrength+1","floor":41},{"not_picked":["TheCursedMod:CircleOfFlame","TheCursedMod:ParallelWorld"],"picked":"SKIP","floor":42},{"not_picked":["TheCursedMod:SpitefulStrike"],"picked":"TheCursedMod:TacticalStrike+1","floor":44},{"not_picked":["TheCursedMod:Stigma"],"picked":"TheCursedMod:WearCloak+1","floor":48}],"player_experience":129067,"relics_obtained":[{"floor":6,"key":"Art of War"},{"floor":9,"key":"Bronze Scales"},{"floor":11,"key":"Blood Vial"},{"floor":23,"key":"Pen Nib"},{"floor":25,"key":"Question Card"},{"floor":26,"key":"Mummified Hand"},{"floor":30,"key":"Vajra"},{"floor":43,"key":"Boot"},{"floor":44,"key":"War Paint"},{"floor":48,"key":"Ancient Tea Set"}],"event_choices":[{"cards_removed":["TheCursedMod:Defend_TheCursed"],"damage_healed":0,"gold_gain":0,"player_choice":"Card Removal","damage_taken":7,"max_hp_gain":0,"max_hp_loss":0,"event_name":"Golden Wing","floor":2,"gold_loss":0},{"damage_healed":0,"gold_gain":0,"player_choice":"Entered Light","damage_taken":14,"max_hp_gain":0,"max_hp_loss":0,"event_name":"Shining Light","floor":4,"gold_loss":0,"cards_upgraded":["TheCursedMod:TroublousMinions","TheCursedMod:CursedWand"]},{"damage_healed":0,"gold_gain":0,"player_choice":"Success","damage_taken":7,"relics_obtained":["TheCursedMod:CrystalBall"],"max_hp_gain":0,"max_hp_loss":0,"event_name":"Scrap Ooze","floor":14,"gold_loss":0},{"damage_healed":0,"gold_gain":0,"player_choice":"Inject Mutagens","damage_taken":0,"relics_obtained":["MutagenicStrength"],"max_hp_gain":0,"max_hp_loss":0,"event_name":"Drug Dealer","floor":21,"gold_loss":0},{"damage_healed":0,"gold_gain":0,"player_choice":"Simplicity","damage_taken":0,"max_hp_gain":0,"max_hp_loss":0,"event_name":"Back to Basics","floor":22,"gold_loss":0,"cards_upgraded":["TheCursedMod:Strike_TheCursed","TheCursedMod:Strike_TheCursed","TheCursedMod:Strike_TheCursed","TheCursedMod:Strike_TheCursed","TheCursedMod:Defend_TheCursed","TheCursedMod:Defend_TheCursed","TheCursedMod:Defend_TheCursed"]},{"damage_healed":0,"gold_gain":0,"player_choice":"1 cards matched","damage_taken":0,"max_hp_gain":0,"max_hp_loss":0,"event_name":"Match and Keep!","floor":38,"gold_loss":0,"cards_obtained":["TheCursedMod:CursedWand"]},{"damage_healed":0,"gold_gain":0,"player_choice":"Copied","damage_taken":0,"max_hp_gain":0,"max_hp_loss":0,"event_name":"Duplicator","floor":46,"gold_loss":0,"cards_obtained":["TheCursedMod:LuckyCharm"]}],"is_beta":false,"boss_relics":[{"not_picked":["Empty Cage","Fusion Hammer"],"picked":"Busted Crown"},{"not_picked":["Astrolabe","Snecko Eye"],"picked":"Cursed Key"}],"items_purged_floors":[36],"is_endless":false,"potions_floor_spawned":[1,3,7,12,23,24,30,35,39],"ascension_level":0}}