{"host":"g8ufh7m4frdlkxwv","time":1611260691,"event":{"mods":["AchievementEnabler","BaseMod","Colored Map","Dark Map","Minty Spire (QoL Compilation)","Relic Stats","StSLib","ojb\u0027s Info Mod"],"gold_per_floor":[112,130,130,142,161,187,187,219,219,231,248,398,698,286,286,364,364,382,115,125,18,37,64,89,119,168,4,33,51,51,71,71,142,142,153,201,216,216,229,255,255,287,360,134,134,168,128,13,13,13,13,13,13,13,44,44],"floor_reached":57,"language":"ENG","playtime":4380,"items_purged":["Doubt","Decay","Strike_G"],"score":2891,"play_id":"8a0ff3dc-fd61-473b-9b82-8ff95c5a502a","local_time":"20210121212451","is_ascension_mode":true,"campfire_choices":[{"data":"Poisoned Stab","floor":7.0,"key":"SMITH"},{"data":"Poisoned Stab","floor":15.0,"key":"SMITH"},{"data":"Wraith Form v2","floor":30.0,"key":"SMITH"},{"data":"Concentrate","floor":32.0,"key":"SMITH"},{"data":"Night Terror","floor":41.0,"key":"SMITH"},{"floor":49.0,"key":"RECALL"},{"data":"Catalyst","floor":53,"key":"SMITH"}],"circlet_count":0,"master_deck":["AscendersBane","Strike_G","Strike_G","Strike_G","Strike_G+1","Defend_G","Defend_G","Defend_G","Defend_G","Defend_G","Survivor","Neutralize","Poisoned Stab+1","Poisoned Stab+1","Backstab","Sucker Punch+1","Masterful Stab","Footwork","Venomology","Tools of the Trade","Underhanded Strike+1","Acrobatics+1","Slice","Crippling Poison","Crippling Poison","Deflect+1","Cloak And Dagger+1","Backflip","Concentrate+1","Wraith Form v2+1","Prepared+1","Blade Dance+1","Night Terror+1","Choke+1","Deflect","Bouncing Flask+1","Madness","Madness","Backflip+1","Deflect","Slice+1","Corpse Explosion","Concentrate","Well Laid Plans","Forethought","Dark Shackles","Madness","Footwork+1","PiercingWail+1","Catalyst+1","Setup+1","Dodge and Roll"],"relics":["Ring of the Snake","Prayer Wheel","Unceasing Top","Dream Catcher","Pantograph","Old Coin","Membership Card","Orichalcum","Oddly Smooth Stone","Runic Dome","Gremlin Horn","Omamori","Toy Ornithopter","Anchor","Bag of Marbles","Bottled Flame","Paper Crane","Centennial Puzzle","SlaversCollar","Bird Faced Urn","Bottled Lightning","TungstenRod","Eternal Feather","Strange Spoon","The Specimen","Orrery","Akabeko"],"acts_visited":["Exordium","TheCity","TheBeyond","TheEnding"],"potions_floor_usage":[51,51,55,56],"damage_taken":[{"damage":2.0,"enemies":"Small Slimes","floor":1.0,"turns":3.0},{"damage":0.0,"enemies":"Cultist","floor":2.0,"turns":3.0},{"damage":0.0,"enemies":"2 Louse","floor":4.0,"turns":2.0},{"damage":0.0,"enemies":"2 Fungi Beasts","floor":5.0,"turns":3.0},{"damage":11.0,"enemies":"Gremlin Nob","floor":6.0,"turns":4.0},{"damage":12.0,"enemies":"Lagavulin","floor":8.0,"turns":7.0},{"damage":6.0,"enemies":"Red Slaver","floor":10.0,"turns":3.0},{"damage":0.0,"enemies":"Gremlin Gang","floor":11.0,"turns":4.0},{"damage":8.0,"enemies":"The Guardian","floor":16.0,"turns":12.0},{"damage":2.0,"enemies":"Chosen","floor":18.0,"turns":5.0},{"damage":5.0,"enemies":"2 Thieves","floor":20.0,"turns":3.0},{"damage":8.0,"enemies":"3 Cultists","floor":22.0,"turns":6.0},{"damage":39.0,"enemies":"Book of Stabbing","floor":23.0,"turns":5.0},{"damage":20.0,"enemies":"Gremlin Leader","floor":25.0,"turns":9.0},{"damage":3.0,"enemies":"Slavers","floor":28.0,"turns":6.0},{"damage":0.0,"enemies":"Snake Plant","floor":29.0,"turns":4.0},{"damage":0.0,"enemies":"Centurion and Healer","floor":31.0,"turns":4.0},{"damage":31.0,"enemies":"Automaton","floor":33.0,"turns":13.0},{"damage":0.0,"enemies":"Orb Walker","floor":35.0,"turns":2.0},{"damage":2.0,"enemies":"2 Orb Walkers","floor":36.0,"turns":5.0},{"damage":0.0,"enemies":"3 Darklings","floor":37.0,"turns":4.0},{"damage":4.0,"enemies":"Jaw Worm Horde","floor":39.0,"turns":4.0},{"damage":7.0,"enemies":"Nemesis","floor":40.0,"turns":9.0},{"damage":23.0,"enemies":"Giant Head","floor":42.0,"turns":10.0},{"damage":25.0,"enemies":"Reptomancer","floor":46.0,"turns":7.0},{"damage":17.0,"enemies":"Donu and Deca","floor":50.0,"turns":8.0},{"damage":26,"enemies":"Time Eater","floor":51,"turns":7},{"damage":48,"enemies":"Shield and Spear","floor":55,"turns":6},{"damage":40,"enemies":"The Heart","floor":56,"turns":5}],"seed_played":"5294575970008496716","potions_obtained":[{"floor":1.0,"key":"SpeedPotion"},{"floor":2.0,"key":"ColorlessPotion"},{"floor":4.0,"key":"AttackPotion"},{"floor":10.0,"key":"SteroidPotion"},{"floor":18.0,"key":"FairyPotion"},{"floor":29.0,"key":"Energy Potion"},{"floor":31.0,"key":"Regen Potion"},{"floor":39.0,"key":"Weak Potion"},{"floor":40.0,"key":"Fruit Juice"},{"floor":55,"key":"ColorlessPotion"}],"is_trial":false,"path_per_floor":["M","M","?","M","M","E","R","E","T","M","M","?","?","$","R","B",null,"M","$","M","$","M","E","T","E","T","$","E","M","R","M","R","B",null,"M","?","M","?","M","E","R","E","T","$","?","E","?","$","R","B","B",null,"R","$","E","B",null],"character_chosen":"THE_SILENT","items_purchased":["Membership Card","Orichalcum","Oddly Smooth Stone","EssenceOfSteel","Gremlin Horn","Omamori","Toy Ornithopter","Crippling Poison","Paper Crane","Concentrate","Strange Spoon","Concentrate","Well Laid Plans","Orrery","Dodge and Roll"],"campfire_rested":0,"item_purchase_floors":[14,14,14,14,19,19,21,21,27,27,44,44,44,48,48],"current_hp_per_floor":[57,57,37,37,37,26,26,14,14,8,8,8,8,8,8,25,56,54,54,49,49,46,17,17,19,19,19,16,21,21,26,26,45,61,61,64,66,54,54,62,62,51,51,51,42,35,35,35,65,71,61,69,71,71,38,32],"gold":44,"neow_bonus":"ONE_RARE_RELIC","is_daily":false,"chose_seed":false,"campfire_upgraded":6,"win_rate":0.0,"timestamp":1611260691,"path_taken":["M","M","?","M","M","E","R","E","T","?","M","?","?","$","R","BOSS","M","?","?","?","M","E","?","E","T","$","E","M","R","?","R","BOSS","M","?","M","?","M","E","R","E","T","$","?","E","?","$","R","BOSS","BOSS","R","$","E","BOSS"],"items_purchased_type":["Relic","Relic","Relic","Potion","Relic","Relic","Relic","Card","Relic","Card","Relic","Card","Card","Relic","Card"],"build_version":"2020-12-22","purchased_purges":3,"victory":true,"max_hp_per_floor":[66,66,66,66,66,66,66,66,66,66,66,66,66,66,66,66,66,66,66,66,66,66,66,66,66,66,66,66,66,66,66,66,66,66,66,66,66,66,66,66,66,71,71,71,71,71,71,71,71,71,71,71,71,71,71,71],"relic_stats":{"Gremlin Horn":[24,24],"counters":[29,163],"Eternal Feather":32,"Orichalcum":[120],"Strange Spoon":[46],"Dream Catcher":0,"Centennial Puzzle":[30],"Pantograph":81,"Bird Faced Urn":[63],"Prayer Wheel":15,"obtain_stats":[{"Gremlin Horn":19,"Old Coin":13,"Dream Catcher":8,"Centennial Puzzle":28,"Pantograph":9,"Prayer Wheel":0,"Ring of the Snake":0,"The Specimen":46,"Oddly Smooth Stone":14,"Eternal Feather":43,"Omamori":19,"Orichalcum":14,"Paper Crane":27,"Akabeko":55,"Runic Dome":17,"SlaversCollar":34,"Strange Spoon":44,"Anchor":23,"Bottled Flame":25,"Bird Faced Urn":36,"Orrery":48,"Bag of Marbles":24,"Membership Card":14,"Bottled Lightning":40,"Unceasing Top":6,"Toy Ornithopter":21,"TungstenRod":42},{"Gremlin Horn":10,"Old Coin":8,"Dream Catcher":6,"Centennial Puzzle":15,"Pantograph":6,"Prayer Wheel":0,"Ring of the Snake":0,"The Specimen":25,"Oddly Smooth Stone":8,"Eternal Feather":24,"Omamori":10,"Orichalcum":8,"Paper Crane":14,"Akabeko":28,"Runic Dome":9,"SlaversCollar":18,"Strange Spoon":24,"Anchor":13,"Bottled Flame":14,"Bird Faced Urn":20,"Orrery":25,"Bag of Marbles":13,"Membership Card":8,"Bottled Lightning":23,"Unceasing Top":5,"Toy Ornithopter":11,"TungstenRod":24},{"Gremlin Horn":46,"Old Coin":29,"Dream Catcher":22,"Centennial Puzzle":75,"Pantograph":22,"Prayer Wheel":0,"Ring of the Snake":0,"The Specimen":137,"Oddly Smooth Stone":29,"Eternal Feather":130,"Omamori":46,"Orichalcum":29,"Paper Crane":69,"Akabeko":158,"Runic Dome":41,"SlaversCollar":96,"Strange Spoon":130,"Anchor":60,"Bottled Flame":69,"Bird Faced Urn":103,"Orrery":137,"Bag of Marbles":60,"Membership Card":29,"Bottled Lightning":120,"Unceasing Top":15,"Toy Ornithopter":49,"TungstenRod":130}],"Unceasing Top":[143],"Toy Ornithopter":80,"TungstenRod":49,"Ring of the Snake":[58]},"card_choices":[{"not_picked":["Blur","Prepared"],"picked":"Poisoned Stab","floor":1.0},{"not_picked":["Backflip","Footwork"],"picked":"Poisoned Stab","floor":1.0},{"not_picked":["Reflex","Dagger Spray"],"picked":"Backstab","floor":2.0},{"not_picked":["Backflip","Caltrops"],"picked":"Sucker Punch","floor":2.0},{"not_picked":["Heel Hook","Expertise","PiercingWail"],"picked":"SKIP","floor":4.0},{"not_picked":["Outmaneuver","Eviscerate","Bullet Time"],"picked":"SKIP","floor":4.0},{"not_picked":["Slice","Acrobatics"],"picked":"Masterful Stab","floor":5.0},{"not_picked":["PiercingWail","Poisoned Stab","Choke"],"picked":"SKIP","floor":5.0},{"not_picked":["Prepared","Quick Slash","Tactician"],"picked":"SKIP","floor":6.0},{"not_picked":["Blur","Deadly Poison","Acrobatics"],"picked":"SKIP","floor":8.0},{"not_picked":["Prepared","Outmaneuver"],"picked":"Footwork","floor":10.0},{"not_picked":["Concentrate","Expertise","Predator"],"picked":"SKIP","floor":10.0},{"not_picked":["Deflect","Eviscerate"],"picked":"Venomology","floor":11.0},{"not_picked":["All Out Attack","Poisoned Stab","Reflex"],"picked":"SKIP","floor":11.0},{"not_picked":["Malaise","After Image"],"picked":"Tools of the Trade","floor":16.0},{"not_picked":["Caltrops","Backflip"],"picked":"Underhanded Strike+1","floor":18.0},{"not_picked":["Sucker Punch","Skewer"],"picked":"Acrobatics+1","floor":18.0},{"not_picked":["Tactician","Dagger Spray"],"picked":"Slice","floor":20.0},{"not_picked":["Underhanded Strike","Prepared"],"picked":"Crippling Poison","floor":20.0},{"not_picked":["Dodge and Roll","Sucker Punch"],"picked":"Deflect+1","floor":22.0},{"not_picked":["Dodge and Roll","Underhanded Strike","Eviscerate"],"picked":"SKIP","floor":22.0},{"not_picked":["Tactician","Bouncing Flask"],"picked":"Cloak And Dagger+1","floor":23.0},{"not_picked":["Flying Knee","Catalyst"],"picked":"Backflip","floor":25.0},{"not_picked":["Bane","Catalyst"],"picked":"Wraith Form v2","floor":28.0},{"not_picked":["Well Laid Plans","Masterful Stab"],"picked":"Prepared+1","floor":29.0},{"not_picked":["Blade Dance","Poisoned Stab+1","Outmaneuver"],"picked":"SKIP","floor":29.0},{"not_picked":["Accuracy","Flying Knee"],"picked":"Blade Dance+1","floor":31.0},{"not_picked":["Poisoned Stab","Dagger Throw","Grand Finale"],"picked":"SKIP","floor":31.0},{"not_picked":["Burst","Doppelganger"],"picked":"Night Terror","floor":33.0},{"not_picked":["Leg Sweep","Expertise"],"picked":"Choke+1","floor":35.0},{"not_picked":["Dash","Flying Knee","PiercingWail"],"picked":"SKIP","floor":35.0},{"not_picked":["Slice","Dagger Throw"],"picked":"Deflect","floor":36.0},{"not_picked":["Dodge and Roll","Deflect"],"picked":"Bouncing Flask+1","floor":37.0},{"not_picked":["Blade Dance","Predator+1","Riddle With Holes+1"],"picked":"SKIP","floor":37.0},{"not_picked":["Skewer","Heel Hook+1"],"picked":"Backflip+1","floor":39.0},{"not_picked":["Flying Knee","All Out Attack"],"picked":"Deflect","floor":39.0},{"not_picked":["Choke","Predator"],"picked":"Slice+1","floor":40.0},{"not_picked":["Backflip","Leg Sweep"],"picked":"Corpse Explosion","floor":42.0},{"not_picked":["Discovery","PanicButton"],"picked":"Forethought","floor":45.0},{"not_picked":["Trip","Forethought"],"picked":"Dark Shackles","floor":45.0},{"not_picked":["Good Instincts","Swift Strike"],"picked":"Madness","floor":45.0},{"not_picked":["Storm of Steel","Acrobatics"],"picked":"Footwork+1","floor":46.0},{"not_picked":["Poisoned Stab","Flying Knee"],"picked":"PiercingWail+1","floor":48.0},{"not_picked":["Expertise","Deflect+1"],"picked":"Catalyst","floor":48.0},{"not_picked":["Heel Hook","Dash"],"picked":"Setup+1","floor":48.0},{"not_picked":["Predator","Prepared","Bane"],"picked":"SKIP","floor":55}],"player_experience":1058194,"relics_obtained":[{"floor":6.0,"key":"Unceasing Top"},{"floor":8.0,"key":"Dream Catcher"},{"floor":9.0,"key":"Pantograph"},{"floor":13.0,"key":"Old Coin"},{"floor":23.0,"key":"Anchor"},{"floor":24.0,"key":"Bag of Marbles"},{"floor":25.0,"key":"Bottled Flame"},{"floor":28.0,"key":"Centennial Puzzle"},{"floor":36.0,"key":"Bird Faced Urn"},{"floor":40.0,"key":"Bottled Lightning"},{"floor":42.0,"key":"TungstenRod"},{"floor":43.0,"key":"Eternal Feather"},{"floor":46.0,"key":"The Specimen"},{"floor":55,"key":"Akabeko"}],"event_choices":[{"damage_healed":0.0,"max_hp_gain":0.0,"max_hp_loss":0.0,"gold_gain":0.0,"event_name":"Shining Light","player_choice":"Entered Light","floor":3.0,"gold_loss":0.0,"damage_taken":20.0,"cards_upgraded":["Sucker Punch","Strike_G"]},{"damage_healed":0.0,"max_hp_gain":0.0,"max_hp_loss":0.0,"gold_gain":150.0,"event_name":"Liars Game","player_choice":"AGREE","floor":12.0,"gold_loss":0.0,"damage_taken":0.0,"cards_obtained":["Doubt"]},{"damage_healed":0.0,"max_hp_gain":0.0,"max_hp_loss":0.0,"gold_gain":0.0,"event_name":"Wheel of Change","player_choice":"Relic","floor":13.0,"gold_loss":0.0,"damage_taken":0.0},{"damage_healed":0.0,"max_hp_gain":0.0,"max_hp_loss":0.0,"gold_gain":0.0,"event_name":"Mysterious Sphere","player_choice":"Fight","floor":36.0,"gold_loss":0.0,"damage_taken":0.0},{"damage_healed":0.0,"max_hp_gain":0.0,"max_hp_loss":0.0,"gold_gain":0.0,"event_name":"Winding Halls","player_choice":"Embrace Madness","floor":38.0,"gold_loss":0.0,"damage_taken":12.0,"cards_obtained":["Madness","Madness"]},{"damage_healed":0.0,"max_hp_gain":0.0,"max_hp_loss":0.0,"gold_gain":0.0,"event_name":"SensoryStone","player_choice":"Memory 3","floor":45.0,"gold_loss":0.0,"damage_taken":10.0},{"damage_healed":0.0,"max_hp_gain":0.0,"max_hp_loss":0.0,"gold_gain":0.0,"event_name":"The Woman in Blue","player_choice":"Bought 3 Potions","floor":47.0,"gold_loss":0.0,"damage_taken":0.0}],"is_beta":false,"boss_relics":[{"not_picked":["Ectoplasm","Snecko Eye"],"picked":"Runic Dome"},{"not_picked":["Sozu","Empty Cage"],"picked":"SlaversCollar"}],"items_purged_floors":[14,19,44],"is_endless":false,"potions_floor_spawned":[1,2,4,10,18,20,22,29,31,35,39,40,55],"ascension_level":20}}