{"host":"8aoim7owc9xd4zca","time":1611252340,"event":{"mods":["AchievementEnabler","BaseMod","Better Altar","Better Match","Better Note","Better Sensory Stone","Better Skull","Better Third Choice","Colored Powertips","Highlight Path","Minty Spire (QoL Compilation)","Permanent Neow","Quick Restart","RNG Fix","Rare Cards Sparkle","Replay The Spire","StSLib","SuperFastMode","The Jungle","The Runesmith"],"gold_per_floor":[110,110,123,176,192,218,244,258,258,291,306,7,23,43,43,141,141,152,152,5,20,30,30,46,73,96,25,25,25,52,2,2,107,107,125,77,97,47,64,64,64],"floor_reached":40,"language":"ENG","playtime":2979,"items_purged":["Normality"],"score":561,"play_id":"6f748ed7-3942-477b-a0d1-aa34ceff3436","local_time":"20210121100540","is_ascension_mode":true,"campfire_choices":[{"data":"Armaments","floor":15.0,"key":"SMITH"},{"floor":23.0,"key":"RECALL"},{"data":"Armaments","floor":32.0,"key":"SMITH"}],"circlet_count":0,"master_deck":["Strike_R","Strike_R","Strike_R","Strike_R","Strike_R","Defend_R","Defend_R","Defend_R","Defend_R","Double Tap","Metallicize","Immolate","Rage","Armaments+1","Pot Of Greed","Pot Of Greed","Twin Strike","Seeing Red","Flex","Inflame","Fire Breathing","Flex","ReplayTheSpireMod:Muscle Training","Exhume","Armaments+1","Pot Of Greed","Havoc+1","Bloodletting+1","Spot Weakness+1","Infernal Blade","Seeing Red+1","Body Slam+1","Pummel+1","Battle Trance","Warcry","Reaper","Demon Form","Massacre+1","Pot Of Greed","Feel No Pain","Inflame","Inflame","Demon Form","Havoc+1","Inflame+1","Metallicize+1","Jack Of All Trades","Jack Of All Trades","ReplayTheSpireMod:Muscle Training"],"relics":["Burning Blood","Grinning Jar","Blue Doll","Ginger","Omamori","Dream Catcher","Honey Jar","Orrery","Lantern","Nunchaku","Pantograph","Runic Cube"],"acts_visited":["Exordium","Exordium","TheBeyond"],"potions_floor_usage":[40],"damage_taken":[{"damage":5.0,"enemies":"2 Louse","floor":1.0,"turns":3.0},{"damage":10.0,"enemies":"Small Slimes","floor":3.0,"turns":3.0},{"damage":0.0,"enemies":"Cultist","floor":5.0,"turns":3.0},{"damage":3.0,"enemies":"3 Sentries","floor":6.0,"turns":5.0},{"damage":0.0,"enemies":"3 Louse","floor":8.0,"turns":1.0},{"damage":17.0,"enemies":"Gremlin Nob","floor":10.0,"turns":4.0},{"damage":12.0,"enemies":"Gremlin Gang","floor":11.0,"turns":3.0},{"damage":4.0,"enemies":"Looter","floor":13.0,"turns":3.0},{"damage":0.0,"enemies":"3 Louse","floor":14.0,"turns":1.0},{"damage":31.0,"enemies":"Slime Boss","floor":16.0,"turns":9.0},{"damage":0.0,"enemies":"Shell Parasite","floor":18.0,"turns":2.0},{"damage":12.0,"enemies":"theJungle:5_Spyders","floor":21.0,"turns":4.0},{"damage":10.0,"enemies":"Snake Plant","floor":22.0,"turns":4.0},{"damage":21.0,"enemies":"theJungle:JungleHuntersEncounter","floor":24.0,"turns":4.0},{"damage":15.0,"enemies":"theJungle:MamaSnecko","floor":25.0,"turns":4.0},{"damage":32.0,"enemies":"JungleHuntersEvent","floor":29.0,"turns":5.0},{"damage":44.0,"enemies":"theJungle:Cassacara","floor":30.0,"turns":6.0},{"damage":17.0,"enemies":"theJungle:QueenSpyder","floor":33.0,"turns":8.0},{"damage":32,"enemies":"3 Darklings","floor":35,"turns":4},{"damage":17,"enemies":"3 Shapes","floor":37,"turns":3},{"damage":23,"enemies":"Sphere and 2 Shapes","floor":39,"turns":4},{"damage":64,"enemies":"Reptomancer","floor":40,"turns":2}],"seed_played":"-3088992939699856078","potions_obtained":[{"floor":6.0,"key":"Milkshake"},{"floor":8.0,"key":"Elixir"},{"floor":10.0,"key":"ColorlessPotion"},{"floor":14.0,"key":"ColorlessPotion"},{"floor":16.0,"key":"Flashbang"},{"floor":18.0,"key":"Dexterity Potion"},{"floor":24.0,"key":"Adrenaline Potion"},{"floor":25.0,"key":"BloodPotion"},{"floor":35,"key":"FearPotion"},{"floor":39,"key":"EssenceOfSteel"}],"is_trial":false,"path_per_floor":["M","?","M","?","M","E","T","M","T","E","M","$","M","M","R","B",null,"M","?","$","M","M","R","M","E","T","$","?","?","E","$","R","B",null,"M","$","M","$","M","E"],"character_chosen":"IRONCLAD","items_purchased":["Dream Catcher","Fire Breathing","Orrery","Reaper","Inflame","Inflame+1","Jack Of All Trades"],"campfire_rested":0,"item_purchase_floors":[12,12,20,27,31,36,38],"current_hp_per_floor":[80,80,76,76,80,80,80,80,80,69,63,63,65,71,71,46,80,80,80,80,74,70,70,55,46,46,46,30,32,21,21,21,44,80,66,66,65,65,62,0,0],"gold":64,"neow_bonus":"THREE_RARE_CARDS","is_daily":false,"chose_seed":false,"campfire_upgraded":2,"win_rate":0.0,"timestamp":1611252340,"path_taken":["M","?","M","?","?","E","?","?","T","E","M","$","M","M","R","BOSS","M","?","$","?","M","R","M","E","T","$","?","?","E","?","R","BOSS","M","$","?","?","?","E"],"items_purchased_type":["Relic","Card","Relic","Card","Card","Card","Card"],"build_version":"2020-12-22","purchased_purges":1,"victory":false,"max_hp_per_floor":[80,80,80,80,80,80,80,80,80,80,80,80,80,80,80,80,80,80,80,80,80,80,80,80,80,80,80,80,80,80,80,80,80,80,80,80,80,80,80,80,80],"card_choices":[{"not_picked":["Hemogenesis","Replay:Many Hands"],"picked":"Double Tap","floor":0.0},{"not_picked":["Wild Strike","Reckless Charge"],"picked":"Metallicize","floor":1.0},{"not_picked":["Anger","Clash"],"picked":"Rage","floor":3.0},{"not_picked":["Dropkick","Sever Soul"],"picked":"Armaments","floor":5.0},{"not_picked":["Blood for Blood","Hemogenesis"],"picked":"Twin Strike","floor":6.0},{"not_picked":["Heavy Blade","Metallicize"],"picked":"Seeing Red","floor":8.0},{"not_picked":["Disarm","ReplayTheSpireMod:LeadingStrike"],"picked":"Flex","floor":10.0},{"not_picked":["Evolve","Armaments"],"picked":"Inflame","floor":11.0},{"not_picked":["Bludgeon","Sword Boomerang"],"picked":"Flex","floor":13.0},{"not_picked":["Disarm","Whirlwind"],"picked":"ReplayTheSpireMod:Muscle Training","floor":14.0},{"not_picked":["Demonic Infusion","Immolate"],"picked":"Exhume","floor":16.0},{"not_picked":["Perfected Strike","Body Slam","Clothesline"],"picked":"Armaments","floor":18.0},{"not_picked":["Clothesline","ReplayTheSpireMod:Corrosion Curse+1","True Grit+1"],"picked":"Havoc+1","floor":20.0},{"not_picked":["Sever Soul","Evolve","Headbutt"],"picked":"Bloodletting+1","floor":20.0},{"not_picked":["Feel No Pain","Carnage","Flex"],"picked":"Spot Weakness+1","floor":20.0},{"not_picked":["Pommel Strike","Power Through","Iron Wave"],"picked":"Infernal Blade","floor":20.0},{"not_picked":["Abandon+1","Pommel Strike","Replay:Undeath\u0027s Touch"],"picked":"Seeing Red+1","floor":20.0},{"not_picked":["True Grit","Impervious","Warcry"],"picked":"Body Slam+1","floor":21.0},{"not_picked":["Headbutt","Abandon","Replay:Undeath\u0027s Touch+1"],"picked":"Pummel+1","floor":22.0},{"not_picked":["Clothesline","Disarm+1","Body Slam"],"picked":"Battle Trance","floor":24.0},{"not_picked":["Perfected Strike","ReplayTheSpireMod:Strike From Hell+1","Intimidate"],"picked":"Warcry","floor":25.0},{"not_picked":["True Grit+1","Power Through","Corruption"],"picked":"Massacre+1","floor":29.0},{"not_picked":["ReplayTheSpireMod:Limb From Limb","Shrug It Off","Carnage"],"picked":"Feel No Pain","floor":30.0},{"not_picked":["Brutality","Impervious","Barricade"],"picked":"Demon Form","floor":33.0},{"not_picked":["Cleave+1","Entrench","Body Slam+1"],"picked":"Havoc+1","floor":35},{"not_picked":["Massacre+1","Perfected Strike+1","Shrug It Off"],"picked":"Metallicize+1","floor":37},{"not_picked":["Wild Strike+1","Flex","Feel No Pain+1"],"picked":"ReplayTheSpireMod:Muscle Training","floor":39}],"player_experience":283980,"relics_obtained":[{"floor":6.0,"key":"Grinning Jar"},{"floor":7.0,"key":"Blue Doll"},{"floor":9.0,"key":"Ginger"},{"floor":10.0,"key":"Omamori"},{"floor":25.0,"key":"Lantern"},{"floor":29.0,"key":"Nunchaku"},{"floor":30.0,"key":"Pantograph"}],"event_choices":[{"damage_healed":0.0,"max_hp_gain":0.0,"max_hp_loss":0.0,"gold_gain":0.0,"cards_transformed":["Bash"],"event_name":"Transmorgrifier","player_choice":"Transformed","floor":2.0,"gold_loss":0.0,"damage_taken":0.0,"cards_obtained":["Immolate"]},{"damage_healed":0.0,"max_hp_gain":0.0,"max_hp_loss":0.0,"gold_gain":53.0,"event_name":"Golden Wing","player_choice":"Gained Gold","floor":4.0,"gold_loss":0.0,"damage_taken":0.0},{"cards_removed":["Pot Of Greed"],"damage_healed":0.0,"max_hp_gain":0.0,"max_hp_loss":0.0,"gold_gain":0.0,"event_name":"betterNote:BetterNote","player_choice":"Give","floor":19.0,"gold_loss":0.0,"damage_taken":0.0,"cards_obtained":["Defend_P"]},{"damage_healed":0.0,"max_hp_gain":0.0,"max_hp_loss":16.0,"gold_gain":2.0,"event_name":"betterStone:BetterStone","player_choice":"2","floor":28.0,"gold_loss":0.0,"damage_taken":0.0}],"is_beta":false,"boss_relics":[{"not_picked":["Snecko Eye","SacredBark"],"picked":"Honey Jar"},{"not_picked":["Kintsugi","Runic Dome"],"picked":"Runic Cube"}],"items_purged_floors":[12],"is_endless":false,"potions_floor_spawned":[6,8,10,14,16,18,24,25,35,39],"killed_by":"Reptomancer","ascension_level":1}}