{"host":"yfdtuf6ojcxn06xg","time":1611194246,"event":{"mods":["2.2 Compatiblity","AchievementEnabler","BaseMod","Colored Map","Colored Powertips","Curses Come First","Hermit","JesterMod","Jorbs\u0027s Wanderer Trilogy","Minty Spire (QoL Compilation)","Quick Restart","Rare Cards Sparkle","Relic Stats","Replay The Spire","StSLib","The Cursed","The Disciple","The Hierophant","The Jungle","The Marked","The Necromancer","The Servant 0.9.4"],"gold_per_floor":[116,129,129,140,140,174,174],"floor_reached":6,"language":"ENG","playtime":149,"items_purged":[],"score":48,"play_id":"75835141-0ee4-4310-a813-316a54efb618","local_time":"20210120205726","is_ascension_mode":true,"campfire_choices":[],"circlet_count":0,"master_deck":["hermit:Strike_Hermit","hermit:Strike_Hermit","hermit:Strike_Hermit","hermit:Strike_Hermit","hermit:Defend_Hermit","hermit:Defend_Hermit","hermit:Defend_Hermit","hermit:Defend_Hermit","hermit:Snapshot","hermit:Covet","hermit:Midnight","hermit:Manifest","hermit:Enervate"],"relics":["hermit:Momento","NeowsBlessing","CultistMask","Ancient Tea Set"],"acts_visited":["Exordium"],"potions_floor_usage":[],"damage_taken":[{"damage":0,"enemies":"Small Slimes","floor":1,"turns":1},{"damage":0,"enemies":"Cultist","floor":2,"turns":1},{"damage":0,"enemies":"Jaw Worm","floor":4,"turns":1},{"damage":23,"enemies":"Gremlin Nob","floor":6,"turns":6}],"seed_played":"7045125722109283360","potions_obtained":[{"floor":2,"key":"Energy Potion"}],"is_trial":false,"path_per_floor":["M","M","?","M","?","E"],"character_chosen":"HERMIT","items_purchased":[],"campfire_rested":0,"item_purchase_floors":[],"current_hp_per_floor":[75,75,75,75,75,52,52],"gold":174,"neow_bonus":"THREE_ENEMY_KILL","is_daily":false,"chose_seed":false,"campfire_upgraded":0,"win_rate":0.0,"timestamp":1611194246,"path_taken":["M","M","?","?","?","E"],"items_purchased_type":[],"build_version":"2020-12-22","purchased_purges":0,"victory":false,"max_hp_per_floor":[75,75,75,75,75,75,75],"relic_stats":{"counters":[4,9],"obtain_stats":[{"NeowsBlessing":0,"CultistMask":5,"Ancient Tea Set":6,"hermit:Momento":0},{"NeowsBlessing":0,"CultistMask":3,"Ancient Tea Set":4,"hermit:Momento":0},{"NeowsBlessing":0,"CultistMask":3,"Ancient Tea Set":9,"hermit:Momento":0}]},"card_choices":[{"not_picked":["hermit:Coalescence","hermit:LuckOfTheDraw"],"picked":"hermit:Midnight","floor":1},{"not_picked":["hermit:LowProfile","hermit:Desperado"],"picked":"hermit:Manifest","floor":2},{"not_picked":["hermit:BodyArmor","hermit:Headshot"],"picked":"hermit:Enervate","floor":4}],"player_experience":214428,"relics_obtained":[{"floor":6,"key":"Ancient Tea Set"}],"event_choices":[{"damage_healed":0,"gold_gain":0,"player_choice":"Ignored","damage_taken":0,"max_hp_gain":0,"max_hp_loss":0,"event_name":"NoteForYourself","floor":3,"gold_loss":0},{"damage_healed":0,"gold_gain":0,"player_choice":"Trade","damage_taken":0,"relics_obtained":["CultistMask"],"max_hp_gain":0,"max_hp_loss":0,"event_name":"FaceTrader","floor":5,"gold_loss":0}],"is_beta":false,"boss_relics":[],"items_purged_floors":[],"is_endless":false,"potions_floor_spawned":[2],"killed_by":"Gremlin Nob","ascension_level":1}}