{"host":"s35zr3gblm7slh1q","time":1611202757,"event":{"mods":["BaseMod","Colored Powertips","Downfall","Hermit","Hero for Fun","Highlight Path","Marisa????????","Minty Spire (QoL Compilation)","Permanent Neow","StSLib","The Disciple"],"gold_per_floor":[16,27,39,51,16,42,42,54,54,54,74,74,109,128,128,231,231,242,252,266,282,372,372,400,415,440,456,482,482,497,517,517,617,617,627,472,492,492,492,521,539,587,614,655,655,580,589,599,599,599,599,599,349,381,381],"floor_reached":56,"language":"ENG","playtime":871,"items_purged":["Defend_Y","Defend_Y"],"score":1713,"play_id":"cbacf09b-1fda-406c-b343-b121a435f720","local_time":"20210120231917","is_ascension_mode":false,"campfire_choices":[{"floor":10,"key":"RECALL"},{"data":"Serious_Punch","floor":12,"key":"SMITH"},{"data":"Slap","floor":15,"key":"SMITH"},{"floor":23,"key":"REST"},{"floor":29,"key":"REST"},{"floor":32,"key":"REST"},{"floor":45,"key":"REST"},{"floor":49,"key":"REST"},{"floor":52,"key":"REST"}],"circlet_count":0,"master_deck":["Strike_Y","Strike_Y","Strike_Y","Strike_Y","Strike_Y","Defend_Y","Defend_Y","Defend_Y","Normal_Punch","Serious_Punch+1","Slap+1","Hip_Strike+1","Slap","Slap","Slap+1","Slap+1","Oh","Slap+1","Get_Hopes_Up","Finesse","Serious_Punch"],"relics":["Cape","Oddly Smooth Stone","Bag of Marbles","Fusion Hammer","Matryoshka","Lantern","MealTicket","Peace Pipe","Sozu","Whetstone","Mango","StoneCalendar","Potion Belt","CeramicFish","Bronze Scales","Vajra"],"acts_visited":["Exordium","TheCity","TheBeyond","TheEnding"],"potions_floor_usage":[],"damage_taken":[{"damage":0,"enemies":"Jaw Worm","floor":1,"turns":1},{"damage":0,"enemies":"Cultist","floor":2,"turns":1},{"damage":0,"enemies":"Small Slimes","floor":3,"turns":1},{"damage":0,"enemies":"Red Slaver","floor":4,"turns":1},{"damage":0,"enemies":"3 Sentries","floor":6,"turns":1},{"damage":0,"enemies":"Lots of Slimes","floor":8,"turns":2},{"damage":0,"enemies":"Blue Slaver","floor":11,"turns":1},{"damage":0,"enemies":"Gremlin Nob","floor":13,"turns":1},{"damage":0,"enemies":"Large Slime","floor":14,"turns":1},{"damage":0,"enemies":"The Guardian","floor":16,"turns":1},{"damage":0,"enemies":"Spheric Guardian","floor":18,"turns":1},{"damage":0,"enemies":"3 Byrds","floor":19,"turns":1},{"damage":0,"enemies":"Cultist and Chosen","floor":20,"turns":1},{"damage":0,"enemies":"Shelled Parasite and Fungi","floor":21,"turns":1},{"damage":0,"enemies":"Gremlin Leader","floor":24,"turns":1},{"damage":0,"enemies":"Centurion and Healer","floor":25,"turns":2},{"damage":0,"enemies":"Snake Plant","floor":27,"turns":1},{"damage":0,"enemies":"Book of Stabbing","floor":28,"turns":1},{"damage":0,"enemies":"Shelled Parasite and Fungi","floor":30,"turns":1},{"damage":0,"enemies":"Cultist and Chosen","floor":31,"turns":1},{"damage":0,"enemies":"Automaton","floor":33,"turns":1},{"damage":0,"enemies":"Orb Walker","floor":35,"turns":1},{"damage":0,"enemies":"3 Shapes","floor":37,"turns":1},{"damage":0,"enemies":"Nemesis","floor":40,"turns":1},{"damage":0,"enemies":"Jaw Worm Horde","floor":41,"turns":1},{"damage":0,"enemies":"2 Orb Walkers","floor":42,"turns":1},{"damage":0,"enemies":"Giant Head","floor":44,"turns":1},{"damage":0,"enemies":"Sphere and 2 Shapes","floor":48,"turns":2},{"damage":0,"enemies":"Awakened One","floor":50,"turns":3},{"damage":0,"enemies":"Shield and Spear","floor":54,"turns":1},{"damage":0,"enemies":"The Heart","floor":55,"turns":3}],"seed_played":"-365791420210839045","potions_obtained":[{"floor":1,"key":"BlessingOfTheForge"},{"floor":4,"key":"FearPotion"},{"floor":11,"key":"FearPotion"},{"floor":27,"key":"Energy Potion"}],"is_trial":false,"path_per_floor":["M","M","M","M","$","E","?","M","T","R","M","R","E","M","R","B",null,"M","M","M","M","?","R","E","M","T","M","E","R","M","M","R","B",null,"M","$","M","?","$","E","M","?","T","E","R","$","?","M","R","B",null,"R","$","E","B",null],"character_chosen":"OPM","items_purchased":["Normal_Punch","Whetstone","Serious_Punch"],"campfire_rested":6,"item_purchase_floors":[5,36,53],"current_hp_per_floor":[1098,1098,1098,1098,1098,1098,1098,1098,1098,1098,1098,1098,1098,1098,1098,1098,1098,1098,1098,1098,1098,1098,1098,1098,1098,1098,1098,1098,1098,1098,1098,1098,1098,1098,1098,1098,1098,1043,1043,1057,1057,1057,1057,1057,1057,1057,1057,1057,1057,1057,1057,1057,1057,1057,1057],"gold":381,"neow_bonus":"TEN_PERCENT_HP_BONUS","is_daily":false,"chose_seed":false,"campfire_upgraded":2,"win_rate":0.0,"timestamp":1611202757,"path_taken":["M","M","M","M","$","E","?","M","T","R","M","R","E","M","R","BOSS","M","M","M","M","?","R","E","M","T","M","E","R","?","M","R","BOSS","M","$","M","?","$","E","M","?","T","E","R","$","?","M","R","BOSS","R","$","E","BOSS"],"items_purchased_type":["Card","Relic","Card"],"build_version":"2020-12-22","purchased_purges":2,"victory":true,"max_hp_per_floor":[1098,1098,1098,1098,1098,1098,1098,1098,1098,1098,1098,1098,1098,1098,1098,1098,1098,1098,1098,1098,1098,1098,1098,1098,1098,1098,1098,1098,1098,1098,1098,1098,1098,1098,1098,1098,1098,1043,1043,1057,1057,1057,1057,1057,1057,1057,1057,1057,1057,1057,1057,1057,1057,1057,1057],"card_choices":[{"not_picked":["Toss_Stone","Consecutive_Normal_Punch","Yawn"],"picked":"SKIP","floor":1},{"not_picked":["Side_Hop","Normal_Punch","Consecutive_Normal_Punch"],"picked":"SKIP","floor":2},{"not_picked":["Slap","Side_Hop","Yawn"],"picked":"SKIP","floor":3},{"not_picked":["Ignore","Toss_Stone","Side_Hop"],"picked":"SKIP","floor":4},{"not_picked":["Ignore","Toss_Stone","Side_Hop"],"picked":"SKIP","floor":4},{"not_picked":["Wear_Disguise","Hop"],"picked":"Serious_Punch","floor":6},{"not_picked":["Hop","Wear_Disguise","Do_Nothing"],"picked":"SKIP","floor":8},{"not_picked":["Yawn","Side_Hop"],"picked":"Slap","floor":11},{"not_picked":["Yawn","Hop","Do_Nothing"],"picked":"SKIP","floor":13},{"not_picked":["Slap","Side_Hop","Ignore"],"picked":"SKIP","floor":14},{"not_picked":["Serious_Punch","Get_Hopes_Up"],"picked":"Hip_Strike","floor":16},{"not_picked":["Do_Nothing","Normal_Punch+1","Hop"],"picked":"SKIP","floor":18},{"not_picked":["Normal_Punch","Wear_Disguise","Do_Nothing+1"],"picked":"SKIP","floor":19},{"not_picked":["Wear_Disguise","Ignore","Hop"],"picked":"SKIP","floor":20},{"not_picked":["Wear_Disguise+1","Side_Hop","Terrifying_Presence"],"picked":"SKIP","floor":21},{"not_picked":["Yawn+1","Normal_Punch","Toss_Stone+1"],"picked":"SKIP","floor":24},{"not_picked":["Ignore","Wear_Disguise"],"picked":"Slap","floor":25},{"not_picked":["Do_Nothing","Consecutive_Normal_Punch+1"],"picked":"Slap","floor":27},{"not_picked":["Hip_Strike","Side_Hop"],"picked":"Slap","floor":28},{"not_picked":["Toss_Stone+1","Normal_Punch","Do_Nothing+1"],"picked":"SKIP","floor":30},{"not_picked":["Hop","Ignore+1"],"picked":"Slap+1","floor":31},{"not_picked":["Serious_Punch","Serious_Side_Hops"],"picked":"Oh","floor":33},{"not_picked":["Ignore+1","Hop","Do_Nothing+1"],"picked":"SKIP","floor":35},{"not_picked":["Side_Hop+1","Yawn+1"],"picked":"Slap+1","floor":37},{"not_picked":["Wear_Disguise","Consecutive_Normal_Punch+1","Hop+1"],"picked":"SKIP","floor":40},{"not_picked":["Slap+1","Hop+1","Do_Nothing+1"],"picked":"SKIP","floor":41},{"not_picked":["Oh","Toss_Stone"],"picked":"Get_Hopes_Up","floor":44},{"not_picked":["Apotheosis","Good Instincts"],"picked":"Finesse","floor":47},{"not_picked":["Wear_Disguise+1","Do_Nothing+1","Slap"],"picked":"SKIP","floor":48},{"not_picked":["Toss_Stone","Normal_Punch+1","Yawn+1"],"picked":"SKIP","floor":54}],"player_experience":378366,"relics_obtained":[{"floor":6,"key":"Oddly Smooth Stone"},{"floor":13,"key":"Bag of Marbles"},{"floor":24,"key":"Matryoshka"},{"floor":26,"key":"Lantern"},{"floor":26,"key":"MealTicket"},{"floor":28,"key":"Peace Pipe"},{"floor":40,"key":"Mango"},{"floor":42,"key":"StoneCalendar"},{"floor":43,"key":"Potion Belt"},{"floor":43,"key":"CeramicFish"},{"floor":44,"key":"Bronze Scales"},{"floor":54,"key":"Vajra"}],"event_choices":[{"damage_healed":0,"gold_gain":0,"player_choice":"Ignored","damage_taken":0,"max_hp_gain":0,"max_hp_loss":0,"event_name":"Purifier","floor":7,"gold_loss":0},{"damage_healed":0,"gold_gain":90,"player_choice":"GOLD ","damage_taken":12,"max_hp_gain":0,"max_hp_loss":0,"event_name":"Knowing Skull","floor":22,"potions_obtained":[],"gold_loss":0,"cards_obtained":[]},{"damage_healed":0,"gold_gain":0,"player_choice":"Max HP","damage_taken":0,"max_hp_gain":0,"max_hp_loss":55,"event_name":"Winding Halls","floor":38,"gold_loss":0},{"damage_healed":0,"gold_gain":0,"player_choice":"Fight","damage_taken":0,"max_hp_gain":0,"max_hp_loss":0,"event_name":"Mysterious Sphere","floor":42,"gold_loss":0},{"damage_healed":0,"gold_gain":0,"player_choice":"Memory 1","damage_taken":0,"max_hp_gain":0,"max_hp_loss":0,"event_name":"SensoryStone","floor":47,"gold_loss":0}],"is_beta":false,"boss_relics":[{"not_picked":["Runic Dome","Empty Cage"],"picked":"Fusion Hammer"},{"not_picked":["Cursed Key","Coffee Dripper"],"picked":"Sozu"}],"items_purged_floors":[46,53],"is_endless":false,"potions_floor_spawned":[1,4,11,14,16,19,20,21,25,27,31,35,40,42],"ascension_level":0}}