{"host":"xttq6c038pg3qyaq","time":1611207306,"event":{"mods":["BaseMod","Bestiary","Downfall","Hermit","Marisa（霧雨　魔理沙）","Minty Spire (QoL Compilation)","StSLib"],"gold_per_floor":[99,115,135,152,152,59,59,18,18,18,36,55,69,69,69,69],"floor_reached":14,"language":"ENG","playtime":704,"items_purged":[],"score":86,"play_id":"f5d3d78a-90ef-4367-8b1b-2dd65620ae94","local_time":"20210121160506","is_ascension_mode":true,"campfire_choices":[{"data":"Slimebound:CheckThePlaybook","floor":1,"key":"SMITH"},{"floor":9,"key":"REST"}],"circlet_count":0,"master_deck":["Slimebound:Strike_Slimebound","Slimebound:Strike_Slimebound","Slimebound:Strike_Slimebound","Slimebound:Tackle","Slimebound:Defend_Slimebound","Slimebound:Defend_Slimebound","Slimebound:Defend_Slimebound","Slimebound:Defend_Slimebound","Slimebound:CorrosiveSpit","Slimebound:CheckThePlaybook+1","Slimebound:SlimeSpikes","Slimebound:Grow","Slimebound:ProtectTheBoss","Slimebound:FlameTackle","Slimebound:RollThrough","Slimebound:SlimeSpikes","Slimebound:FlameTackle","Slimebound:SplitLeeching","Slimebound:LeadByExample","Slimebound:SplitSpecialist","Slimebound:FormOfPuddle"],"relics":["Slimebound:AbsorbEndCombat"],"acts_visited":["Exordium"],"potions_floor_usage":[14],"damage_taken":[{"damage":17,"enemies":"Cultist","floor":2,"turns":3},{"damage":8,"enemies":"Small Slimes","floor":3,"turns":3},{"damage":9,"enemies":"2 Louse","floor":4,"turns":1},{"damage":10,"enemies":"downfall:FleeingMerchant","floor":6,"turns":4},{"damage":14,"enemies":"downfall:FleeingMerchant","floor":8,"turns":4},{"damage":13,"enemies":"Red Slaver","floor":11,"turns":4},{"damage":10,"enemies":"2 Fungi Beasts","floor":12,"turns":4},{"damage":10,"enemies":"Large Slime","floor":13,"turns":5},{"damage":27,"enemies":"Gremlin Nob","floor":14,"turns":4}],"seed_played":"-1189652511743035726","potions_obtained":[{"floor":11,"key":"Guardian:BlockOnCardUsePotion"},{"floor":12,"key":"DuplicationPotion"},{"floor":13,"key":"hexamod:SoulburnPotion"}],"is_trial":false,"path_per_floor":["R","M","M","M","?","$","T","$","R","?","M","M","M","E"],"character_chosen":"SLIMEBOUND","items_purchased":["Slimebound:RollThrough","Slimebound:SlimeSpikes","Slimebound:SplitLeeching"],"campfire_rested":1,"item_purchase_floors":[6,6,8],"current_hp_per_floor":[65,50,46,37,37,29,29,17,36,36,25,15,5,0,0,0],"gold":69,"neow_bonus":"THREE_RARE_CARDS","is_daily":false,"chose_seed":false,"campfire_upgraded":1,"win_rate":0.0,"timestamp":1611207306,"path_taken":["R","M","M","M","?","$","T","?","R","?","?","M","M","E"],"items_purchased_type":["Card","Card","Card"],"build_version":"2020-12-22","purchased_purges":0,"victory":false,"max_hp_per_floor":[65,65,65,65,65,65,65,65,65,65,65,65,65,65,65,65],"card_choices":[{"not_picked":["Slimebound:WasteNot","Slimebound:TagTeam"],"picked":"Slimebound:CheckThePlaybook","floor":0},{"not_picked":["Slimebound:GoopSpray","Slimebound:LeechingTouch"],"picked":"Slimebound:SlimeSpikes","floor":2},{"not_picked":["Slimebound:SplitMire","Slimebound:MassRepurpose"],"picked":"Slimebound:Grow","floor":3},{"not_picked":["Slimebound:LeechingTouch","Slimebound:GrowthPunch","Slimebound:LeechEnergy"],"picked":"SKIP","floor":4},{"not_picked":["Slimebound:SamplingLick","Slimebound:Equalize"],"picked":"Slimebound:FlameTackle","floor":6},{"not_picked":["Slimebound:GrowthPunch","Slimebound:SlimeBrawl"],"picked":"Slimebound:FlameTackle","floor":8},{"not_picked":["Slimebound:SlimeTap","Slimebound:DivideAndConquer"],"picked":"Slimebound:LeadByExample","floor":11},{"not_picked":["Slimebound:SlimeSpikes","Slimebound:DisruptingSlam"],"picked":"Slimebound:SplitSpecialist","floor":12},{"not_picked":["Slimebound:GoopSpray","Slimebound:RejuvenatingLick"],"picked":"Slimebound:FormOfPuddle","floor":13}],"player_experience":598891,"relics_obtained":[],"event_choices":[],"is_beta":false,"boss_relics":[],"items_purged_floors":[],"is_endless":false,"potions_floor_spawned":[11,12,13],"killed_by":"Gremlin Nob","ascension_level":1}}