{"host":"msfr2axb1w9025n0","time":1611201503,"event":{"mods":["BaseMod","DeckTracker","Minty Spire (QoL Compilation)"],"gold_per_floor":[110,34,47,122,132,132,112,145,145,145,161,177,208,208,208,282,282,297,316,72,92,112,146,163,198,198,214,228,243,243,243],"floor_reached":30,"language":"ENG","playtime":1549,"items_purged":["Parasite"],"score":472,"play_id":"8c9fc95f-3de2-413f-91bc-640c3f9d7fe8","local_time":"20210121105823","is_ascension_mode":true,"campfire_choices":[{"data":"Malaise","floor":6.0,"key":"SMITH"},{"data":"Masterful Stab","floor":10.0,"key":"SMITH"},{"floor":15.0,"key":"REST"}],"circlet_count":0,"master_deck":["AscendersBane","Strike_G","Strike_G","Strike_G","Strike_G","Strike_G","Defend_G","Defend_G","Defend_G","Defend_G","Defend_G","Survivor","Neutralize","Malaise+1","Well Laid Plans","Dagger Spray","Poisoned Stab","Dagger Throw","Masterful Stab+1","Die Die Die","Dash","Deadly Poison","Parasite","Malaise","Outmaneuver","Footwork","Bane","Dodge and Roll","Malaise","Bane","After Image","Poisoned Stab+1"],"relics":["Ring of the Snake","Bag of Marbles","Matryoshka","Tiny Chest","Velvet Choker","Frozen Eye","PreservedInsect","Lantern","Eternal Feather","Ornamental Fan"],"acts_visited":["TheCity"],"potions_floor_usage":[25,29,30],"damage_taken":[{"damage":2.0,"enemies":"Jaw Worm","floor":1.0,"turns":4.0},{"damage":2.0,"enemies":"2 Louse","floor":3.0,"turns":3.0},{"damage":0.0,"enemies":"Cultist","floor":5.0,"turns":5.0},{"damage":26.0,"enemies":"Lagavulin","floor":8.0,"turns":9.0},{"damage":2.0,"enemies":"Looter","floor":11.0,"turns":3.0},{"damage":3.0,"enemies":"Blue Slaver","floor":12.0,"turns":3.0},{"damage":8.0,"enemies":"3 Sentries","floor":13.0,"turns":5.0},{"damage":35.0,"enemies":"The Guardian","floor":16.0,"turns":14.0},{"damage":9,"enemies":"Shell Parasite","floor":18,"turns":7},{"damage":3,"enemies":"Chosen","floor":19,"turns":8},{"damage":0,"enemies":"Shelled Parasite and Fungi","floor":21,"turns":8},{"damage":5,"enemies":"3 Cultists","floor":22,"turns":5},{"damage":2,"enemies":"Book of Stabbing","floor":23,"turns":8},{"damage":9,"enemies":"Snake Plant","floor":24,"turns":8},{"damage":23,"enemies":"Slavers","floor":25,"turns":8},{"damage":1,"enemies":"Centurion and Healer","floor":27,"turns":9},{"damage":2,"enemies":"Snecko","floor":28,"turns":7},{"damage":0,"enemies":"Snake Plant","floor":29,"turns":7},{"damage":5,"enemies":"Colosseum Slavers","floor":30,"turns":2}],"seed_played":"283616889544995342","potions_obtained":[{"floor":3.0,"key":"Swift Potion"},{"floor":7.0,"key":"LiquidBronze"},{"floor":16.0,"key":"BlessingOfTheForge"},{"floor":22,"key":"Explosive Potion"},{"floor":28,"key":"ColorlessPotion"}],"is_trial":false,"path_per_floor":["M","$","M","?","M","R","?","E","T","R","M","M","E","?","R","B",null,"M","M","$","M","M","E","M","E","T","M","M","M","?"],"character_chosen":"THE_SILENT","items_purchased":["Dagger Spray","Poisoned Stab","Frozen Eye","Bane"],"campfire_rested":1,"item_purchase_floors":[2,2,20,20],"current_hp_per_floor":[61,61,59,48,48,48,48,22,22,22,20,17,9,26,47,12,56,47,44,44,44,39,37,28,5,5,4,2,2,0,0],"gold":243,"neow_bonus":"THREE_RARE_CARDS","is_daily":false,"chose_seed":false,"campfire_upgraded":2,"win_rate":0.0,"timestamp":1611201503,"path_taken":["M","$","M","?","M","R","?","E","T","R","M","?","E","?","R","BOSS","M","M","$","M","M","E","M","E","T","M","M","M","?"],"items_purchased_type":["Card","Card","Relic","Card"],"build_version":"2020-12-22","purchased_purges":1,"victory":false,"max_hp_per_floor":[70,70,70,70,70,70,70,70,70,70,70,70,70,70,70,70,70,70,70,67,67,67,67,67,67,67,67,67,67,67,67],"card_choices":[{"not_picked":["Bullet Time","Tools of the Trade"],"picked":"Malaise","floor":0.0},{"not_picked":["Dash","Sucker Punch"],"picked":"Well Laid Plans","floor":1.0},{"not_picked":["Dagger Spray","Reflex"],"picked":"Dagger Throw","floor":3.0},{"not_picked":["Slice","Quick Slash"],"picked":"Masterful Stab","floor":5.0},{"not_picked":["Flying Knee","Sucker Punch"],"picked":"Die Die Die","floor":8.0},{"not_picked":["Dagger Spray","All Out Attack","Quick Slash"],"picked":"SKIP","floor":11.0},{"not_picked":["Acrobatics","Outmaneuver"],"picked":"Dash","floor":12.0},{"not_picked":["Malaise","Quick Slash"],"picked":"Deadly Poison","floor":13.0},{"not_picked":["Die Die Die","Phantasmal Killer"],"picked":"Malaise","floor":16.0},{"not_picked":["Infinite Blades","Blur"],"picked":"Outmaneuver","floor":18},{"not_picked":["Flying Knee","Quick Slash"],"picked":"Footwork","floor":19},{"not_picked":["Prepared","Infinite Blades","Catalyst"],"picked":"SKIP","floor":21},{"not_picked":["Backflip+1","Outmaneuver"],"picked":"Dodge and Roll","floor":22},{"not_picked":["Prepared","Cloak And Dagger"],"picked":"Malaise","floor":23},{"not_picked":["Riddle With Holes","Underhanded Strike"],"picked":"Bane","floor":24},{"not_picked":["Sucker Punch+1","Dagger Spray","Flechettes"],"picked":"SKIP","floor":25},{"not_picked":["Blade Dance","Deflect","Sucker Punch"],"picked":"SKIP","floor":27},{"not_picked":["Accuracy","Backflip"],"picked":"After Image","floor":28},{"not_picked":["Deadly Poison","Infinite Blades"],"picked":"Poisoned Stab+1","floor":29}],"player_experience":255468,"relics_obtained":[{"floor":8.0,"key":"Bag of Marbles"},{"floor":9.0,"key":"Matryoshka"},{"floor":13.0,"key":"Tiny Chest"},{"floor":23,"key":"PreservedInsect"},{"floor":25,"key":"Lantern"},{"floor":26,"key":"Eternal Feather"},{"floor":26,"key":"Ornamental Fan"}],"event_choices":[{"damage_healed":0.0,"max_hp_gain":0.0,"max_hp_loss":0.0,"gold_gain":75.0,"event_name":"World of Goop","player_choice":"Gather Gold","floor":4.0,"gold_loss":0.0,"damage_taken":11.0},{"damage_healed":0.0,"max_hp_gain":0.0,"max_hp_loss":0.0,"gold_gain":0.0,"event_name":"The Woman in Blue","player_choice":"Bought 1 Potion","floor":7.0,"gold_loss":0.0,"damage_taken":0.0},{"damage_healed":17.0,"max_hp_gain":0.0,"max_hp_loss":0.0,"gold_gain":0.0,"event_name":"Mushrooms","player_choice":"Healed and dodged fight","floor":14.0,"gold_loss":0.0,"damage_taken":0.0,"cards_obtained":["Parasite"]},{"damage_healed":0,"gold_gain":0,"player_choice":"Fight","damage_taken":0,"max_hp_gain":0,"max_hp_loss":0,"event_name":"Colosseum","floor":30,"gold_loss":0}],"is_beta":false,"boss_relics":[{"not_picked":["Cursed Key","Ring of the Serpent"],"picked":"Velvet Choker"}],"items_purged_floors":[20],"is_endless":false,"potions_floor_spawned":[3,12,16,22,23,28],"killed_by":"Colosseum Slavers","ascension_level":13}}