{"host":"yttw759xqm3gosmj","time":1611187431,"event":{"mods":["AchievementEnabler","Aspiration","Bartender","BaseMod","Bestiary","Better Note","Better Third Choice","BetterRewards","Clockwork Mod","Colored Map","Colorless Booster Pack","Conspire","Custom Start","Dark Map","Dio Mod","Energized Spire","Fiend Mod","GifTheSpireLib","Glutton Mod","Googly Eyes","Hermit","Hubris","Infinite Spire","Ironclad Rager","Mimic Mod","Minty Spire (QoL Compilation)","MostiFishMod","Rare Cards Sparkle","RatMod","Replay The Spire","Retaliation","Shade Mod","Shop Mod","Somnambulant","Spicy Shops","Spikes Relics","Spire Birthday Party","StSLib","Stuff the Spire","The Alterego","The Animator","The Bladedancer","The Cursed","The Edgeheg","The Forsaken","The Hierophant","The Judge","The Jungle","The Marked","The Necromancer","The Poker Player","The Servant 0.9.4","The Trickster","TheSwordswoman","TheVacant","Trackpad","Unceasing Turn Reminder","Useless Jewels Mod","Waifu the Spire","WarShipGirlsR/????R mod","egg","slay the spire mod where everything is the same but ironclad has a cowboy hat","thorton","vexMod","??????REMEMod"],"gold_per_floor":[112,112,112,287,367,401,401,0,0,128,128,128,1,13,13,114,114,128,143,153,171,17,17,125,1,76,91,204,222,222,322,322,352,352],"floor_reached":33,"language":"ENG","playtime":2432,"items_purged":["Pain"],"score":668,"play_id":"ef93f4e9-7e8a-4426-bb39-96436d84ae66","local_time":"20210120190351","is_ascension_mode":false,"campfire_choices":[{"floor":7,"key":"REST"},{"floor":12,"key":"RECALL"},{"floor":15,"key":"REST"},{"data":"REME_PuzzleBox","floor":23,"key":"SMITH"},{"floor":32,"key":"REST"}],"circlet_count":0,"master_deck":["somnambulantmod: SomnambulantStrike+1","somnambulantmod: SomnambulantStrike+1","somnambulantmod: SomnambulantStrike+1","somnambulantmod: SomnambulantStrike+1","somnambulantmod: SomnambulantStrike+1","somnambulantmod: Defend_Somnambulant","somnambulantmod: Defend_Somnambulant","somnambulantmod: Defend_Somnambulant","somnambulantmod: Defend_Somnambulant","somnambulantmod: Defend_Somnambulant","somnambulantmod: QuickNap","somnambulantmod: PrimingPunch","Panache","REME_PuzzleBox+1","somnambulantmod: SleepingBody","somnambulantmod: Stimulus","somnambulantmod: PillowFort+1","somnambulantmod: Blink","somnambulantmod: PillowFort","somnambulantmod: Refracture","Doubt","somnambulantmod: Nosebleed+1","somnambulantmod: NightHaunts","somnambulantmod: Lucidity","MostiFishMod:JungleRules","somnambulantmod: Pinch","somnambulantmod: NewDawn","somnambulantmod: HappyThoughts+1","somnambulantmod: Harden+1","somnambulantmod: ShimmeringVeil","somnambulantmod: Nosebleed+1","somnambulantmod: LoseForm","somnambulantmod: Blink","somnambulantmod: Blink","somnambulantmod: Hush+1","somnambulantmod: HorrificThought+1","somnambulantmod: DarkeningMind+1","MostiFishMod:PerfectForm","somnambulantmod: Withdraw"],"relics":["somnambulantmod: DreamJournal","REME_ComplimentaryCards","DaveBox","Membership Card","ReplayTheSpireMod:TigerMarble","SuspiciousGoo","trackpad:PocketGalaxy","Replay:Rubber Ducky","MerchantsRug","aspiration:AnachronicSnailShell","Strange Spoon","SynthV:TestCard","Pear","StuffTheSpire:Gunfinga","rat:PhantomDancer","StuffTheSpire:TintedRock","trackpad:Compendium","Matryoshka","Blue Doll","StuffTheSpire:Experiment12","Replay:Bottled Eggs","WarpedTongs","Cursed Key","Dodecahedron","ChiLing","Chi","Ling","trackpad:HandOfMidas","hubris:TenFootPole","thethorton:BrokenCalculator","infinitespire:Satchel","ArrowTower"],"acts_visited":["Exordium","TheCity"],"potions_floor_usage":[16,33,33,33],"damage_taken":[{"damage":0,"enemies":"Jaw Worm","floor":1,"turns":5},{"damage":17,"enemies":"3 Sentries","floor":6,"turns":6},{"damage":12,"enemies":"Gremlin Nob","floor":10,"turns":4},{"damage":0,"enemies":"Small Slimes","floor":14,"turns":4},{"damage":0,"enemies":"Slime Boss","floor":16,"turns":6},{"damage":0,"enemies":"3 Byrds","floor":18,"turns":2},{"damage":0,"enemies":"Spheric Guardian","floor":19,"turns":4},{"damage":0,"enemies":"Centurion and Healer","floor":20,"turns":4},{"damage":0,"enemies":"Snecko","floor":21,"turns":4},{"damage":2,"enemies":"conspire:Head Lice","floor":24,"turns":2},{"damage":0,"enemies":"Chosen and Byrds","floor":27,"turns":3},{"damage":0,"enemies":"conspire:HollyBat","floor":28,"turns":4},{"damage":7,"enemies":"Centurion and Healer","floor":29,"turns":5},{"damage":1,"enemies":"REME_1_Revenger","floor":31,"turns":2},{"damage":187,"enemies":"Champ","floor":33,"turns":3}],"seed_played":"-7870183938583643521","potions_obtained":[{"floor":10,"key":"Fire Potion"},{"floor":16,"key":"AttackPotion"},{"floor":20,"key":"AttackPotion"},{"floor":21,"key":"Reflective Coating"},{"floor":24,"key":"ColorlessPotion"},{"floor":31,"key":"REME_GoldPotion"}],"is_trial":false,"path_per_floor":["M","?","?","?","T","E","R","$","T","E","?","R","$","M","R","B",null,"M","M","M","M","$","R","E","$","T","M","M","M","?","E","R","B"],"character_chosen":"THE_SOMNAMBULANT","items_purchased":["ReplayTheSpireMod:TigerMarble","SuspiciousGoo","trackpad:PocketGalaxy","Replay:Rubber Ducky","REME_PuzzleBox","MerchantsRug","Strange Spoon","somnambulantmod: SleepingBody","somnambulantmod: Stimulus","somnambulantmod: PillowFort","somnambulantmod: Blink","rat:PhantomDancer","StuffTheSpire:TintedRock","trackpad:Compendium","Matryoshka","somnambulantmod: NightHaunts","MostiFishMod:JungleRules","Dodecahedron","ChiLing","hubris:TenFootPole","thethorton:BrokenCalculator","somnambulantmod: Blink"],"campfire_rested":3,"item_purchase_floors":[0,0,0,0,0,0,0,0,0,0,0,8,8,8,8,8,13,22,22,25,25,25],"current_hp_per_floor":[38,38,38,38,48,31,57,57,57,45,45,45,45,45,71,71,84,84,84,84,84,84,84,82,82,82,82,82,77,77,82,86,0,0],"gold":352,"neow_bonus":"","is_daily":false,"chose_seed":false,"campfire_upgraded":1,"win_rate":0.0,"timestamp":1611187431,"path_taken":["M","?","?","?","?","E","R","$","T","E","?","R","$","M","R","BOSS","M","M","M","?","?","R","E","$","T","M","M","?","?","E","R","BOSS"],"items_purchased_type":["Relic","Relic","Relic","Relic","Card","Relic","Relic","Card","Card","Card","Card","Relic","Relic","Relic","Relic","Card","Card","Relic","Relic","Relic","Relic","Card"],"build_version":"2020-12-22","purchased_purges":1,"victory":false,"max_hp_per_floor":[70,70,70,70,80,80,82,82,82,82,82,82,82,82,84,84,84,84,84,84,84,84,84,84,84,84,84,84,84,84,84,86,86,86],"card_choices":[{"not_picked":["somnambulantmod: Bruise","somnambulantmod: TrepanningBlow"],"picked":"somnambulantmod: PillowFort","floor":1},{"not_picked":[],"picked":"somnambulantmod: Refracture","floor":3},{"not_picked":["somnambulantmod: Unmake","somnambulantmod: DeeperSleep","somnambulantmod: HeadSmack","somnambulantmod: PourItOut"],"picked":"somnambulantmod: Nosebleed","floor":6},{"not_picked":["somnambulantmod: DeeperSleep","somnambulantmod: Bruise","somnambulantmod: Nosebleed","somnambulantmod: HeavyLids"],"picked":"somnambulantmod: Lucidity","floor":10},{"not_picked":["somnambulantmod: MuscleMemory","somnambulantmod: Bruise","somnambulantmod: Bloom","somnambulantmod: Unmake"],"picked":"somnambulantmod: Pinch","floor":14},{"not_picked":["somnambulantmod: Unburden","somnambulantmod: Refracture","somnambulantmod: LoseForm","somnambulantmod: Amnausea"],"picked":"somnambulantmod: NewDawn","floor":16},{"not_picked":["somnambulantmod: MuscleMemory+1","somnambulantmod: AllForNothing","somnambulantmod: Unknow","somnambulantmod: Bruise"],"picked":"somnambulantmod: HappyThoughts+1","floor":18},{"not_picked":["somnambulantmod: HeavyLids","somnambulantmod: Extract","somnambulantmod: TrepanningBlow","somnambulantmod: Blink"],"picked":"somnambulantmod: Harden+1","floor":19},{"not_picked":["somnambulantmod: Cower","somnambulantmod: Overshare","somnambulantmod: Harden","somnambulantmod: Unmake"],"picked":"somnambulantmod: ShimmeringVeil","floor":20},{"not_picked":["somnambulantmod: Blink","somnambulantmod: BadIdea","somnambulantmod: RacingThoughts","somnambulantmod: AllForNothing"],"picked":"somnambulantmod: Nosebleed+1","floor":21},{"not_picked":["somnambulantmod: Repression","somnambulantmod: Nosebleed","somnambulantmod: SickeningSwathe","somnambulantmod: TrepanningBlow"],"picked":"somnambulantmod: LoseForm","floor":24},{"not_picked":["somnambulantmod: RecurringDream","somnambulantmod: SnuggleUp","somnambulantmod: Repression","somnambulantmod: LayeredDefense"],"picked":"somnambulantmod: Hush+1","floor":27},{"not_picked":["somnambulantmod: Nosebleed","somnambulantmod: RecurringDream","somnambulantmod: Unknow","somnambulantmod: Repression"],"picked":"somnambulantmod: HorrificThought+1","floor":28},{"not_picked":["somnambulantmod: BadIdea+1","somnambulantmod: Bruise+1","somnambulantmod: ShimmeringVeil","somnambulantmod: Stumble+1"],"picked":"somnambulantmod: DarkeningMind","floor":29},{"not_picked":["somnambulantmod: DarkeningMind","somnambulantmod: Bruise","somnambulantmod: Unmake","somnambulantmod: TimeCompression"],"picked":"somnambulantmod: Withdraw","floor":31}],"player_experience":128146,"relics_obtained":[{"floor":1,"key":"SynthV:TestCard"},{"floor":5,"key":"Pear"},{"floor":6,"key":"StuffTheSpire:Gunfinga"},{"floor":9,"key":"Blue Doll"},{"floor":9,"key":"StuffTheSpire:Experiment12"},{"floor":10,"key":"Replay:Bottled Eggs"},{"floor":24,"key":"trackpad:HandOfMidas"},{"floor":26,"key":"infinitespire:Satchel"},{"floor":31,"key":"ArrowTower"}],"event_choices":[{"damage_healed":0,"gold_gain":0,"player_choice":"Ignored","damage_taken":0,"max_hp_gain":0,"max_hp_loss":0,"event_name":"Golden Wing","floor":2,"gold_loss":0},{"damage_healed":0,"gold_gain":175,"player_choice":"AGREE","damage_taken":112,"max_hp_gain":0,"max_hp_loss":0,"event_name":"betterThird:BetterSerpent","floor":4,"gold_loss":0},{"damage_healed":0,"gold_gain":0,"player_choice":"Rummage","damage_taken":0,"relics_obtained":["WarpedTongs"],"max_hp_gain":0,"max_hp_loss":0,"event_name":"Accursed Blacksmith","floor":11,"gold_loss":0,"cards_obtained":["Pain"]},{"cards_removed":["REME_PuzzleBox"],"damage_healed":0,"gold_gain":0,"player_choice":"Take \u0026 Give","damage_taken":0,"max_hp_gain":0,"max_hp_loss":0,"event_name":"betterNote:BetterNote","floor":30,"gold_loss":0,"cards_obtained":["MostiFishMod:PerfectForm"]}],"is_beta":false,"boss_relics":[{"not_picked":["Replay:Drink Me","RhineSuit"],"picked":"Cursed Key"}],"items_purged_floors":[13],"is_endless":false,"potions_floor_spawned":[10,16,20,21,24,31],"killed_by":"Champ","ascension_level":0}}