{"host":"57p7dt3z3srco180","time":1611213015,"event":{"mods":["AchievementEnabler","Aspiration","BaseMod","BetterRewards","Colored Map","Colored Powertips","Dark Map","GifTheSpireLib","Hubris","Infinite Spire","Marisa????????","Mimic Mod","Minty Spire (QoL Compilation)","Remilia??????","Replay The Spire","Shop Mod","StSLib","Synergy Search"],"gold_per_floor":[114,128,128,68,83,114,114,18,50,50,69,69,69,17,17,113,113,130,130,130,144,157,157,157],"floor_reached":23,"language":"ENG","playtime":889,"items_purged":["Looming Evil","Amnesia"],"score":376,"play_id":"fbc84857-02d4-4a6e-9da0-5128ad44effd","local_time":"20210120231015","is_ascension_mode":true,"campfire_choices":[{"data":"hubris:SharpeningStone","floor":7,"key":"SMITH"},{"data":"Double Tap","floor":13,"key":"SMITH"},{"floor":15,"key":"REST"}],"circlet_count":0,"master_deck":["Strike_R","Strike_R","Strike_R","Strike_R","Strike_R","Defend_R","Defend_R","Defend_R","Defend_R","Bash","hubris:SharpeningStone+1","Bullet Time","Deflect","Well Laid Plans","Double Tap+1","Perfected Strike","Heavy Blade","Perfected Strike+1","Ghostly Armor+1","Ghostly Armor+1","Sword Boomerang","Havoc","Barricade+1","Armaments","infinitespire:Collect","infinitespire:Pacifist","Blind","Barricade+1","Disarm","Infernal Blade"],"relics":["Burning Blood","StrikeDummy","ReplayTheSpireMod:CursedCoin","Golden Egg","aspiration:FrozenJewel","Ring of Fury","ReplayTheSpireMod:Ring of Collecting","infinitespire:Burning Sword","Lee\u0027s Waffle"],"acts_visited":["Exordium","TheCity"],"potions_floor_usage":[6,16,22,22,23],"damage_taken":[{"damage":1,"enemies":"Cultist","floor":1,"turns":3},{"damage":9,"enemies":"Small Slimes","floor":2,"turns":5},{"damage":24,"enemies":"Jaw Worm","floor":5,"turns":4},{"damage":18,"enemies":"Gremlin Nob","floor":6,"turns":4},{"damage":15,"enemies":"2 Fungi Beasts","floor":9,"turns":7},{"damage":8,"enemies":"2 Fungi Beasts","floor":11,"turns":3},{"damage":12,"enemies":"The Guardian","floor":16,"turns":9},{"damage":5,"enemies":"2 Thieves","floor":18,"turns":3},{"damage":2,"enemies":"Chosen","floor":21,"turns":3},{"damage":69,"enemies":"3 Cultists","floor":22,"turns":7},{"damage":24,"enemies":"Book of Stabbing","floor":23,"turns":4}],"seed_played":"633322462690231534","potions_obtained":[{"floor":5,"key":"Weak Potion"},{"floor":16,"key":"ColorlessPotion"},{"floor":18,"key":"Dexterity Potion"},{"floor":22,"key":"Swift Potion"}],"is_trial":false,"path_per_floor":["M","M","?","$","M","E","R","$","MIM","T","M","?","R","$","R","B",null,"M","AVR","?","M","M","E"],"character_chosen":"IRONCLAD","items_purchased":["StrikeDummy","Exhume","ReplayTheSpireMod:CursedCoin","Double Tap","Perfected Strike","Ghostly Armor","Dexterity Potion"],"campfire_rested":1,"item_purchase_floors":[0,0,4,4,8,8,14],"current_hp_per_floor":[77,74,74,74,56,44,44,44,35,35,33,33,33,33,57,51,73,74,87,87,87,24,0,0],"gold":157,"neow_bonus":"","is_daily":false,"chose_seed":false,"campfire_upgraded":2,"win_rate":0.0,"timestamp":1611213015,"path_taken":["M","?","?","?","?","E","R","$","MIM","?","M","?","R","$","R","BOSS","M","AVR","?","M","?","E"],"items_purchased_type":["Relic","Card","Relic","Card","Card","Card","Potion"],"build_version":"2020-12-22","purchased_purges":2,"victory":false,"max_hp_per_floor":[80,80,80,80,80,80,80,80,80,80,80,80,80,80,80,80,80,80,87,87,87,87,87,87],"card_choices":[{"not_picked":["Anger","Entrench"],"picked":"hubris:SharpeningStone","floor":1},{"not_picked":["Warcry","Replay:Undeath\u0027s Touch"],"picked":"Fire Breathing","floor":2},{"not_picked":["Massacre","Clash"],"picked":"Perfected Strike","floor":5},{"not_picked":["hubris:SharpeningStone","Fire Breathing"],"picked":"Heavy Blade","floor":6},{"not_picked":["Inflame","Body Slam"],"picked":"Sword Boomerang","floor":9},{"not_picked":["Warcry","True Grit"],"picked":"Havoc","floor":11},{"not_picked":["Hemogenesis","Feed"],"picked":"Barricade","floor":16},{"not_picked":["Flex","Sever Soul"],"picked":"Armaments","floor":18},{"not_picked":["Headbutt","Reckless Charge"],"picked":"Disarm","floor":21},{"not_picked":["Clothesline","Sentinel"],"picked":"Infernal Blade","floor":22}],"player_experience":315984,"relics_obtained":[{"floor":6,"key":"Golden Egg"},{"floor":9,"key":"aspiration:FrozenJewel"},{"floor":12,"key":"Ring of Fury"},{"floor":12,"key":"ReplayTheSpireMod:Ring of Collecting"}],"event_choices":[{"damage_healed":0,"gold_gain":0,"player_choice":"3 cards matched","damage_taken":0,"max_hp_gain":0,"max_hp_loss":0,"event_name":"Match and Keep!","floor":20,"gold_loss":0,"cards_obtained":["infinitespire:Pacifist","Blind","Barricade"]}],"is_beta":false,"boss_relics":[{"not_picked":["SlaversCollar","Tiny House"],"picked":"infinitespire:Burning Sword"}],"items_purged_floors":[4,19],"is_endless":false,"potions_floor_spawned":[5,16,18,22],"killed_by":"Book of Stabbing","ascension_level":6}}