{"host":"r10yh36zs2k9z1sa","time":1611234173,"event":{"mods":["Astrologer","BaseMod","Colored Map","Hermit","Marisa¡]Ãú«B¡@Å]²z¨F¡^","Minty Spire (QoL Compilation)","Permanent Neow","Remilia¡]Á¢¦Ì²ú?¡^","StSLib","The Animator","The Bug Knight","The Cursed","The Gatherer","The Hierophant","The Necromancer","The Runesmith","The Servant 0.9.4"],"gold_per_floor":[16,34,34,34,47,47,90,150,174,192,0,69,92,135,135,289,289,338,85,85,110,149,149,188,188,188,34,75,93,156,81,81,205,268,291,624,641,671,391,391],"floor_reached":41,"language":"ZHS","playtime":2871,"items_purged":["Regret","Strike_RM","TransientEternity"],"score":695,"play_id":"860f5b7e-1dd7-40d8-b6bf-7a1e8ecf7c07","local_time":"20210121210253","is_ascension_mode":false,"campfire_choices":[{"data":"Stigmanizer","floor":6.0,"key":"SMITH"},{"data":"QueenOfMidnight","floor":15.0,"key":"SMITH"},{"data":"MastersStateliness","floor":23,"key":"SMITH"},{"data":"BloodyMagicSquare","floor":25,"key":"SMITH"},{"data":"Stigmanizer","floor":32,"key":"SMITH"}],"circlet_count":0,"master_deck":["Strike_RM","Strike_RM","Strike_RM","Defend_RM","Defend_RM","Defend_RM","Defend_RM","RedMoon","ScarletShoot","Stigmanizer+1","VampireKiss+1","MastersStateliness+1","FavorOfDestiny","DiffusionOfMisfortune","BombardNight","VampireClaw","RedRainbow","VampireFantasy","QueenOfMidnight+1","BloodHunter","Ultimatum","VampireKiss","Discovery+1","Stigmanizer+1","ScarletDream+1","BloodyMagicSquare+1","BombardNight","FavorOfDestiny","ForecastOfChange","NightDance+1"],"relics":["ScarletHat","TungstenRod","PreservedInsect","Happy Flower","Bag of Marbles","Bottled Tornado","Philosopher\u0027s Stone","Nunchaku","Lizard Tail","Potion Belt","Tiny House","ScarletDevilRocket"],"acts_visited":["Exordium","TheCity","TheBeyond"],"potions_floor_usage":[22,33,38,40,40],"damage_taken":[{"damage":0.0,"enemies":"Jaw Worm","floor":1.0,"turns":4.0},{"damage":0.0,"enemies":"Cultist","floor":2.0,"turns":5.0},{"damage":2.0,"enemies":"Small Slimes","floor":5.0,"turns":5.0},{"damage":3.0,"enemies":"2 Fungi Beasts","floor":7.0,"turns":4.0},{"damage":8.0,"enemies":"Gremlin Nob","floor":8.0,"turns":4.0},{"damage":0.0,"enemies":"Blue Slaver","floor":10.0,"turns":3.0},{"damage":0.0,"enemies":"3 Sentries","floor":12.0,"turns":4.0},{"damage":24.0,"enemies":"Exordium Thugs","floor":13.0,"turns":4.0},{"damage":1.0,"enemies":"2 Fungi Beasts","floor":14.0,"turns":2.0},{"damage":13.0,"enemies":"Slime Boss","floor":16.0,"turns":11.0},{"damage":1,"enemies":"Shell Parasite","floor":18,"turns":3},{"damage":7,"enemies":"3 Byrds","floor":21,"turns":2},{"damage":24,"enemies":"Centurion and Healer","floor":22,"turns":5},{"damage":12,"enemies":"Gremlin Leader","floor":24,"turns":4},{"damage":25,"enemies":"Cultist and Chosen","floor":28,"turns":4},{"damage":63,"enemies":"Snake Plant","floor":29,"turns":2},{"damage":51,"enemies":"Slavers","floor":30,"turns":2},{"damage":35,"enemies":"Collector","floor":33,"turns":5},{"damage":42,"enemies":"Orb Walker","floor":35,"turns":1},{"damage":44,"enemies":"3 Shapes","floor":37,"turns":2},{"damage":42,"enemies":"3 Darklings","floor":38,"turns":4},{"damage":78,"enemies":"Donu and Deca","floor":40,"turns":4}],"seed_played":"-3607860554385713441","potions_obtained":[{"floor":2.0,"key":"SkillPotion"},{"floor":5.0,"key":"PowerPotion"},{"floor":13.0,"key":"SteroidPotion"},{"floor":13.0,"key":"Energy Potion"},{"floor":14.0,"key":"DistilledChaos"},{"floor":16.0,"key":"Explosive Potion"},{"floor":18,"key":"Weak Potion"},{"floor":24,"key":"SmokeBomb"},{"floor":24,"key":"LiquidMemories"},{"floor":28,"key":"Energy Potion"},{"floor":33,"key":"SteroidPotion"},{"floor":33,"key":"Energy Potion"},{"floor":35,"key":"Fruit Juice"},{"floor":38,"key":"SpeedPotion"},{"floor":38,"key":"LiquidMemories"}],"is_trial":false,"path_per_floor":["M","M","?","?","M","R","M","E","T","M","$","E","M","M","R","B",null,"M","$","?","M","M","R","E","R","T","$","M","M","E","$","R","B",null,"M","?","M","M","$","B",null],"character_chosen":"REMILIA","items_purchased":["RedRainbow","VampireFantasy","Discovery","Nunchaku","BombardNight","ForecastOfChange","ScarletDevilRocket"],"campfire_rested":0,"item_purchase_floors":[11,11,19,19,27,31,39],"current_hp_per_floor":[75,75,58,58,58,58,58,55,55,57,57,57,38,39,39,37,75,75,75,75,68,59,59,51,51,51,51,60,78,66,66,66,81,86,86,86,85,91,91,67],"gold":391,"neow_bonus":"ONE_RARE_RELIC","is_daily":false,"chose_seed":false,"campfire_upgraded":5,"win_rate":0.0,"timestamp":1611234173,"path_taken":["M","M","?","?","M","R","M","E","T","M","$","E","M","M","R","BOSS","M","$","?","?","?","R","E","R","T","$","M","M","E","$","R","BOSS","M","?","M","M","$","BOSS"],"items_purchased_type":["Card","Card","Card","Relic","Card","Card","Relic"],"build_version":"2020-12-22","purchased_purges":3,"victory":true,"max_hp_per_floor":[75,75,75,75,75,75,75,75,75,75,75,75,75,75,75,75,75,75,75,75,75,78,78,78,78,78,78,78,78,78,78,78,81,86,86,86,86,91,91,91],"card_choices":[{"not_picked":["StarOfDavid","RedMagic"],"picked":"Stigmanizer","floor":1.0},{"not_picked":["NightDance","UnstableMagic"],"picked":"VampireKiss","floor":2.0},{"not_picked":["RedNightlessCastle","BlasphemousPunishment"],"picked":"MastersStateliness","floor":2.0},{"not_picked":["NightDance","Stigmanizer"],"picked":"FavorOfDestiny","floor":5.0},{"not_picked":["ScarletDream","ChainGang"],"picked":"DiffusionOfMisfortune","floor":7.0},{"not_picked":["ScarletGensokyo","VampireKiss"],"picked":"BombardNight","floor":8.0},{"not_picked":["StarOfDavid","HunterOfTheNight"],"picked":"VampireClaw","floor":10.0},{"not_picked":["MastersStateliness","BloodAndWine"],"picked":"QueenOfMidnight","floor":12.0},{"not_picked":["GlobalNightmare","Septette"],"picked":"BloodHunter","floor":13.0},{"not_picked":["SuperhumanBloodyKnife","TwelveNightmare"],"picked":"Ultimatum","floor":14.0},{"not_picked":["DiffusionOfMisfortune+1","EternalNight+1"],"picked":"VampireKiss","floor":18},{"not_picked":["EndlessAdversity","BombardNight"],"picked":"Stigmanizer","floor":21},{"not_picked":["Septette","BloodyMagicSquare+1"],"picked":"ScarletDream+1","floor":22},{"not_picked":["ScarletNetherworld","UnstableMagic","TricksterDevil"],"picked":"SKIP","floor":22},{"not_picked":["GlobalNightmare","UnstableMagic+1"],"picked":"BloodyMagicSquare","floor":24},{"not_picked":["BloodyTrap","BloodHunter"],"picked":"FavorOfDestiny","floor":28},{"not_picked":["RedMagic","MastersStateliness+1","VampireSweep"],"picked":"SKIP","floor":29},{"not_picked":["MastersStateliness","ScarletDevil","VampireSweep"],"picked":"SKIP","floor":30},{"not_picked":["BloodyCatastrophe","ForecastOfChange"],"picked":"TransientEternity","floor":33},{"not_picked":["EmergencyRegeneration+1","HunterOfTheNight+1","FavorOfDestiny"],"picked":"SKIP","floor":35},{"not_picked":["BloodHunter+1","ScarletNetherworld"],"picked":"NightDance+1","floor":37},{"not_picked":["BloodyHallows","UnderTheZenith","ScarletDevil+1"],"picked":"SKIP","floor":38}],"player_experience":277436,"relics_obtained":[{"floor":8.0,"key":"Happy Flower"},{"floor":9.0,"key":"Bag of Marbles"},{"floor":12.0,"key":"Bottled Tornado"},{"floor":24,"key":"Lizard Tail"},{"floor":26,"key":"Potion Belt"}],"event_choices":[{"damage_healed":0.0,"max_hp_gain":0.0,"max_hp_loss":0.0,"gold_gain":0.0,"event_name":"Golden Idol","player_choice":"Take Damage","floor":3.0,"gold_loss":0.0,"damage_taken":18.0,"relics_obtained":["Golden Idol"]},{"damage_healed":0.0,"max_hp_gain":0.0,"max_hp_loss":0.0,"gold_gain":0.0,"event_name":"Big Fish","player_choice":"Box","floor":4.0,"gold_loss":0.0,"damage_taken":0.0,"relics_obtained":["PreservedInsect"],"cards_obtained":["Regret"]},{"damage_healed":0,"gold_gain":0,"player_choice":"Forge","damage_taken":0,"max_hp_gain":0,"max_hp_loss":0,"event_name":"Accursed Blacksmith","floor":20,"gold_loss":0,"cards_upgraded":["Discovery"]},{"damage_healed":0,"gold_gain":333,"player_choice":"Gave Idol","damage_taken":0,"max_hp_gain":0,"max_hp_loss":0,"event_name":"The Moai Head","floor":36,"relics_lost":["Golden Idol"],"gold_loss":0}],"is_beta":false,"boss_relics":[{"not_picked":["Black Star","Runic Pyramid"],"picked":"Philosopher\u0027s Stone"},{"not_picked":["Runesmith:UraniumAnvil","Sozu"],"picked":"Tiny House"}],"items_purged_floors":[11,27,39],"is_endless":false,"potions_floor_spawned":[2,5,13,14,16,18,24,28,35,38],"ascension_level":0}}