{"host":"njb27ds59h4j3ikk","time":1611270925,"event":{"mods":["AchievementEnabler","BaseMod","Better Altar","Better Match","Better Note","Better Sensory Stone","Better Skull","Better Third Choice","BetterRewards","Downfall","Hermit","Hubris","Minty Spire (QoL Compilation)","Permanent Neow","Quarter Circle Forward PUNCH!","Quick Restart","Rare Cards Sparkle","Shop Mod","StSLib","Trackpad","Transform Curses"],"gold_per_floor":[99,115,133,133,151,168,168,168,180,205,205,230,330,330,343,343,343,343],"floor_reached":16,"language":"ENG","playtime":1137,"items_purged":[],"score":118,"play_id":"5fa292fc-480e-470e-9874-75f3c1d8fc11","local_time":"20210121181525","is_ascension_mode":true,"campfire_choices":[{"data":"Guardian:CurlUp","floor":1.0,"key":"SMITH"},{"data":"Guardian:PiercingHide","floor":8.0,"key":"SMITH"},{"floor":11.0,"key":"REST"}],"circlet_count":0,"master_deck":["Guardian:Strike_Guardian+1","Guardian:Strike_Guardian+1","Guardian:Strike_Guardian","Guardian:Defend_Guardian","Guardian:Defend_Guardian","Guardian:Defend_Guardian","Guardian:Defend_Guardian","Guardian:CurlUp+1","Guardian:TwinSlam","Guardian:ChargeUp","Guardian:PiercingHide+1","Guardian:TemporalStrike","Guardian:Reroute","Guardian:CompilePackage","hubris:EnhanceAbility+1","Guardian:Gem_White"],"relics":["Guardian:ModeShifter","Omamori","Whetstone","Pen Nib","Blood Vial"],"acts_visited":["Exordium"],"potions_floor_usage":[16],"damage_taken":[{"damage":1.0,"enemies":"Cultist","floor":2.0,"turns":5.0},{"damage":6.0,"enemies":"2 Louse","floor":3.0,"turns":2.0},{"damage":3.0,"enemies":"Small Slimes","floor":5.0,"turns":4.0},{"damage":26.0,"enemies":"Gremlin Gang","floor":6.0,"turns":5.0},{"damage":13.0,"enemies":"Exordium Thugs","floor":9.0,"turns":5.0},{"damage":24.0,"enemies":"Lagavulin","floor":10.0,"turns":8.0},{"damage":4.0,"enemies":"3 Sentries","floor":12.0,"turns":7.0},{"damage":14,"enemies":"Gremlin Gang","floor":15,"turns":4},{"damage":18,"enemies":"IC_STATUS_ARCHETYPE","floor":16,"turns":13}],"seed_played":"-705852630142798331","potions_obtained":[{"floor":2.0,"key":"Dexterity Potion"},{"floor":3.0,"key":"sneckomod:MuddlingPotion"},{"floor":6.0,"key":"Guardian:AcceleratePotion"},{"floor":10.0,"key":"sneckomod:MuddlingPotion"}],"is_trial":false,"path_per_floor":["R","M","M","?","M","M","T","R","M","E","R","E","?","?","M","B"],"character_chosen":"GUARDIAN","items_purchased":[],"campfire_rested":1,"item_purchase_floors":[],"current_hp_per_floor":[80,79,73,73,70,44,44,44,31,7,31,27,27,27,15,0,0,0],"gold":343,"neow_bonus":"RANDOM_COMMON_RELIC","is_daily":false,"chose_seed":false,"campfire_upgraded":2,"win_rate":0.0,"timestamp":1611270925,"path_taken":["R","M","M","?","M","M","T","R","M","E","R","E","?","?","M","BOSS"],"items_purchased_type":[],"build_version":"2020-12-22","purchased_purges":0,"victory":false,"max_hp_per_floor":[80,80,80,80,80,80,80,80,80,80,80,80,80,80,80,80,80,80],"card_choices":[{"not_picked":["Guardian:Clone","Guardian:MultiBeam"],"picked":"Guardian:ChargeUp","floor":2.0},{"not_picked":["Guardian:CrystalBeam","Guardian:TimeCapacitor"],"picked":"Guardian:PiercingHide","floor":3.0},{"not_picked":["Guardian:GuardianWhirl","Guardian:Recover"],"picked":"Guardian:Gem_Lightblue","floor":5.0},{"not_picked":["Guardian:RollAttack","Guardian:Incinerate"],"picked":"Guardian:Gem_Red","floor":6.0},{"not_picked":["Guardian:Gem_Yellow","Guardian:ChargeCore"],"picked":"Guardian:TemporalStrike","floor":9.0},{"not_picked":["Guardian:PrismaticBarrier","Guardian:DonusPower"],"picked":"Guardian:Reroute","floor":10.0},{"not_picked":["Guardian:GuardianWhirl","Guardian:Incinerate"],"picked":"Guardian:CompilePackage","floor":12.0},{"not_picked":["Guardian:Suspension","Guardian:Gem_Lightblue"],"picked":"Guardian:Gem_White","floor":15}],"player_experience":1281815,"relics_obtained":[{"floor":7.0,"key":"Whetstone"},{"floor":10.0,"key":"Pen Nib"},{"floor":12.0,"key":"Blood Vial"}],"event_choices":[{"cards_removed":["Guardian:CompilePackage"],"damage_healed":0,"gold_gain":0,"player_choice":"Take \u0026 Give","damage_taken":0,"max_hp_gain":0,"max_hp_loss":0,"event_name":"betterNote:BetterNote","floor":14,"gold_loss":0,"cards_obtained":["hubris:EnhanceAbility"]}],"is_beta":false,"boss_relics":[],"items_purged_floors":[],"is_endless":false,"potions_floor_spawned":[2,3,6,10],"killed_by":"IC_STATUS_ARCHETYPE","ascension_level":1}}