{"host":"qxeepl7ydvsgmfdb","time":1611244086,"event":{"mods":["AchievementEnabler","BaseMod","Colored Powertips","Minty Spire (QoL Compilation)","Quick Restart","slay the spire mod where everything is the same but ironclad has a cowboy hat"],"gold_per_floor":[113,113,113,113,33,368,368,403,455,455,467,486,499,512,512,609,609,625,550,550,39,39,39,39,39,39],"floor_reached":25,"language":"ENG","playtime":666,"items_purged":[],"score":285,"play_id":"2e30d2b1-3e5a-4222-9413-148bc62850df","local_time":"20210121104806","is_ascension_mode":true,"campfire_choices":[{"data":"Fire Breathing","floor":7.0,"key":"SMITH"},{"data":"Flex","floor":10.0,"key":"SMITH"},{"data":"Feed","floor":15,"key":"SMITH"},{"data":"Juggernaut","floor":23,"key":"SMITH"}],"circlet_count":0,"master_deck":["Strike_R","Strike_R","Strike_R","Strike_R","Strike_R","Defend_R","Defend_R","Defend_R","Defend_R","Bash","Armaments+1","Fire Breathing+1","Flex+1","Wild Strike","True Grit","Feed+1","Juggernaut+1","Body Slam+1","Flex","Inflame"],"relics":["Burning Blood","NeowsBlessing","Oddly Smooth Stone","Old Coin","PreservedInsect","Art of War","Black Star","Darkstone Periapt","Matryoshka"],"acts_visited":["Exordium","TheCity"],"potions_floor_usage":[13,16,18],"damage_taken":[{"damage":0.0,"enemies":"2 Louse","floor":1.0,"turns":1.0},{"damage":0.0,"enemies":"Lagavulin","floor":6.0,"turns":1.0},{"damage":0.0,"enemies":"3 Sentries","floor":8.0,"turns":1.0},{"damage":11,"enemies":"Cultist","floor":11,"turns":5},{"damage":7,"enemies":"Jaw Worm","floor":12,"turns":3},{"damage":5,"enemies":"Large Slime","floor":13,"turns":5},{"damage":15,"enemies":"Exordium Thugs","floor":14,"turns":4},{"damage":60,"enemies":"Hexaghost","floor":16,"turns":10},{"damage":25,"enemies":"Spheric Guardian","floor":18,"turns":5},{"damage":23,"enemies":"2 Thieves","floor":24,"turns":4},{"damage":65,"enemies":"Centurion and Healer","floor":25,"turns":8}],"seed_played":"8009548785716908648","potions_obtained":[{"floor":8.0,"key":"Energy Potion"},{"floor":13,"key":"SpeedPotion"},{"floor":14,"key":"ColorlessPotion"},{"floor":16,"key":"Fire Potion"},{"floor":24,"key":"ElixirPotion"}],"is_trial":false,"path_per_floor":["M","$","?","?","$","E","R","E","T","R","M","M","M","M","R","B",null,"M","?","?","$","?","R","M","M"],"character_chosen":"IRONCLAD","items_purchased":["Fire Breathing","Darkstone Periapt","Matryoshka","Flex"],"campfire_rested":0,"item_purchase_floors":[5,21,21,21],"current_hp_per_floor":[80,80,80,80,80,80,80,80,80,80,75,74,75,66,66,12,80,65,65,49,49,77,77,60,0,0],"gold":39,"neow_bonus":"THREE_ENEMY_KILL","is_daily":false,"chose_seed":false,"campfire_upgraded":4,"win_rate":0.0,"timestamp":1611244086,"path_taken":["M","$","?","?","$","E","R","E","T","R","M","M","?","M","R","BOSS","M","?","?","$","?","R","M","?"],"items_purchased_type":["Card","Relic","Relic","Card"],"build_version":"2020-12-22","purchased_purges":0,"victory":false,"max_hp_per_floor":[80,80,80,80,80,80,80,80,80,80,80,80,80,80,80,80,80,84,84,84,84,84,84,84,84,84],"card_choices":[{"not_picked":["True Grit","Rampage"],"picked":"Armaments","floor":1.0},{"not_picked":["Entrench","Havoc","Uppercut"],"picked":"SKIP","floor":6.0},{"not_picked":["Armaments","Havoc"],"picked":"Flex","floor":8.0},{"not_picked":["True Grit","Armaments"],"picked":"Wild Strike","floor":11},{"not_picked":["Disarm","Heavy Blade","True Grit"],"picked":"SKIP","floor":12},{"not_picked":["Sever Soul","Feel No Pain"],"picked":"True Grit","floor":13},{"not_picked":["Rage","Spot Weakness"],"picked":"Feed","floor":14},{"not_picked":["Offering","Impervious"],"picked":"Juggernaut","floor":16},{"not_picked":["Pommel Strike","Havoc+1"],"picked":"Body Slam+1","floor":18},{"not_picked":["Wild Strike","Warcry+1"],"picked":"Inflame","floor":24}],"player_experience":195575,"relics_obtained":[{"floor":6.0,"key":"Old Coin"},{"floor":8.0,"key":"PreservedInsect"},{"floor":9.0,"key":"Art of War"}],"event_choices":[{"damage_healed":0.0,"max_hp_gain":0.0,"max_hp_loss":0.0,"gold_gain":0.0,"event_name":"Big Fish","player_choice":"Box","floor":3.0,"gold_loss":0.0,"damage_taken":0.0,"relics_obtained":["Oddly Smooth Stone"],"cards_obtained":["Regret"]},{"damage_healed":0.0,"max_hp_gain":0.0,"max_hp_loss":0.0,"gold_gain":0.0,"event_name":"Accursed Blacksmith","player_choice":"Forge","floor":4.0,"gold_loss":0.0,"damage_taken":0.0,"cards_upgraded":["Armaments"]},{"cards_removed":["Regret"],"damage_healed":0,"gold_gain":0,"player_choice":"Gave Gold","damage_taken":0,"max_hp_gain":0,"max_hp_loss":0,"event_name":"Beggar","floor":19,"gold_loss":75},{"damage_healed":0,"gold_gain":0,"player_choice":"Obtained Book","damage_taken":16,"max_hp_gain":0,"max_hp_loss":0,"event_name":"Cursed Tome","floor":20,"gold_loss":0},{"damage_healed":28,"gold_gain":0,"player_choice":"Heal","damage_taken":0,"max_hp_gain":0,"max_hp_loss":0,"event_name":"The Library","floor":22,"gold_loss":0}],"is_beta":false,"boss_relics":[{"not_picked":["SlaversCollar","Velvet Choker"],"picked":"Black Star"}],"items_purged_floors":[],"is_endless":false,"potions_floor_spawned":[8,13,14,16,24],"killed_by":"Centurion and Healer","ascension_level":2}}