{"host":"obplhmlw33xb91v8","time":1611194097,"event":{"mods":["AchievementEnabler","BaseMod","Block Reminder","Curses Come First","Dio Mod","Evolution","Friendly Minions","HololiveMod","Koishi","Minty Spire (QoL Compilation)","Quick Restart","Reimu??????","Relic Stats","Remilia??????","Shop Mod","Spicy Shops","StSLib","The Alterego","The Gatherer","The IronCluck","The Servant 0.9.4","The Wild Card","TheSwordswoman","Uncapped","Waifu the Spire","Yakumo Yukari mod","Yohane!","Youmu??????","Yuyuko","egg"],"gold_per_floor":[115,134,134,37,49,49,66,95,95,112,128,146,146,159,159,159,159],"floor_reached":16,"language":"ENG","playtime":561,"items_purged":[],"score":133,"play_id":"0de65f63-b529-4620-8fdc-322a572139fd","local_time":"20210120205457","is_ascension_mode":true,"campfire_choices":[{"data":"Spot Weakness","floor":6,"key":"SMITH"},{"floor":15,"key":"REST"}],"circlet_count":0,"master_deck":["Strike_R","Strike_R","Strike_R","Strike_R","Strike_R","Defend_R","Defend_R","Defend_R","Defend_R","Bash","Spot Weakness+1","Inflame","Shrug It Off","Barricade","Heavy Blade","Thunderclap","Pummel","Anger","Heavy Blade","Heavy Blade","Dual Wield","Dual Wield"],"relics":["Burning Blood","EVO:Axolotl","NeowsBlessing","HornCleat","Lantern","Unceasing Top"],"acts_visited":["Exordium"],"potions_floor_usage":[10,16],"damage_taken":[{"damage":0,"enemies":"Cultist","floor":1,"turns":1},{"damage":0,"enemies":"2 Louse","floor":2,"turns":1},{"damage":0,"enemies":"Jaw Worm","floor":5,"turns":1},{"damage":10,"enemies":"Exordium Thugs","floor":7,"turns":5},{"damage":40,"enemies":"Lagavulin","floor":8,"turns":6},{"damage":18,"enemies":"Red Slaver","floor":10,"turns":5},{"damage":8,"enemies":"Large Slime","floor":11,"turns":7},{"damage":4,"enemies":"2 Fungi Beasts","floor":12,"turns":3},{"damage":0,"enemies":"Exordium Wildlife","floor":14,"turns":3},{"damage":65,"enemies":"The Guardian","floor":16,"turns":9}],"seed_played":"-7379271048479654290","potions_obtained":[{"floor":1,"key":"Dexterity Potion"},{"floor":10,"key":"GrandPatriotsElixir:ReiMu"},{"floor":11,"key":"SmokeBomb"}],"is_trial":false,"path_per_floor":["M","M","T","$","M","R","M","E","T","M","M","M","?","M","R","B"],"character_chosen":"IRONCLAD","items_purchased":["Fruit Juice"],"campfire_rested":1,"item_purchase_floors":[4],"current_hp_per_floor":[80,80,80,80,80,80,76,42,42,35,33,35,35,41,66,1,1],"gold":159,"neow_bonus":"THREE_ENEMY_KILL","is_daily":false,"chose_seed":false,"campfire_upgraded":1,"win_rate":0.0,"timestamp":1611194097,"path_taken":["M","?","?","$","M","R","M","E","T","M","M","M","?","M","R","BOSS"],"items_purchased_type":["Potion"],"build_version":"2020-12-22","purchased_purges":0,"victory":false,"max_hp_per_floor":[80,80,80,80,80,80,80,80,80,85,85,85,85,85,85,85,85],"relic_stats":{"counters":[10,41],"obtain_stats":[{"Lantern":8,"HornCleat":3,"NeowsBlessing":0,"EVO:Axolotl":0,"Burning Blood":0,"Unceasing Top":9},{"Lantern":5,"HornCleat":2,"NeowsBlessing":0,"EVO:Axolotl":0,"Burning Blood":0,"Unceasing Top":5},{"Lantern":14,"HornCleat":2,"NeowsBlessing":0,"EVO:Axolotl":0,"Burning Blood":0,"Unceasing Top":14}],"Burning Blood":36,"Unceasing Top":[0]},"card_choices":[{"not_picked":["Disarm","Cleave"],"picked":"Spot Weakness","floor":1},{"not_picked":["Power Through","Reckless Charge"],"picked":"Inflame","floor":2},{"not_picked":["Sword Boomerang","Armaments"],"picked":"Shrug It Off","floor":5},{"not_picked":["Perfected Strike","Dark Embrace","Armaments"],"picked":"SKIP","floor":7},{"not_picked":["Ghostly Armor","Flame Barrier"],"picked":"Barricade","floor":8},{"not_picked":["Spot Weakness","Thunderclap"],"picked":"Heavy Blade","floor":10},{"not_picked":["Wild Strike","Anger"],"picked":"Thunderclap","floor":11},{"not_picked":["Shrug It Off","Uppercut"],"picked":"Pummel","floor":12},{"not_picked":["Wild Strike","Feel No Pain","Heavy Blade"],"picked":"SKIP","floor":14}],"player_experience":250318,"relics_obtained":[{"floor":3,"key":"HornCleat"},{"floor":8,"key":"Lantern"},{"floor":9,"key":"Unceasing Top"}],"event_choices":[],"is_beta":false,"boss_relics":[],"items_purged_floors":[],"is_endless":false,"potions_floor_spawned":[1,10,11,12],"killed_by":"The Guardian","ascension_level":5}}