{"host":"xkmvu47k9fdstweo","time":1611193005,"event":{"mods":["BaseMod","Colored Map","Conspire","Hubris","Minty Spire (QoL Compilation)","Quick Restart","Railgun Mod","Shop Mod","StSLib","The Alterego","The Animator","The Servant 0.9.4","The Wild Card","TheBandit","WarShipGirlsR/??è≠èóR mod","vexMod"],"gold_per_floor":[26,26,46,121,121,121,154,154,154,172,172,190,222,70,70,70,70],"floor_reached":16,"language":"ENG","playtime":639,"items_purged":[],"score":135,"play_id":"91b0d708-6049-4727-a14e-47decbe7ebb3","local_time":"20210120203645","is_ascension_mode":true,"campfire_choices":[{"data":"animator:Megumin","floor":6.0,"key":"SMITH"},{"data":"animator:Envy","floor":8.0,"key":"SMITH"},{"floor":11.0,"key":"REST"},{"floor":15.0,"key":"REST"}],"circlet_count":0,"master_deck":["animator:Strike_Fate","animator:Defend_Fate+1","animator:Strike","animator:Strike","animator:Strike+1","animator:Defend","animator:Defend","animator:Defend","animator:Alexander","animator:Rider","animator:UneriGinkaku","animator:Megumin+2","animator:Envy+1","animator:Melzalgald","animator:Chung","animator:Father"],"relics":["animator:LivingPicture","animator:TheMissingPiece","animator:PurgingStone","StoneCalendar","Art of War","Ice Cream","Gremlin Horn"],"acts_visited":["Exordium"],"potions_floor_usage":[],"damage_taken":[{"damage":0.0,"enemies":"2 Louse","floor":1.0,"turns":4.0},{"damage":0.0,"enemies":"Small Slimes","floor":3.0,"turns":2.0},{"damage":22.0,"enemies":"3 Sentries","floor":7.0,"turns":7.0},{"damage":0.0,"enemies":"Jaw Worm","floor":10.0,"turns":6.0},{"damage":5.0,"enemies":"Exordium Wildlife","floor":12.0,"turns":3.0},{"damage":37.0,"enemies":"Gremlin Nob","floor":13.0,"turns":6.0},{"damage":33,"enemies":"Hexaghost","floor":16,"turns":9}],"seed_played":"-6346514416209523777","potions_obtained":[{"floor":3.0,"key":"Ancient Potion"},{"floor":12.0,"key":"conspire:TimeTravelPotion"},{"floor":13.0,"key":"SpeedPotion"}],"is_trial":false,"path_per_floor":["M","?","M","?","?","R","E","R","T","M","R","M","E","$","R","B"],"character_chosen":"THE_ANIMATOR","items_purchased":["animator:Father"],"campfire_rested":2,"item_purchase_floors":[14],"current_hp_per_floor":[66,66,66,55,42,42,20,20,20,20,39,34,13,13,32,0,0],"gold":70,"neow_bonus":"ONE_RARE_RELIC","is_daily":false,"chose_seed":false,"campfire_upgraded":2,"win_rate":0.0,"timestamp":1611193005,"path_taken":["M","?","M","?","?","R","E","R","T","M","R","M","E","?","R","BOSS"],"items_purchased_type":["Card"],"build_version":"2020-12-22","purchased_purges":0,"victory":false,"max_hp_per_floor":[66,66,66,66,66,66,66,66,66,66,66,66,66,66,66,66,66],"card_choices":[{"not_picked":["animator:Assassin","animator:ZankiKiguchi"],"picked":"animator:UneriGinkaku","floor":1.0},{"not_picked":["animator:OrikoMikuni","animator:Kaijin"],"picked":"animator:Megumin","floor":3.0},{"not_picked":["animator:PandorasActor","animator:Togame"],"picked":"animator:Envy","floor":7.0},{"not_picked":["animator:MumenRider","animator:Geryuganshoop"],"picked":"animator:Melzalgald","floor":10.0},{"not_picked":["animator:Rena","animator:Entoma"],"picked":"animator:Chung","floor":12.0},{"not_picked":["animator:YaoHaDucy","animator:Yoichi","animator:Eve"],"picked":"SKIP","floor":13.0}],"player_experience":362056,"relics_obtained":[{"floor":7.0,"key":"Art of War"},{"floor":9.0,"key":"Ice Cream"},{"floor":13.0,"key":"Gremlin Horn"}],"event_choices":[{"damage_healed":0.0,"max_hp_gain":0.0,"max_hp_loss":0.0,"gold_gain":0.0,"event_name":"conspire:Investor","player_choice":"Leave","floor":2.0,"gold_loss":0.0,"damage_taken":0.0},{"damage_healed":0.0,"max_hp_gain":0.0,"max_hp_loss":0.0,"gold_gain":75.0,"event_name":"World of Goop","player_choice":"Gather Gold","floor":4.0,"gold_loss":0.0,"damage_taken":11.0},{"damage_healed":0.0,"max_hp_gain":0.0,"max_hp_loss":0.0,"gold_gain":0.0,"event_name":"Shining Light","player_choice":"Entered Light","floor":5.0,"gold_loss":0.0,"damage_taken":13.0,"cards_upgraded":["animator:Strike","animator:Defend_Fate"]}],"is_beta":false,"boss_relics":[],"items_purged_floors":[],"is_endless":false,"potions_floor_spawned":[3,12,13],"killed_by":"Hexaghost","ascension_level":5}}