{"host":"w3q5ijqu8eoknil3","time":1611249012,"event":{"mods":["AchievementEnabler","BaseMod","Block Reminder","Colored Map","Colored Powertips","Curses Come First","Dark Map","Minty Spire (QoL Compilation)","Quick Restart","Relic Stats","StSLib","ojb\u0027s Better Paths Mod","ojb\u0027s Info Mod","slay the spire mod where everything is the same but ironclad has a cowboy hat"],"gold_per_floor":[119,131,131,131,145,145,161,177,229,249,85,85,85,85,85],"floor_reached":14,"language":"ENG","playtime":291,"items_purged":["Strike_G"],"score":160,"play_id":"5c9bf386-17cb-4358-aacf-3db46c17344d","local_time":"20210121171012","is_ascension_mode":true,"campfire_choices":[{"data":"Backstab","floor":6,"key":"SMITH"}],"circlet_count":0,"master_deck":["AscendersBane","Strike_G","Strike_G","Strike_G","Defend_G","Defend_G","Defend_G","Defend_G","Defend_G","Survivor","Neutralize","Blade Dance","Bane","Backstab+1","Bullet Time","Acrobatics","Footwork"],"relics":["Ring of the Snake","NeowsBlessing","Vajra"],"acts_visited":["Exordium"],"potions_floor_usage":[7,13],"damage_taken":[{"damage":0,"enemies":"Small Slimes","floor":1,"turns":1},{"damage":0,"enemies":"Jaw Worm","floor":2,"turns":1},{"damage":0,"enemies":"Cultist","floor":5,"turns":1},{"damage":44,"enemies":"Gremlin Gang","floor":7,"turns":5},{"damage":1,"enemies":"2 Fungi Beasts","floor":8,"turns":3},{"damage":1,"enemies":"Blue Slaver","floor":10,"turns":3},{"damage":0,"enemies":"Large Slime","floor":13,"turns":3},{"damage":6,"enemies":"Lagavulin","floor":14,"turns":2}],"seed_played":"5276118514675922124","potions_obtained":[{"floor":2,"key":"Explosive Potion"},{"floor":7,"key":"Weak Potion"},{"floor":10,"key":"SmokeBomb"}],"is_trial":false,"path_per_floor":["M","M","?","?","M","R","M","M","T","M","$","?","M","E"],"character_chosen":"THE_SILENT","items_purchased":["Footwork"],"campfire_rested":0,"item_purchase_floors":[11],"current_hp_per_floor":[59,59,59,59,59,59,15,14,14,13,13,2,2,0,0],"gold":85,"neow_bonus":"THREE_ENEMY_KILL","is_daily":false,"chose_seed":false,"campfire_upgraded":1,"win_rate":0.0,"timestamp":1611249012,"path_taken":["M","M","?","?","?","R","?","M","T","M","$","?","M","E"],"items_purchased_type":["Card"],"build_version":"2020-12-22","purchased_purges":1,"victory":false,"max_hp_per_floor":[66,66,66,66,66,66,66,66,66,66,66,66,66,66,66],"relic_stats":{"counters":[8,19],"obtain_stats":[{"NeowsBlessing":0,"Vajra":9,"Ring of the Snake":0},{"NeowsBlessing":0,"Vajra":5,"Ring of the Snake":0},{"NeowsBlessing":0,"Vajra":11,"Ring of the Snake":0}],"Ring of the Snake":[16]},"card_choices":[{"not_picked":["Accuracy","PiercingWail"],"picked":"Blade Dance","floor":1},{"not_picked":["Deflect","PiercingWail"],"picked":"Bane","floor":2},{"not_picked":["PiercingWail","Flechettes"],"picked":"Backstab","floor":5},{"not_picked":["Dagger Throw","Sucker Punch"],"picked":"Bullet Time","floor":7},{"not_picked":["Dagger Throw","Bane","Quick Slash"],"picked":"SKIP","floor":8},{"not_picked":["PiercingWail","Underhanded Strike"],"picked":"Acrobatics","floor":10}],"player_experience":1007436,"relics_obtained":[{"floor":9,"key":"Vajra"}],"event_choices":[{"damage_healed":0,"gold_gain":0,"player_choice":"Leave","damage_taken":0,"max_hp_gain":0,"max_hp_loss":0,"event_name":"The Cleric","floor":3,"gold_loss":0},{"cards_removed":["Strike_G"],"damage_healed":0,"gold_gain":0,"player_choice":"Offered Basic","damage_taken":0,"max_hp_gain":0,"max_hp_loss":0,"event_name":"Bonfire Elementals","floor":4,"gold_loss":0},{"damage_healed":0,"gold_gain":0,"player_choice":"Fled","damage_taken":11,"max_hp_gain":0,"max_hp_loss":0,"event_name":"Scrap Ooze","floor":12,"gold_loss":0}],"is_beta":false,"boss_relics":[],"items_purged_floors":[11],"is_endless":false,"potions_floor_spawned":[2,7,10,13],"killed_by":"Lagavulin","ascension_level":18}}