{"host":"6a9c3xws62y7efyw","time":1611202716,"event":{"mods":["BaseMod","Minty Spire (QoL Compilation)","Relic Stats","StSLib"],"gold_per_floor":[367,367,11,28,28,28,54,54,80,92,117,117,136,148,148,221,221,263,188,17,61,61,123,123,179,206,242,242,255,3,68,68,171,171,250,292,332,394,434,493,493,584,584,634,18,60,101,137,137,137,162,162,162,11,43,43],"floor_reached":57,"language":"ENG","playtime":3759,"items_purged":["Defend_P"],"score":3278,"play_id":"0caa8832-9990-4a59-baa4-6c278bdd0508","local_time":"20210120201836","is_ascension_mode":true,"campfire_choices":[{"data":"EmptyFist","floor":6.0,"key":"SMITH"},{"data":"Adaptation","floor":8.0,"key":"SMITH"},{"floor":15.0,"key":"REST"},{"data":"Vault","floor":28.0,"key":"SMITH"},{"floor":32.0,"key":"RECALL"},{"floor":41.0,"key":"REST"},{"floor":49,"key":"REST"},{"floor":53,"key":"REST"}],"circlet_count":0,"master_deck":["AscendersBane","Strike_P","Strike_P","Strike_P","Strike_P","Defend_P","Defend_P","Eruption","Vigilance","Weave","Apotheosis+1","EmptyFist+1","Adaptation+1","Tantrum","CutThroughFate","JustLucky","Wireheading","Wish","Protect","Wallop","Necronomicurse","Vault+1","Ghostly","Ghostly","Ghostly","Conclude","WaveOfTheHand+1","WheelKick","InnerPeace","Omniscience","Vault","CutThroughFate","Protect+1","Vault","Wallop","FlurryOfBlows","CrushJoints+1","Tantrum","Nirvana","CutThroughFate","FearNoEvil","SpiritShield","Meditate","TalkToTheHand"],"relics":["PureWater","ClockworkSouvenir","InkBottle","CloakClasp","Sozu","Bag of Preparation","Necronomicon","Ice Cream","Sundial","Bronze Scales","Centennial Puzzle","Fusion Hammer","Nunchaku","Strawberry","Ornamental Fan","Vajra","Torii","Pen Nib","HornCleat"],"acts_visited":["Exordium","TheCity","TheBeyond","TheEnding"],"potions_floor_usage":[56,56],"damage_taken":[{"damage":7.0,"enemies":"Small Slimes","floor":1.0,"turns":4.0},{"damage":0.0,"enemies":"2 Louse","floor":4.0,"turns":1.0},{"damage":4.0,"enemies":"3 Sentries","floor":7.0,"turns":9.0},{"damage":4.0,"enemies":"Jaw Worm","floor":10.0,"turns":2.0},{"damage":24.0,"enemies":"Lagavulin","floor":11.0,"turns":5.0},{"damage":0.0,"enemies":"3 Louse","floor":13.0,"turns":1.0},{"damage":5.0,"enemies":"Exordium Thugs","floor":14.0,"turns":3.0},{"damage":5.0,"enemies":"Hexaghost","floor":16.0,"turns":6.0},{"damage":4.0,"enemies":"2 Thieves","floor":18.0,"turns":4.0},{"damage":0.0,"enemies":"Chosen","floor":21.0,"turns":2.0},{"damage":3.0,"enemies":"Book of Stabbing","floor":23.0,"turns":3.0},{"damage":0.0,"enemies":"Slavers","floor":25.0,"turns":6.0},{"damage":0.0,"enemies":"3 Cultists","floor":27.0,"turns":5.0},{"damage":0.0,"enemies":"Snake Plant","floor":29.0,"turns":3.0},{"damage":0.0,"enemies":"Gremlin Leader","floor":31.0,"turns":4.0},{"damage":0.0,"enemies":"Automaton","floor":33.0,"turns":6.0},{"damage":0.0,"enemies":"3 Darklings","floor":35.0,"turns":5.0},{"damage":0.0,"enemies":"3 Shapes","floor":36.0,"turns":5.0},{"damage":0.0,"enemies":"Sphere and 2 Shapes","floor":37.0,"turns":4.0},{"damage":0.0,"enemies":"Spire Growth","floor":38.0,"turns":5.0},{"damage":0.0,"enemies":"4 Shapes","floor":39.0,"turns":5.0},{"damage":0.0,"enemies":"Giant Head","floor":40.0,"turns":7.0},{"damage":0.0,"enemies":"Nemesis","floor":42.0,"turns":6.0},{"damage":0.0,"enemies":"Reptomancer","floor":44.0,"turns":5.0},{"damage":0.0,"enemies":"3 Darklings","floor":46.0,"turns":3.0},{"damage":0,"enemies":"Transient","floor":47,"turns":8},{"damage":0,"enemies":"Spire Growth","floor":48,"turns":3},{"damage":0,"enemies":"Donu and Deca","floor":50,"turns":6},{"damage":2,"enemies":"Awakened One","floor":51,"turns":7},{"damage":0,"enemies":"Shield and Spear","floor":55,"turns":4},{"damage":13,"enemies":"The Heart","floor":56,"turns":7}],"seed_played":"8358792971577997363","potions_obtained":[{"floor":4.0,"key":"Dexterity Potion"},{"floor":11.0,"key":"Ambrosia"},{"floor":13.0,"key":"GamblersBrew"},{"floor":16.0,"key":"Dexterity Potion"}],"is_trial":false,"path_per_floor":["M","?","$","M","?","R","E","R","T","M","E","?","M","M","R","B",null,"M","?","$","M","?","E","?","E","T","M","R","M","$","E","R","B",null,"M","M","M","M","M","E","R","E","T","E","$","M","M","M","R","B","B",null,"R","$","E","B",null],"character_chosen":"WATCHER","items_purchased":["ClockworkSouvenir","Apotheosis","Bag of Preparation","InnerPeace","Omniscience","Torii","Pen Nib","Nirvana","CutThroughFate","Meditate"],"campfire_rested":4,"item_purchase_floors":[3,3,20,30,30,45,45,45,45,54],"current_hp_per_floor":[36,41,41,41,41,41,37,37,37,33,9,9,9,4,25,20,60,56,56,56,56,35,32,32,32,32,32,32,32,32,32,32,32,35,35,35,35,35,35,35,36,43,43,43,43,43,43,43,43,43,41,43,43,43,43,30],"gold":43,"neow_bonus":"TWO_FIFTY_GOLD","is_daily":false,"chose_seed":false,"campfire_upgraded":3,"win_rate":0.0,"timestamp":1611202716,"path_taken":["M","?","$","M","?","R","E","R","T","M","E","?","M","M","R","BOSS","M","?","$","M","?","E","?","E","T","M","R","M","?","E","R","BOSS","M","M","M","M","M","E","R","E","T","E","$","M","M","M","R","BOSS","BOSS","R","$","E","BOSS"],"items_purchased_type":["Relic","Card","Relic","Card","Card","Relic","Relic","Card","Card","Card"],"build_version":"2020-12-22","purchased_purges":1,"victory":true,"max_hp_per_floor":[68,73,73,73,73,73,73,73,73,73,73,73,73,73,73,73,73,73,73,73,73,73,73,36,36,36,36,36,36,36,36,36,36,36,36,36,36,36,36,36,36,43,43,43,43,43,43,43,43,43,43,43,43,43,43,43],"relic_stats":{"Torii":0,"counters":[31,144],"Pen Nib":[15],"CloakClasp":[425],"Bag of Preparation":[44],"Sozu":7,"Centennial Puzzle":[5],"Nunchaku":[18],"Sundial":[8],"Ornamental Fan":[172],"Bronze Scales":[198],"Necronomicon":[39],"obtain_stats":[{"Ice Cream":23,"Torii":45,"Vajra":44,"Pen Nib":45,"CloakClasp":11,"Bag of Preparation":20,"ClockworkSouvenir":3,"Sozu":17,"Centennial Puzzle":31,"Nunchaku":40,"HornCleat":55,"Sundial":25,"Ornamental Fan":43,"Bronze Scales":26,"Strawberry":42,"Fusion Hammer":34,"Necronomicon":22,"PureWater":0,"InkBottle":7},{"Ice Cream":11,"Torii":24,"Vajra":24,"Pen Nib":24,"CloakClasp":5,"Bag of Preparation":9,"ClockworkSouvenir":1,"Sozu":8,"Centennial Puzzle":15,"Nunchaku":22,"HornCleat":30,"Sundial":12,"Ornamental Fan":23,"Bronze Scales":12,"Strawberry":23,"Fusion Hammer":16,"Necronomicon":10,"PureWater":0,"InkBottle":3},{"Ice Cream":40,"Torii":106,"Vajra":106,"Pen Nib":106,"CloakClasp":21,"Bag of Preparation":35,"ClockworkSouvenir":4,"Sozu":31,"Centennial Puzzle":58,"Nunchaku":95,"HornCleat":137,"Sundial":46,"Ornamental Fan":101,"Bronze Scales":46,"Strawberry":101,"Fusion Hammer":64,"Necronomicon":37,"PureWater":0,"InkBottle":14}],"InkBottle":[62]},"card_choices":[{"not_picked":["Crescendo","LikeWater"],"picked":"Weave","floor":1.0},{"not_picked":["FearNoEvil","Prostrate"],"picked":"EmptyFist","floor":4.0},{"not_picked":["ClearTheMind","FollowUp"],"picked":"Adaptation","floor":7.0},{"not_picked":["Halt","SignatureMove"],"picked":"Tantrum","floor":10.0},{"not_picked":["DeceiveReality","ThirdEye"],"picked":"CutThroughFate","floor":11.0},{"not_picked":["Evaluate","Halt"],"picked":"JustLucky","floor":13.0},{"not_picked":["Adaptation","EmptyFist"],"picked":"Wireheading","floor":14.0},{"not_picked":["SpiritShield","Alpha"],"picked":"Wish","floor":16.0},{"not_picked":["CarveReality","BowlingBash"],"picked":"Protect","floor":18.0},{"not_picked":["Prostrate","WaveOfTheHand"],"picked":"Wallop","floor":21.0},{"not_picked":["Protect","SandsOfTime"],"picked":"Vault","floor":23.0},{"not_picked":["Nirvana","FlurryOfBlows"],"picked":"Conclude","floor":25.0},{"not_picked":["Crescendo","EmptyBody"],"picked":"WaveOfTheHand+1","floor":27.0},{"not_picked":["SignatureMove","EmptyFist"],"picked":"WheelKick","floor":29.0},{"not_picked":["Collect","InnerPeace","DeceiveReality"],"picked":"SKIP","floor":31.0},{"not_picked":["Wish","Omniscience"],"picked":"Vault","floor":33.0},{"not_picked":["Crescendo","Halt"],"picked":"CutThroughFate","floor":35.0},{"not_picked":["BowlingBash","EmptyFist"],"picked":"Protect+1","floor":36.0},{"not_picked":["Evaluate+1","BowlingBash","Prostrate"],"picked":"SKIP","floor":37.0},{"not_picked":["Halt","CrushJoints+1"],"picked":"Vault","floor":38.0},{"not_picked":["Halt","EmptyBody+1"],"picked":"Wallop","floor":39.0},{"not_picked":["Protect+1","CrushJoints"],"picked":"FlurryOfBlows","floor":40.0},{"not_picked":["FlurryOfBlows","Halt"],"picked":"CrushJoints+1","floor":42.0},{"not_picked":["Adaptation","CrushJoints"],"picked":"Tantrum","floor":44.0},{"not_picked":["DeceiveReality","ThirdEye"],"picked":"FearNoEvil","floor":46.0},{"not_picked":["FollowUp","CrushJoints+1"],"picked":"SpiritShield","floor":47},{"not_picked":["FlurryOfBlows+1","Prostrate","Tantrum+1"],"picked":"SKIP","floor":48},{"not_picked":["BowlingBash","JustLucky"],"picked":"TalkToTheHand","floor":55}],"player_experience":1384923,"relics_obtained":[{"floor":7.0,"key":"InkBottle"},{"floor":11.0,"key":"CloakClasp"},{"floor":22.0,"key":"Necronomicon"},{"floor":23.0,"key":"Ice Cream"},{"floor":25.0,"key":"Sundial"},{"floor":26.0,"key":"Bronze Scales"},{"floor":31.0,"key":"Centennial Puzzle"},{"floor":40.0,"key":"Nunchaku"},{"floor":42.0,"key":"Strawberry"},{"floor":43.0,"key":"Ornamental Fan"},{"floor":44.0,"key":"Vajra"},{"floor":55,"key":"HornCleat"}],"event_choices":[{"damage_healed":0.0,"max_hp_gain":5.0,"max_hp_loss":0.0,"gold_gain":0.0,"event_name":"Big Fish","player_choice":"Donut","floor":2.0,"gold_loss":0.0,"damage_taken":0.0},{"damage_healed":0.0,"max_hp_gain":0.0,"max_hp_loss":0.0,"gold_gain":0.0,"event_name":"Living Wall","player_choice":"Grow","floor":5.0,"gold_loss":0.0,"damage_taken":0.0,"cards_upgraded":["Apotheosis"]},{"damage_healed":0.0,"max_hp_gain":0.0,"max_hp_loss":0.0,"gold_gain":0.0,"event_name":"Shining Light","player_choice":"Ignored","floor":12.0,"gold_loss":0.0,"damage_taken":0.0},{"cards_removed":["Defend_P"],"damage_healed":0.0,"max_hp_gain":0.0,"max_hp_loss":0.0,"gold_gain":0.0,"event_name":"Beggar","player_choice":"Gave Gold","floor":19.0,"gold_loss":75.0,"damage_taken":0.0},{"damage_healed":0.0,"max_hp_gain":0.0,"max_hp_loss":0.0,"gold_gain":0.0,"event_name":"Cursed Tome","player_choice":"Obtained Book","floor":22.0,"gold_loss":0.0,"damage_taken":21.0},{"damage_healed":0.0,"max_hp_gain":0.0,"max_hp_loss":37.0,"gold_gain":0.0,"event_name":"Ghosts","player_choice":"Became a Ghost","floor":24.0,"gold_loss":0.0,"damage_taken":0.0,"cards_obtained":["Ghostly","Ghostly","Ghostly"]}],"is_beta":false,"boss_relics":[{"not_picked":["Ectoplasm","Runic Dome"],"picked":"Sozu"},{"not_picked":["Velvet Choker","Calling Bell"],"picked":"Fusion Hammer"}],"items_purged_floors":[54],"is_endless":false,"potions_floor_spawned":[4,11,13,16,21,23,33,36,38,46,48],"ascension_level":20}}