{"host":"3oax8yz66k5njorr","time":1611220108,"event":{"mods":["AchievementEnabler","BaseMod","Colored Map","Colored Powertips","DeckTracker","Minty Spire (QoL Compilation)","Rare Cards Sparkle"],"gold_per_floor":[119,26,41,52,68,95,95,120,143,143,153,185,185,195,195,291,291,311,323,144,163,180,180,193,193,247,276,286,302,302,334,334,437,487,499,515,62,113,124,124,124,157,157,192,192,207,240,52,52,52],"floor_reached":51,"language":"KOR","playtime":2944,"items_purged":["Strike_B","Strike_B","Strike_B"],"score":799,"play_id":"1671d747-6639-46a9-bdd5-9c872047fdce","local_time":"20210121180828","is_ascension_mode":false,"campfire_choices":[{"data":"Zap","floor":7.0,"key":"SMITH"},{"data":"Consume","floor":10.0,"key":"SMITH"},{"floor":15.0,"key":"REST"},{"data":"Creative AI","floor":23.0,"key":"SMITH"},{"data":"Coolheaded","floor":25.0,"key":"SMITH"},{"data":"Dualcast","floor":30.0,"key":"SMITH"},{"floor":32.0,"key":"REST"},{"floor":40.0,"key":"REST"},{"data":"Echo Form","floor":41.0,"key":"SMITH"},{"data":"Coolheaded","floor":45,"key":"SMITH"},{"data":"Hologram","floor":49,"key":"SMITH"}],"circlet_count":0,"master_deck":["Strike_B","Defend_B","Defend_B","Defend_B+1","Defend_B+1","Zap+1","Dualcast+1","Consume+1","Coolheaded+1","Go for the Eyes","Conserve Battery","Sweeping Beam","Reboot","Glacier","Capacitor","Ball Lightning","Creative AI+1","Self Repair","Electrodynamics","Skim","Tempest","Barrage","Glacier+1","Amplify+1","Hologram+1","Consume","Seek","Melter","Coolheaded+1","Echo Form+1","Conserve Battery","White Noise+1","Conserve Battery+1","Blizzard","Loop+1"],"relics":["Cracked Core","War Paint","The Courier","Nunchaku","Happy Flower","Centennial Puzzle","Inserter","Chemical X","Bag of Marbles","WingedGreaves","CaptainsWheel","Tiny House","Anchor","Bird Faced Urn","Prayer Wheel","Mercury Hourglass","Frozen Egg 2","Pantograph","Pen Nib"],"acts_visited":["Exordium","TheCity","TheBeyond"],"potions_floor_usage":[50,50],"damage_taken":[{"damage":6.0,"enemies":"Jaw Worm","floor":1.0,"turns":4.0},{"damage":0.0,"enemies":"Cultist","floor":3.0,"turns":3.0},{"damage":1.0,"enemies":"Small Slimes","floor":4.0,"turns":4.0},{"damage":3.0,"enemies":"Blue Slaver","floor":5.0,"turns":4.0},{"damage":14.0,"enemies":"3 Sentries","floor":6.0,"turns":4.0},{"damage":11.0,"enemies":"Lagavulin","floor":8.0,"turns":5.0},{"damage":0.0,"enemies":"Looter","floor":11.0,"turns":4.0},{"damage":12.0,"enemies":"Gremlin Nob","floor":12.0,"turns":6.0},{"damage":0.0,"enemies":"3 Louse","floor":14.0,"turns":4.0},{"damage":25.0,"enemies":"The Guardian","floor":16.0,"turns":11.0},{"damage":20.0,"enemies":"2 Thieves","floor":18.0,"turns":4.0},{"damage":0.0,"enemies":"Shell Parasite","floor":19.0,"turns":6.0},{"damage":15.0,"enemies":"Centurion and Healer","floor":21.0,"turns":5.0},{"damage":0.0,"enemies":"Chosen and Byrds","floor":22.0,"turns":5.0},{"damage":4.0,"enemies":"Snecko","floor":24.0,"turns":5.0},{"damage":47.0,"enemies":"Gremlin Leader","floor":27.0,"turns":7.0},{"damage":12.0,"enemies":"Snake Plant","floor":28.0,"turns":4.0},{"damage":0.0,"enemies":"Centurion and Healer","floor":29.0,"turns":5.0},{"damage":26.0,"enemies":"Book of Stabbing","floor":31.0,"turns":5.0},{"damage":3.0,"enemies":"Collector","floor":33.0,"turns":13.0},{"damage":0.0,"enemies":"Orb Walker","floor":35.0,"turns":3.0},{"damage":4.0,"enemies":"3 Shapes","floor":36.0,"turns":3.0},{"damage":40.0,"enemies":"2 Orb Walkers","floor":38.0,"turns":5.0},{"damage":34.0,"enemies":"Transient","floor":39.0,"turns":5.0},{"damage":8.0,"enemies":"Giant Head","floor":42.0,"turns":8.0},{"damage":39,"enemies":"Reptomancer","floor":44,"turns":6},{"damage":17,"enemies":"4 Shapes","floor":46,"turns":4},{"damage":7,"enemies":"Giant Head","floor":47,"turns":12},{"damage":36,"enemies":"Awakened One","floor":50,"turns":13}],"seed_played":"-6147542513948973684","potions_obtained":[{"floor":1.0,"key":"GamblersBrew"},{"floor":3.0,"key":"Dexterity Potion"},{"floor":4.0,"key":"Explosive Potion"},{"floor":6.0,"key":"CultistPotion"},{"floor":13.0,"key":"CultistPotion"},{"floor":13.0,"key":"Regen Potion"},{"floor":16.0,"key":"AttackPotion"},{"floor":22.0,"key":"CultistPotion"},{"floor":24.0,"key":"Regen Potion"},{"floor":28.0,"key":"Swift Potion"},{"floor":33.0,"key":"Energy Potion"},{"floor":38.0,"key":"GamblersBrew"}],"is_trial":false,"path_per_floor":["M","$","M","M","M","E","R","E","T","R","M","E","?","M","R","B",null,"M","M","$","M","M","R","M","R","T","E","M","M","R","E","R","B",null,"M","M","$","?","M","R","R","E","T","E","R","M","E","$","R","B",null],"character_chosen":"DEFECT","items_purchased":["Coolheaded","Go for the Eyes","Chemical X","Anchor","Bird Faced Urn","Blizzard","Loop+1"],"campfire_rested":3,"item_purchase_floors":[2,2,20,37,37,48,48],"current_hp_per_floor":[69,69,69,68,65,51,51,40,40,40,40,28,28,28,50,32,75,62,69,69,61,68,68,71,71,71,31,38,52,52,47,69,73,80,80,76,76,49,28,52,52,80,80,52,52,37,45,45,45,65],"gold":52,"neow_bonus":"RANDOM_COMMON_RELIC","is_daily":false,"chose_seed":false,"campfire_upgraded":8,"win_rate":0.0,"timestamp":1611220108,"path_taken":["M","$","M","M","M","E","R","E","T","R","M","E","?","M","R","BOSS","M","M","$","M","M","R","M","R","T","E","M","M","R","E","R","BOSS","M","?","$","?","M","R","R","E","T","E","R","M","E","$","R","BOSS"],"items_purchased_type":["Card","Card","Relic","Relic","Relic","Card","Card"],"build_version":"2020-12-22","purchased_purges":3,"victory":true,"max_hp_per_floor":[75,75,75,75,75,75,75,75,75,75,75,75,75,75,75,75,75,75,75,75,75,75,75,75,75,75,75,75,75,75,75,75,75,80,80,80,80,80,80,80,80,80,80,80,80,80,80,80,80,80],"card_choices":[{"not_picked":["Compile Driver","Steam Power"],"picked":"Consume","floor":1.0},{"not_picked":["Fusion","Stack"],"picked":"Conserve Battery","floor":3.0},{"not_picked":["Redo","White Noise"],"picked":"Sweeping Beam","floor":4.0},{"not_picked":["Gash","Barrage"],"picked":"Reboot","floor":5.0},{"not_picked":["Streamline","Sweeping Beam"],"picked":"Glacier","floor":6.0},{"not_picked":["Go for the Eyes","Rebound"],"picked":"Capacitor","floor":8.0},{"not_picked":["Darkness","Turbo"],"picked":"Ball Lightning","floor":11.0},{"not_picked":["Rebound","Fusion"],"picked":"Creative AI","floor":12.0},{"not_picked":["White Noise","Beam Cell"],"picked":"Self Repair","floor":14.0},{"not_picked":["Meteor Strike","Rainbow"],"picked":"Electrodynamics","floor":16.0},{"not_picked":["Doom and Gloom","Rip and Tear"],"picked":"Skim","floor":18.0},{"not_picked":["Chaos","Heatsinks","Gash"],"picked":"SKIP","floor":19.0},{"not_picked":["Heatsinks","Redo+1"],"picked":"Tempest","floor":21.0},{"not_picked":["Streamline","Redo"],"picked":"Barrage","floor":22.0},{"not_picked":["Go for the Eyes","Sweeping Beam+1"],"picked":"Glacier+1","floor":24.0},{"not_picked":["Capacitor","Turbo"],"picked":"Amplify","floor":27.0},{"not_picked":["Go for the Eyes","Redo","Steam"],"picked":"SKIP","floor":28.0},{"not_picked":["Hello World","Loop"],"picked":"Hologram","floor":29.0},{"not_picked":["Coolheaded","Beam Cell"],"picked":"Consume","floor":31.0},{"not_picked":["Fission","Electrodynamics"],"picked":"Seek","floor":33.0},{"not_picked":["Streamline","Double Energy+1"],"picked":"Melter","floor":34.0},{"not_picked":["Turbo+1","Hologram+1"],"picked":"Coolheaded","floor":35.0},{"not_picked":["Go for the Eyes+1","Stack","Sweeping Beam+1"],"picked":"SKIP","floor":36.0},{"not_picked":["Sweeping Beam+1","Go for the Eyes+1"],"picked":"Echo Form","floor":39.0},{"not_picked":["Static Discharge","Loop","Double Energy"],"picked":"SKIP","floor":39.0},{"not_picked":["FTL+1","Storm+1","Lockon"],"picked":"SKIP","floor":42.0},{"not_picked":["Leap","Lockon+1"],"picked":"Conserve Battery","floor":44},{"not_picked":["Ball Lightning","Chaos"],"picked":"White Noise+1","floor":46},{"not_picked":["Leap+1","All For One","Compile Driver"],"picked":"SKIP","floor":46},{"not_picked":["Leap+1","Go for the Eyes"],"picked":"Conserve Battery+1","floor":47}],"player_experience":68177,"relics_obtained":[{"floor":6.0,"key":"The Courier"},{"floor":8.0,"key":"Nunchaku"},{"floor":9.0,"key":"Happy Flower"},{"floor":12.0,"key":"Centennial Puzzle"},{"floor":26.0,"key":"Bag of Marbles"},{"floor":27.0,"key":"WingedGreaves"},{"floor":31.0,"key":"CaptainsWheel"},{"floor":38.0,"key":"Prayer Wheel"},{"floor":42.0,"key":"Mercury Hourglass"},{"floor":43.0,"key":"Frozen Egg 2"},{"floor":44,"key":"Pantograph"},{"floor":47,"key":"Pen Nib"}],"event_choices":[{"damage_healed":0.0,"max_hp_gain":0.0,"max_hp_loss":0.0,"gold_gain":0.0,"event_name":"Lab","player_choice":"Got Potions","floor":13.0,"gold_loss":0.0,"damage_taken":0.0},{"damage_healed":0.0,"max_hp_gain":0.0,"max_hp_loss":0.0,"gold_gain":0.0,"event_name":"Mysterious Sphere","player_choice":"Fight","floor":38.0,"gold_loss":0.0,"damage_taken":0.0}],"is_beta":false,"boss_relics":[{"not_picked":["Pandora\u0027s Box","Astrolabe"],"picked":"Inserter"},{"not_picked":["Cursed Key","Snecko Eye"],"picked":"Tiny House"}],"items_purged_floors":[20,37,48],"is_endless":false,"potions_floor_spawned":[1,3,4,6,16,22,24,28,33,38,39,46,47],"ascension_level":0}}