{"host":"zke3fwiit0h580fo","time":1611240520,"event":{"mods":["AchievementEnabler","BaseMod","Colored Map","Colored Powertips","Hubris","Minty Spire (QoL Compilation)","Quick Restart","Relic Stats","Replay The Spire","StSLib","SuperFastMode"],"gold_per_floor":[116,191,399,417,417,451,462,477,502,502,514,514,530,403,403,507,507,522,539,638,638,649,649,649,649,700,700,713,713,713],"floor_reached":29,"language":"ENG","playtime":835,"items_purged":["Strike_R"],"score":259,"play_id":"cb07492f-7c10-4204-96ad-f042362c56f0","local_time":"20210121154840","is_ascension_mode":true,"campfire_choices":[{"floor":10,"key":"REST"},{"floor":12,"key":"REST"},{"floor":15,"key":"REST"},{"floor":23,"key":"REST"},{"floor":25,"key":"REST"},{"data":"Armaments","floor":27,"key":"SMITH"}],"circlet_count":0,"master_deck":["Strike_R","Strike_R","Strike_R","Strike_R","Defend_R","Defend_R","Defend_R","Defend_R","Bash","CurseOfTheBell","Whirlwind+1","Iron Wave","Flex","Flex","Spot Weakness","Spot Weakness","Clash","Whirlwind","Armaments+1","Limit Break","ReplayTheSpireMod:Stacked+1","hubris:ReadiedAction","Dual Wield+1","J.A.X.","Carnage"],"relics":["Calling Bell","Toy Ornithopter","Pantograph","hubris:AstralHammer","Omamori","SlaversCollar","Enchiridion","Nunchaku"],"acts_visited":["Exordium","TheCity"],"potions_floor_usage":[16,19,29],"damage_taken":[{"damage":5,"enemies":"Small Slimes","floor":1,"turns":4},{"damage":5,"enemies":"Cultist","floor":4,"turns":5},{"damage":40,"enemies":"3 Sentries","floor":6,"turns":7},{"damage":0,"enemies":"2 Louse","floor":7,"turns":1},{"damage":7,"enemies":"Looter","floor":8,"turns":3},{"damage":15,"enemies":"3 Louse","floor":11,"turns":4},{"damage":16,"enemies":"Exordium Thugs","floor":13,"turns":4},{"damage":87,"enemies":"Fading Forest","floor":16,"turns":11},{"damage":24,"enemies":"3 Byrds","floor":18,"turns":4},{"damage":4,"enemies":"Chosen","floor":19,"turns":4},{"damage":36,"enemies":"Snake Plant","floor":22,"turns":4},{"damage":13,"enemies":"Shelled Parasite and Fungi","floor":28,"turns":2},{"damage":50,"enemies":"Chosen and Byrds","floor":29,"turns":5}],"seed_played":"-2403343172029176620","potions_obtained":[{"floor":7,"key":"ElixirPotion"},{"floor":8,"key":"PowerPotion"},{"floor":13,"key":"PowerPotion"},{"floor":18,"key":"AttackPotion"}],"is_trial":false,"path_per_floor":["M","?","?","M","?","E","M","M","T","R","M","R","M","$","R","B",null,"M","M","?","?","M","R","?","R","T","R","M","M"],"character_chosen":"IRONCLAD","items_purchased":["Armaments"],"campfire_rested":5,"item_purchase_floors":[14],"current_hp_per_floor":[75,64,64,59,59,19,19,12,12,36,21,45,29,29,53,11,80,56,57,57,41,5,29,29,53,53,53,40,0,0],"gold":713,"neow_bonus":"BOSS_RELIC","is_daily":false,"chose_seed":false,"campfire_upgraded":1,"win_rate":0.0,"timestamp":1611240520,"path_taken":["M","?","?","M","?","E","?","M","T","R","M","R","M","$","R","BOSS","M","M","?","?","M","R","?","R","T","R","M","M"],"items_purchased_type":["Card"],"build_version":"2020-12-22","purchased_purges":1,"victory":false,"max_hp_per_floor":[80,80,80,80,80,80,80,80,80,80,80,80,80,80,80,80,80,80,80,80,80,80,80,80,80,80,80,80,80,80],"relic_stats":{"Nunchaku":[0],"counters":[13,58],"Pantograph":25,"obtain_stats":[{"Calling Bell":0,"SlaversCollar":17,"Nunchaku":26,"hubris:AstralHammer":0,"Pantograph":0,"Enchiridion":21,"Omamori":6,"Burning Blood":0,"Toy Ornithopter":0},{"Calling Bell":0,"SlaversCollar":8,"Nunchaku":11,"hubris:AstralHammer":0,"Pantograph":0,"Enchiridion":10,"Omamori":3,"Burning Blood":0,"Toy Ornithopter":0},{"Calling Bell":0,"SlaversCollar":39,"Nunchaku":51,"hubris:AstralHammer":0,"Pantograph":0,"Enchiridion":47,"Omamori":16,"Burning Blood":0,"Toy Ornithopter":0}],"Toy Ornithopter":12},"card_choices":[{"not_picked":["hubris:SharpeningStone","Clash"],"picked":"Whirlwind","floor":1},{"not_picked":["Second Wind","Shrug It Off"],"picked":"Iron Wave","floor":3},{"not_picked":["Iron Wave","hubris:ReadiedAction"],"picked":"Flex","floor":4},{"not_picked":["Replay:Undeath\u0027s Touch","Bludgeon"],"picked":"Flex","floor":6},{"not_picked":["Burning Pact","Heavy Blade"],"picked":"Spot Weakness","floor":7},{"not_picked":["Infernal Blade","Body Slam"],"picked":"Spot Weakness","floor":8},{"not_picked":["Wild Strike","Pommel Strike"],"picked":"Clash","floor":11},{"not_picked":["Cleave","hubris:ReadiedAction"],"picked":"Whirlwind","floor":13},{"not_picked":["Barricade","Offering"],"picked":"Limit Break","floor":16},{"not_picked":["ReplayTheSpireMod:Corrosion Curse","Iron Wave+1"],"picked":"ReplayTheSpireMod:Stacked+1","floor":18},{"not_picked":["ReplayTheSpireMod:Stacked","Shockwave"],"picked":"hubris:ReadiedAction","floor":19},{"not_picked":["Pummel","Run Through"],"picked":"Dual Wield+1","floor":22},{"not_picked":["Hemokinesis","Pommel Strike"],"picked":"Carnage","floor":28}],"player_experience":52994,"relics_obtained":[{"floor":0,"key":"Toy Ornithopter"},{"floor":0,"key":"Pantograph"},{"floor":0,"key":"hubris:AstralHammer"},{"floor":6,"key":"Omamori"},{"floor":21,"key":"Enchiridion"},{"floor":26,"key":"Nunchaku"}],"event_choices":[{"damage_healed":0,"gold_gain":75,"player_choice":"Gather Gold","damage_taken":11,"max_hp_gain":0,"max_hp_loss":0,"event_name":"World of Goop","floor":2,"gold_loss":0},{"damage_healed":0,"gold_gain":0,"player_choice":"Upgraded","damage_taken":0,"max_hp_gain":0,"max_hp_loss":0,"event_name":"Upgrade Shrine","floor":5,"gold_loss":0,"cards_upgraded":["Whirlwind"]},{"damage_healed":0,"gold_gain":99,"player_choice":"Stole From Cult","damage_taken":0,"max_hp_gain":0,"max_hp_loss":0,"event_name":"Nest","floor":20,"gold_loss":0},{"damage_healed":0,"gold_gain":0,"player_choice":"Obtained Book","damage_taken":16,"max_hp_gain":0,"max_hp_loss":0,"event_name":"Cursed Tome","floor":21,"gold_loss":0},{"damage_healed":0,"gold_gain":0,"player_choice":"Obtain J.A.X.","damage_taken":0,"max_hp_gain":0,"max_hp_loss":0,"event_name":"Drug Dealer","floor":24,"gold_loss":0,"cards_obtained":["J.A.X."]}],"is_beta":false,"boss_relics":[{"not_picked":["Velvet Choker","ChewingGum"],"picked":"SlaversCollar"}],"items_purged_floors":[14],"is_endless":false,"potions_floor_spawned":[7,8,13,18],"killed_by":"Chosen and Byrds","ascension_level":3}}