{"host":"5gfra4hjb6stk8c2","time":1611255125,"event":{"mods":["BaseMod","Minty Spire (QoL Compilation)","Quick Restart","SuperFastMode"],"gold_per_floor":[119,136,311,325,335,373,373,385,385,385,385],"floor_reached":10,"language":"ENG","playtime":269,"items_purged":[],"score":91,"play_id":"3763b8b7-6845-4e37-ae3b-e706982e91c2","local_time":"20210121155205","is_ascension_mode":true,"campfire_choices":[{"data":"Tantrum","floor":7,"key":"SMITH"}],"circlet_count":0,"master_deck":["Strike_P","Strike_P","Strike_P","Strike_P","Defend_P","Defend_P","Defend_P","Defend_P","Eruption","Vigilance","Tantrum+1","Doubt","Consecrate","Worship"],"relics":["PureWater","NeowsBlessing","CeramicFish"],"acts_visited":["Exordium"],"potions_floor_usage":[6],"damage_taken":[{"damage":0,"enemies":"2 Louse","floor":1,"turns":1},{"damage":0,"enemies":"Small Slimes","floor":2,"turns":1},{"damage":0,"enemies":"Cultist","floor":4,"turns":1},{"damage":0,"enemies":"Blue Slaver","floor":5,"turns":3},{"damage":52,"enemies":"Lagavulin","floor":6,"turns":4},{"damage":0,"enemies":"2 Fungi Beasts","floor":8,"turns":4},{"damage":7,"enemies":"3 Sentries","floor":10,"turns":4}],"seed_played":"-4429607542900733856","potions_obtained":[{"floor":1,"key":"ColorlessPotion"}],"is_trial":false,"path_per_floor":["M","M","?","M","M","E","R","M","T","E"],"character_chosen":"WATCHER","items_purchased":[],"campfire_rested":0,"item_purchase_floors":[],"current_hp_per_floor":[65,65,65,65,65,13,13,13,13,6,6],"gold":385,"neow_bonus":"THREE_ENEMY_KILL","is_daily":false,"chose_seed":false,"campfire_upgraded":1,"win_rate":0.0,"timestamp":1611255125,"path_taken":["M","M","?","M","M","E","R","M","T","E"],"items_purchased_type":[],"build_version":"2020-12-22","purchased_purges":0,"victory":false,"max_hp_per_floor":[72,72,72,72,72,72,72,72,72,72,72],"card_choices":[{"not_picked":["Prostrate","SashWhip"],"picked":"Tantrum","floor":1},{"not_picked":["JustLucky","FlurryOfBlows","DeusExMachina"],"picked":"SKIP","floor":2},{"not_picked":["Pray","Indignation","CrushJoints"],"picked":"SKIP","floor":4},{"not_picked":["CrushJoints","WindmillStrike"],"picked":"Consecrate","floor":5},{"not_picked":["PathToVictory","ThirdEye"],"picked":"Worship","floor":6},{"not_picked":["Crescendo","Indignation","Protect"],"picked":"SKIP","floor":8}],"player_experience":178598,"relics_obtained":[{"floor":6,"key":"CeramicFish"}],"event_choices":[{"damage_healed":0,"gold_gain":175,"player_choice":"AGREE","damage_taken":0,"max_hp_gain":0,"max_hp_loss":0,"event_name":"Liars Game","floor":3,"gold_loss":0,"cards_obtained":["Doubt"]}],"is_beta":false,"boss_relics":[],"items_purged_floors":[],"is_endless":false,"potions_floor_spawned":[1],"killed_by":"3 Sentries","ascension_level":6}}