{"host":"sdl5b0uiznq00owb","time":1611268692,"event":{"mods":["BaseMod","Minty Spire (QoL Compilation)","Permanent Neow","Relic Stats"],"gold_per_floor":[109,119,119,69,84,84,111,36,59,93,105,105,105],"floor_reached":12,"language":"ENG","playtime":686,"items_purged":["Strike_R"],"score":145,"play_id":"6b5f7437-a9f3-4f46-9039-b8c798b21bef","local_time":"20210121163812","is_ascension_mode":true,"campfire_choices":[{"data":"Sever Soul","floor":6,"key":"SMITH"}],"circlet_count":0,"master_deck":["AscendersBane","Strike_R","Strike_R","Defend_R","Defend_R+1","Defend_R","Defend_R","Bash","Sever Soul+1","Anger","Impervious+1","Feel No Pain","Whirlwind","Pummel","Feel No Pain"],"relics":["Black Star","Art of War","Tiny Chest","Happy Flower","Dead Branch","War Paint"],"acts_visited":["Exordium"],"potions_floor_usage":[7,10,11,11],"damage_taken":[{"damage":0,"enemies":"Small Slimes","floor":1,"turns":3},{"damage":7,"enemies":"Jaw Worm","floor":2,"turns":3},{"damage":1,"enemies":"Cultist","floor":5,"turns":3},{"damage":31,"enemies":"Lagavulin","floor":7,"turns":7},{"damage":32,"enemies":"Gremlin Nob","floor":10,"turns":4},{"damage":11,"enemies":"Exordium Thugs","floor":11,"turns":3},{"damage":6,"enemies":"3 Sentries","floor":12,"turns":2}],"seed_played":"7261334176420961585","potions_obtained":[{"floor":1,"key":"SkillPotion"},{"floor":2,"key":"SpeedPotion"},{"floor":7,"key":"Energy Potion"},{"floor":10,"key":"BloodPotion"}],"is_trial":false,"path_per_floor":["M","M","?","?","M","R","E","$","T","E","M","E"],"character_chosen":"IRONCLAD","items_purchased":[],"campfire_rested":0,"item_purchase_floors":[],"current_hp_per_floor":[72,65,65,65,64,64,33,33,33,1,6,0,0],"gold":105,"neow_bonus":"BOSS_RELIC","is_daily":false,"chose_seed":false,"campfire_upgraded":1,"win_rate":0.0,"timestamp":1611268692,"path_taken":["M","M","?","?","M","R","E","$","T","E","M","E"],"items_purchased_type":[],"build_version":"2020-12-22","purchased_purges":1,"victory":false,"max_hp_per_floor":[80,80,80,80,80,80,80,80,80,80,80,80,80],"relic_stats":{"Happy Flower":[3],"counters":[7,25],"Dead Branch":[3],"Tiny Chest":0,"Black Star":2,"Art of War":[1],"War Paint":["Defend_R","Impervious"],"obtain_stats":[{"Happy Flower":9,"Dead Branch":10,"Tiny Chest":7,"Black Star":0,"Art of War":7,"War Paint":10,"Burning Blood":0},{"Happy Flower":4,"Dead Branch":5,"Tiny Chest":4,"Black Star":0,"Art of War":4,"War Paint":5,"Burning Blood":0},{"Happy Flower":16,"Dead Branch":20,"Tiny Chest":16,"Black Star":0,"Art of War":16,"War Paint":20,"Burning Blood":0}]},"card_choices":[{"not_picked":["Rampage","Heavy Blade"],"picked":"Sever Soul","floor":1},{"not_picked":["Havoc","Entrench"],"picked":"Anger","floor":2},{"not_picked":["Body Slam","Thunderclap"],"picked":"Feel No Pain","floor":5},{"not_picked":["Sword Boomerang","Clash"],"picked":"Whirlwind","floor":7},{"not_picked":["Warcry","Cleave"],"picked":"Pummel","floor":10},{"not_picked":["Wild Strike","Brutality"],"picked":"Feel No Pain","floor":11}],"player_experience":801829,"relics_obtained":[{"floor":7,"key":"Art of War"},{"floor":7,"key":"Tiny Chest"},{"floor":9,"key":"Happy Flower"},{"floor":10,"key":"Dead Branch"},{"floor":10,"key":"War Paint"}],"event_choices":[{"damage_healed":0,"gold_gain":0,"cards_transformed":["Strike_R"],"player_choice":"Change","damage_taken":0,"max_hp_gain":0,"max_hp_loss":0,"event_name":"Living Wall","floor":3,"gold_loss":0,"cards_obtained":["Impervious"]},{"cards_removed":["Strike_R"],"damage_healed":0,"gold_gain":0,"player_choice":"Card Removal","damage_taken":0,"max_hp_gain":0,"max_hp_loss":0,"event_name":"The Cleric","floor":4,"gold_loss":50}],"is_beta":false,"boss_relics":[],"items_purged_floors":[8],"is_endless":false,"potions_floor_spawned":[1,2,7,10],"killed_by":"3 Sentries","ascension_level":13}}