{"host":"ttx8tv95o5vka1nm","time":1611201650,"event":{"mods":["AchievementEnabler","BaseMod","Colored Map","Downfall","Infinite Spire","Minty Spire (QoL Compilation)","Shop Mod","StSLib","The Jungle"],"gold_per_floor":[117,117,131,150,150,150,183,199,199,47,78,78,96,109,109,214,214,225,17,17,29,45,71,19,19,19],"floor_reached":25,"language":"ENG","playtime":2352,"items_purged":["Defend_B","Defend_B"],"score":328,"play_id":"47ab40b5-73f6-4500-a076-8f21431c8fe8","local_time":"20210121140050","is_ascension_mode":true,"campfire_choices":[{"data":"Fusion","floor":6,"key":"SMITH"},{"data":"Zap","floor":12,"key":"SMITH"},{"data":"Dualcast","floor":15,"key":"SMITH"}],"circlet_count":0,"master_deck":["Strike_B","Strike_B","Defend_B","Defend_B","Zap+1","Dualcast+1","White Noise+1","Barrage","Fusion+1","Seek+1","Compile Driver","Genetic Algorithm","Buffer","Capacitor","Reprogram","Meteor Strike","Reinforced Body+1","Sweeping Beam","Go for the Eyes","Genetic Algorithm"],"relics":["Cracked Core","NeowsBlessing","FaceOfCleric","infinitespire:Freezer","Question Card","Nuclear Battery","MerchantsRug","Bronze Scales"],"acts_visited":["Exordium","TheCity"],"potions_floor_usage":[8,16,16,16],"damage_taken":[{"damage":0,"enemies":"Cultist","floor":1,"turns":1},{"damage":0,"enemies":"Small Slimes","floor":3,"turns":1},{"damage":0,"enemies":"2 Louse","floor":4,"turns":1},{"damage":27,"enemies":"Gremlin Nob","floor":7,"turns":4},{"damage":20,"enemies":"Lots of Slimes","floor":8,"turns":3},{"damage":23,"enemies":"3 Sentries","floor":11,"turns":7},{"damage":10,"enemies":"Exordium Wildlife","floor":13,"turns":3},{"damage":0,"enemies":"Large Slime","floor":14,"turns":6},{"damage":20,"enemies":"Hexaghost","floor":16,"turns":11},{"damage":12,"enemies":"Shell Parasite","floor":18,"turns":5},{"damage":21,"enemies":"2 Thieves","floor":21,"turns":4},{"damage":11,"enemies":"Chosen and Byrds","floor":22,"turns":7},{"damage":24,"enemies":"Nightmare","floor":23,"turns":10},{"damage":24,"enemies":"Centurion and Healer","floor":25,"turns":4}],"seed_played":"3018763471040854557","potions_obtained":[{"floor":1,"key":"sneckomod:MuddlingPotion"},{"floor":8,"key":"Weak Potion"},{"floor":11,"key":"EssenceOfSteel"},{"floor":13,"key":"Explosive Potion"},{"floor":21,"key":"Guardian:BlockOnCardUsePotion"},{"floor":22,"key":"Ancient Potion"}],"is_trial":false,"path_per_floor":["M","?","M","M","?","R","E","M","T","$","E","R","M","M","R","B",null,"M","$","?","M","M","NM","$","M"],"character_chosen":"DEFECT","items_purchased":["Lee\u0027s Waffle","MerchantsRug"],"campfire_rested":0,"item_purchase_floors":[10,19],"current_hp_per_floor":[68,68,69,70,70,70,44,25,25,86,64,64,55,56,56,37,77,66,66,66,46,36,13,13,0,0],"gold":19,"neow_bonus":"THREE_ENEMY_KILL","is_daily":false,"chose_seed":false,"campfire_upgraded":3,"win_rate":0.0,"timestamp":1611201650,"path_taken":["M","?","?","?","?","R","E","M","T","$","E","R","?","M","R","BOSS","M","$","?","M","M","NM","$","?"],"items_purchased_type":["Relic","Relic"],"build_version":"2020-12-22","purchased_purges":2,"victory":false,"max_hp_per_floor":[75,75,76,77,77,77,78,79,79,86,87,87,88,89,89,90,90,91,91,91,92,93,94,94,94,94],"card_choices":[{"not_picked":["Sweeping Beam","Gash"],"picked":"White Noise","floor":1},{"not_picked":["Redo","Rebound"],"picked":"Barrage","floor":3},{"not_picked":["Gash","Coolheaded"],"picked":"Fusion","floor":4},{"not_picked":["Ball Lightning","Steam"],"picked":"Compile Driver","floor":7},{"not_picked":["Turbo","Heatsinks"],"picked":"Genetic Algorithm","floor":8},{"not_picked":["Turbo","Rebound"],"picked":"Buffer","floor":11},{"not_picked":["Hologram","Chill","Skim"],"picked":"Capacitor","floor":13},{"not_picked":["Redo","Hello World","Static Discharge"],"picked":"Reprogram","floor":14},{"not_picked":["Electrodynamics","Rainbow","Machine Learning"],"picked":"Meteor Strike","floor":16},{"not_picked":["Turbo+1","Sweeping Beam","Loop"],"picked":"Reinforced Body+1","floor":18},{"not_picked":["Glacier+1","Redo","Skim+1"],"picked":"Sweeping Beam","floor":21},{"not_picked":["Capacitor","Redo+1","Gash"],"picked":"Go for the Eyes","floor":22},{"not_picked":["Sweeping Beam+1","Redo","Leap+1"],"picked":"Genetic Algorithm","floor":23}],"player_experience":770635,"relics_obtained":[{"floor":7,"key":"War Paint"},{"floor":9,"key":"infinitespire:Freezer"},{"floor":11,"key":"Question Card"},{"floor":23,"key":"Bronze Scales"}],"event_choices":[{"damage_healed":0,"gold_gain":0,"player_choice":"Trade","damage_taken":0,"relics_obtained":["FaceOfCleric"],"max_hp_gain":0,"max_hp_loss":0,"event_name":"FaceTrader","floor":2,"gold_loss":0},{"damage_healed":0,"gold_gain":0,"cards_transformed":["Strike_B"],"player_choice":"Transformed","damage_taken":0,"max_hp_gain":0,"max_hp_loss":0,"event_name":"Transmorgrifier","floor":5,"gold_loss":0,"cards_obtained":["Seek"]},{"cards_removed":["Strike_B"],"damage_healed":0,"gold_gain":0,"player_choice":"Purged","damage_taken":0,"max_hp_gain":0,"max_hp_loss":0,"event_name":"Purifier","floor":20,"gold_loss":0}],"is_beta":false,"boss_relics":[{"not_picked":["Philosopher\u0027s Stone","Coffee Dripper"],"picked":"Nuclear Battery"}],"items_purged_floors":[19,24],"is_endless":true,"potions_floor_spawned":[1,8,11,13,21,22],"killed_by":"Centurion and Healer","ascension_level":6}}