{"host":"7tqog9fnhs0gxmti","time":1611187815,"event":{"mods":["AchievementEnabler","Act Like it!","Astrologer","BaseMod","Beaked The Cultist","CapriCore","Colored Map","Colored Powertips","Hermit","Highlight Path","Minty Spire (QoL Compilation)","Quick Restart","Random Character Button","Rare Cards Sparkle","Robot Space Explorer","Somnambulant","StSLib","The Bug Knight","The Construct","The Cursed","The Disciple","The Gatherer","The Hayseed","The Marked","Wandering Minibosses","everything is the same but u backflip on backflip"],"gold_per_floor":[115,135,90,90,90,90,116,116,163,163,183,183,197,49,49,146,146,158,28,0,0,0,0,11,30,30,30,30],"floor_reached":27,"language":"ENG","playtime":871,"items_purged":["TheSimpletonMod:Strike_TheSimpleton"],"score":234,"play_id":"3f3555ae-8fb1-4fb5-bb9a-0445eaab52a9","local_time":"20210121081015","is_ascension_mode":false,"campfire_choices":[{"data":"TheSimpletonMod:Squash","floor":6,"key":"SMITH"},{"data":"TheSimpletonMod:OnionBloom","floor":8,"key":"SMITH"},{"data":"TheSimpletonMod:Artichokes","floor":15,"key":"SMITH"}],"circlet_count":0,"master_deck":["TheSimpletonMod:Strike_TheSimpleton","TheSimpletonMod:Strike_TheSimpleton","TheSimpletonMod:Strike_TheSimpleton+1","TheSimpletonMod:Defend_TheSimpleton+1","TheSimpletonMod:Defend_TheSimpleton","TheSimpletonMod:Defend_TheSimpleton","TheSimpletonMod:Defend_TheSimpleton","TheSimpletonMod:Haymaker","TheSimpletonMod:ReapAndSow","TheSimpletonMod:Squash+1","TheSimpletonMod:Squash","TheSimpletonMod:Artichokes+1","TheSimpletonMod:TakeHeart","TheSimpletonMod:Artichokes","TheSimpletonMod:BumperCrop","TheSimpletonMod:Photosynthesis"],"relics":["TheSimpletonMod:SpudOfTheInnocent","TheSimpletonMod:NightSoil","TheSimpletonMod:TheHarvester","NeowsBlessing","Blue Candle","construct:RocketBooster","Blood Vial","Black Star","Sundial"],"acts_visited":["Exordium","TheCity"],"potions_floor_usage":[16,18,24],"damage_taken":[{"damage":0,"enemies":"Small Slimes","floor":1,"turns":1},{"damage":0,"enemies":"2 Louse","floor":2,"turns":1},{"damage":0,"enemies":"Lagavulin","floor":7,"turns":1},{"damage":0,"enemies":"Cultist","floor":11,"turns":3},{"damage":12,"enemies":"Exordium Thugs","floor":13,"turns":6},{"damage":65,"enemies":"Hexaghost","floor":16,"turns":11},{"damage":21,"enemies":"3 Byrds","floor":18,"turns":6},{"damage":22,"enemies":"2 Thieves","floor":23,"turns":5},{"damage":28,"enemies":"Chosen and Byrds","floor":24,"turns":8},{"damage":24,"enemies":"Snake Plant","floor":25,"turns":6},{"damage":60,"enemies":"Cultist and Chosen","floor":27,"turns":5}],"seed_played":"-2090206163326896889","potions_obtained":[{"floor":7,"key":"SpeedPotion"},{"floor":13,"key":"BlessingOfTheForge"},{"floor":18,"key":"Strength Potion"},{"floor":21,"key":"FearPotion"},{"floor":21,"key":"AttackPotion"},{"floor":24,"key":"FairyPotion"}],"is_trial":false,"path_per_floor":["M","M","$","?","?","R","E","R","T","?","M","?","M","$","R","B",null,"M","$","?","?","$","M","M","M","T","M"],"character_chosen":"THE_SIMPLETON","items_purchased":["TheSimpletonMod:Squash","TheSimpletonMod:Artichokes","TheSimpletonMod:Artichokes","TheSimpletonMod:BumperCrop"],"campfire_rested":0,"item_purchase_floors":[3,14,19,19],"current_hp_per_floor":[75,75,75,75,68,68,68,68,68,53,59,64,58,58,58,1,75,54,54,54,54,54,48,36,24,24,0,0],"gold":30,"neow_bonus":"THREE_ENEMY_KILL","is_daily":false,"chose_seed":false,"campfire_upgraded":3,"win_rate":0.0,"timestamp":1611187815,"path_taken":["M","M","$","?","?","R","E","R","T","?","M","?","?","?","R","BOSS","M","$","?","?","$","M","M","?","T","?"],"items_purchased_type":["Card","Card","Card","Card"],"build_version":"2020-12-22","purchased_purges":1,"victory":false,"max_hp_per_floor":[75,75,75,75,75,75,75,75,75,75,75,75,75,75,75,75,75,75,75,75,75,75,75,75,75,75,75,75],"card_choices":[{"not_picked":["TheSimpletonMod:Pruning","TheSimpletonMod:Sunseed","TheSimpletonMod:DigIn"],"picked":"SKIP","floor":1},{"not_picked":["TheSimpletonMod:Ferment","TheSimpletonMod:RootDown"],"picked":"TheSimpletonMod:OnionBloom","floor":2},{"not_picked":["TheSimpletonMod:DigIn","TheSimpletonMod:CullingStrike","TheSimpletonMod:OnionBloom"],"picked":"SKIP","floor":7},{"not_picked":["TheSimpletonMod:Rake","TheSimpletonMod:OnionBloom"],"picked":"TheSimpletonMod:Squash","floor":11},{"not_picked":["TheSimpletonMod:DigIn","TheSimpletonMod:Rototilling","TheSimpletonMod:SoilSample"],"picked":"SKIP","floor":13},{"not_picked":["TheSimpletonMod:SaltTheEarth","TheSimpletonMod:ResearchGrant"],"picked":"TheSimpletonMod:TakeHeart","floor":16},{"not_picked":["TheSimpletonMod:Squash","TheSimpletonMod:RootDown","TheSimpletonMod:Rake"],"picked":"SKIP","floor":18},{"not_picked":["TheSimpletonMod:PestManagement","TheSimpletonMod:SpiceUp","TheSimpletonMod:Ferment"],"picked":"SKIP","floor":23},{"not_picked":["TheSimpletonMod:Sunchoke","TheSimpletonMod:RootDown+1","TheSimpletonMod:KeenEdge"],"picked":"SKIP","floor":24},{"not_picked":["TheSimpletonMod:SeedCoat","TheSimpletonMod:SaladShooter+1"],"picked":"TheSimpletonMod:Photosynthesis","floor":25}],"player_experience":835371,"relics_obtained":[{"floor":7,"key":"construct:RocketBooster"},{"floor":9,"key":"Blood Vial"},{"floor":26,"key":"Sundial"}],"event_choices":[{"damage_healed":0,"gold_gain":0,"player_choice":"Leave","damage_taken":0,"max_hp_gain":0,"max_hp_loss":0,"event_name":"The Cleric","floor":4,"gold_loss":0},{"damage_healed":0,"gold_gain":0,"player_choice":"Success","damage_taken":7,"relics_obtained":["Blue Candle"],"max_hp_gain":0,"max_hp_loss":0,"event_name":"Scrap Ooze","floor":5,"gold_loss":0},{"damage_healed":0,"gold_gain":0,"player_choice":"Entered Light","damage_taken":15,"max_hp_gain":0,"max_hp_loss":0,"event_name":"Shining Light","floor":10,"gold_loss":0,"cards_upgraded":["TheSimpletonMod:Defend_TheSimpleton","TheSimpletonMod:Strike_TheSimpleton"]},{"cards_removed":["TheSimpletonMod:OnionBloom"],"damage_healed":5,"gold_gain":0,"player_choice":"Offered Common","damage_taken":0,"max_hp_gain":0,"max_hp_loss":0,"event_name":"Bonfire Elementals","floor":12,"gold_loss":0},{"cards_removed":["TheSimpletonMod:OnionBloom"],"damage_healed":5,"gold_gain":0,"player_choice":"Offered Special","damage_taken":0,"max_hp_gain":0,"max_hp_loss":0,"event_name":"Bonfire Elementals","floor":12,"gold_loss":0},{"damage_healed":0,"gold_gain":0,"player_choice":"Paid Fearfully","damage_taken":0,"max_hp_gain":0,"max_hp_loss":0,"event_name":"Masked Bandits","floor":20,"gold_loss":28},{"damage_healed":0,"gold_gain":0,"player_choice":"Got Potions","damage_taken":0,"max_hp_gain":0,"max_hp_loss":0,"event_name":"Lab","floor":21,"gold_loss":0}],"is_beta":false,"boss_relics":[{"not_picked":["Busted Crown","TheSimpletonMod:GourdCharm"],"picked":"Black Star"}],"items_purged_floors":[14],"is_endless":false,"potions_floor_spawned":[7,13,18,24],"killed_by":"Cultist and Chosen","ascension_level":0}}