{"host":"rolltorest","time":1611206313,"event":{"mods":["BaseMod","Minty Spire (QoL Compilation)","Relic Stats","Slay the Relics Exporter","StSLib"],"gold_per_floor":[116,41,41,61,75,75,110,110,110,110,132,157,169,182,182,182,182],"floor_reached":16,"language":"ENG","playtime":454,"items_purged":["Strike_R"],"score":220,"play_id":"04315d5d-0db9-498c-96da-14399765aa00","local_time":"20210120211833","is_ascension_mode":true,"campfire_choices":[{"data":"Fire Breathing","floor":6,"key":"SMITH"},{"data":"Pommel Strike","floor":8,"key":"SMITH"},{"data":"Reckless Charge","floor":10,"key":"SMITH"},{"floor":15,"key":"REST"}],"circlet_count":0,"master_deck":["AscendersBane","Strike_R","Strike_R","Strike_R","Strike_R","Defend_R","Defend_R","Defend_R","Defend_R","Bash","Fire Breathing+1","Fire Breathing+1","Pommel Strike+1","Reckless Charge+1","Evolve","Shrug It Off","Headbutt","Feel No Pain"],"relics":["Mark of Pain","Champion Belt","Darkstone Periapt","Odd Mushroom","Mummified Hand"],"acts_visited":["Exordium"],"potions_floor_usage":[14],"damage_taken":[{"damage":1,"enemies":"2 Louse","floor":1,"turns":4},{"damage":7,"enemies":"Cultist","floor":4,"turns":4},{"damage":0,"enemies":"Small Slimes","floor":5,"turns":3},{"damage":8,"enemies":"Gremlin Nob","floor":7,"turns":3},{"damage":12,"enemies":"The Mushroom Lair","floor":11,"turns":3},{"damage":25,"enemies":"Lagavulin","floor":12,"turns":5},{"damage":3,"enemies":"Blue Slaver","floor":13,"turns":2},{"damage":6,"enemies":"Exordium Thugs","floor":14,"turns":5},{"damage":38,"enemies":"Slime Boss","floor":16,"turns":3}],"seed_played":"5592128261553155293","potions_obtained":[{"floor":5,"key":"HeartOfIron"},{"floor":11,"key":"LiquidBronze"}],"is_trial":false,"path_per_floor":["M","$","?","M","M","R","E","R","T","R","?","E","M","M","R","B"],"character_chosen":"IRONCLAD","items_purchased":[],"campfire_rested":1,"item_purchase_floors":[],"current_hp_per_floor":[67,67,67,60,60,60,52,52,52,52,40,15,12,6,28,0,0],"gold":182,"neow_bonus":"BOSS_RELIC","is_daily":false,"chose_seed":false,"campfire_upgraded":3,"win_rate":0.0,"timestamp":1611206313,"path_taken":["M","$","?","M","?","R","E","R","T","R","?","E","M","M","R","BOSS"],"items_purchased_type":[],"build_version":"2020-12-18","purchased_purges":1,"victory":false,"max_hp_per_floor":[75,75,75,75,75,75,75,75,75,75,75,75,75,75,75,75,75],"relic_stats":{"Darkstone Periapt":0,"counters":[9,32],"Mummified Hand":[7],"Champion Belt":[4],"obtain_stats":[{"Darkstone Periapt":9,"Mummified Hand":12,"Mark of Pain":0,"Champion Belt":7,"Odd Mushroom":11,"Burning Blood":0},{"Darkstone Periapt":4,"Mummified Hand":6,"Mark of Pain":0,"Champion Belt":4,"Odd Mushroom":5,"Burning Blood":0},{"Darkstone Periapt":14,"Mummified Hand":22,"Mark of Pain":0,"Champion Belt":14,"Odd Mushroom":17,"Burning Blood":0}]},"card_choices":[{"not_picked":["Warcry","Armaments"],"picked":"Fire Breathing","floor":1},{"not_picked":["Twin Strike","Dual Wield"],"picked":"Fire Breathing","floor":4},{"not_picked":["Perfected Strike","Cleave"],"picked":"Pommel Strike","floor":5},{"not_picked":["Flex","Fire Breathing"],"picked":"Reckless Charge","floor":7},{"not_picked":["Rage","Impervious"],"picked":"Evolve","floor":11},{"not_picked":["Anger","Iron Wave"],"picked":"Shrug It Off","floor":12},{"not_picked":["Cleave","Pummel"],"picked":"Headbutt","floor":13},{"not_picked":["Seeing Red","Clash"],"picked":"Feel No Pain","floor":14}],"player_experience":1753255,"relics_obtained":[{"floor":7,"key":"Champion Belt"},{"floor":9,"key":"Darkstone Periapt"},{"floor":11,"key":"Odd Mushroom"},{"floor":12,"key":"Mummified Hand"}],"event_choices":[{"damage_healed":0,"gold_gain":0,"player_choice":"Upgraded","damage_taken":0,"max_hp_gain":0,"max_hp_loss":0,"event_name":"Upgrade Shrine","floor":3,"gold_loss":0,"cards_upgraded":["Fire Breathing"]},{"damage_healed":0,"gold_gain":0,"player_choice":"Fought Mushrooms","damage_taken":0,"max_hp_gain":0,"max_hp_loss":0,"event_name":"Mushrooms","floor":11,"gold_loss":0}],"is_beta":true,"boss_relics":[],"items_purged_floors":[2],"is_endless":false,"potions_floor_spawned":[5,11],"killed_by":"Slime Boss","ascension_level":20}}