{"host":"56d873i5r3uhle0q","time":1611193473,"event":{"mods":["100% Spire Juice","Act Like it!","Aspiration","BaseMod","Block Reminder","Conspire","Gensokyo","Hermit","Hubris","Infinite Spire","Jedi Mod","Lobotomy","Marisa????????","Marked Mod","Minty Spire (QoL Compilation)","Replay The Spire","StSLib","The Animator","The Bug Knight","The Cursed","The Marked","The Servant 0.9.4","everything is the same but u backflip on backflip","vexMod","??????REMEMod"],"gold_per_floor":[118,43,55,66,80,80,91,91,91,105,105,105,30,41,41,140,140,157,0,0,10,10,10,10,22,98,98,24,35,49,49,49,249,249],"floor_reached":33,"language":"ENG","playtime":1460,"items_purged":["Pain"],"score":239,"play_id":"9a01b920-4481-43e2-96fd-c6377fef10ed","local_time":"20210120184433","is_ascension_mode":false,"campfire_choices":[{"floor":6.0,"key":"REST"},{"floor":23.0,"key":"REST"},{"floor":32.0,"key":"REST"}],"circlet_count":0,"master_deck":["Strike_B","Strike_B","Strike_B+1","Defend_B+1","Defend_B","Defend_B","Defend_B","Zap","Dualcast","Coolheaded","jedi:gatheringstorm","Chill+1","hubris:SpecializedCircuitry","jedi:gatheringstorm","jedi:meditation"],"relics":["Cracked Core","REME_ComplimentaryCards","Replay:Multitool","Gensokyo:LunaticRedEyes","Replay:Ringing Soul","Nuclear Battery","hubris:Icosahedron","aspiration:FaultyCoupler","Gensokyo:RedStar","Toy Ornithopter"],"acts_visited":["Gensokyo:Gensokyo","Gensokyo:Gensokyoer"],"potions_floor_usage":[33],"damage_taken":[{"damage":2.0,"enemies":"Gensokyo:3_Fairies","floor":1.0,"turns":4.0},{"damage":0.0,"enemies":"Gensokyo:Python","floor":3.0,"turns":4.0},{"damage":5.0,"enemies":"Gensokyo:Gryphon","floor":4.0,"turns":4.0},{"damage":20.0,"enemies":"Gensokyo:LivingMonolith","floor":5.0,"turns":4.0},{"damage":5.0,"enemies":"Gensokyo:Kitsune","floor":7.0,"turns":5.0},{"damage":7.0,"enemies":"Gensokyo:5_Fairies","floor":10.0,"turns":6.0},{"damage":0.0,"enemies":"Gensokyo:LivingMonolith","floor":14.0,"turns":3.0},{"damage":55.0,"enemies":"Gensokyo:Yukari","floor":16.0,"turns":18.0},{"damage":60.0,"enemies":"Gensokyo:Chomper","floor":18.0,"turns":11.0},{"damage":1.0,"enemies":"Gensokyo:2_Gloops","floor":21.0,"turns":4.0},{"damage":23.0,"enemies":"Gensokyo:Slime_Group","floor":25.0,"turns":4.0},{"damage":0.0,"enemies":"Gensokyo:Swordslinger","floor":29.0,"turns":6.0},{"damage":19.0,"enemies":"Gensokyo:Wraith","floor":30.0,"turns":5.0},{"damage":54,"enemies":"Gensokyo:Eiki","floor":33,"turns":7}],"seed_played":"2178516163539873777","potions_obtained":[{"floor":1.0,"key":"AttackPotion"},{"floor":7.0,"key":"jedi:StrikingPotion"},{"floor":10.0,"key":"SkillPotion"},{"floor":18.0,"key":"SkillPotion"},{"floor":25.0,"key":"Reflective Coating"}],"is_trial":false,"path_per_floor":["M","COS","M","M","M","R","M","?","T","M","R","?","$","M","R","B",null,"M","?","?","M","AVR","R","?","M","T","?","COS","M","M","?","R","B"],"character_chosen":"DEFECT","items_purchased":[],"campfire_rested":3,"item_purchase_floors":[],"current_hp_per_floor":[73,73,73,68,48,70,65,65,65,58,75,75,75,75,78,26,81,21,21,29,28,28,52,52,32,32,32,35,35,16,16,42,0,0],"gold":249,"neow_bonus":"THREE_CARDS","is_daily":false,"chose_seed":false,"campfire_upgraded":0,"win_rate":0.0,"timestamp":1611193473,"path_taken":["M","COS","M","M","M","R","M","?","T","M","R","?","$","M","R","BOSS","M","?","?","?","AVR","R","?","M","T","?","COS","?","M","?","R","BOSS"],"items_purchased_type":[],"build_version":"2020-12-22","purchased_purges":1,"victory":false,"max_hp_per_floor":[75,75,75,75,75,75,75,75,75,75,75,75,75,75,78,81,81,81,81,81,81,81,81,81,84,84,84,87,87,87,87,87,44,44],"card_choices":[{"not_picked":["Gash","Sweeping Beam"],"picked":"Coolheaded","floor":0.0},{"not_picked":["jedi:BurstLightning","Conserve Battery","Compile Driver"],"picked":"SKIP","floor":1.0},{"not_picked":["jedi:hex","jedi:BurstLightning","Steam"],"picked":"SKIP","floor":3.0},{"not_picked":["Ball Lightning","Sweeping Beam","Beam Cell"],"picked":"SKIP","floor":4.0},{"not_picked":["aspiration:Polymerization","ReplayTheSpireMod:Repulse"],"picked":"Chill","floor":5.0},{"not_picked":["Cold Snap","White Noise","Steam"],"picked":"SKIP","floor":7.0},{"not_picked":["Storm","Gash","Coolheaded"],"picked":"SKIP","floor":10.0},{"not_picked":["jedi:BurstFrost","Auto Shields","conspire:SharedLibrary"],"picked":"SKIP","floor":14.0},{"not_picked":["All For One","Reboot"],"picked":"jedi:gatheringstorm","floor":16.0},{"not_picked":["Turbo","Gash","Steam"],"picked":"SKIP","floor":18.0},{"not_picked":["Gash+1","Beam Cell","Force Field"],"picked":"SKIP","floor":21.0},{"not_picked":["Leap","Beam Cell"],"picked":"jedi:meditation","floor":25.0},{"not_picked":["jedi:BurstFrost+1","Fusion","jedi:reiji"],"picked":"SKIP","floor":29.0},{"not_picked":["jedi:BurstLightning","Compile Driver","Conserve Battery+1"],"picked":"SKIP","floor":30.0}],"player_experience":572782,"relics_obtained":[{"floor":9.0,"key":"Replay:Ringing Soul"},{"floor":26.0,"key":"aspiration:FaultyCoupler"}],"event_choices":[],"is_beta":false,"boss_relics":[{"not_picked":["hubris:GrandSneckoEye","vexMod:TanglingVine"],"picked":"Nuclear Battery"}],"items_purged_floors":[13],"is_endless":false,"potions_floor_spawned":[1,7,10,14,18,25],"killed_by":"Gensokyo:Eiki","ascension_level":0}}