{"host":"w8xisjf5mgmfjvmt","time":1611212491,"event":{"mods":["BaseMod","BetterRewards","Challenge The Spire","Conspire","Dota2Spire","Energized Spire","Filter the Spire","Luminous","Minty Spire (QoL Compilation)","Quarter Circle Forward PUNCH!","Quick Restart","Relic Stats","Replay The Spire","Shop Mod","Spicy Shops","StSLib","Starting Relic: Pandora\u0027s Box","Yakumo Yukari mod","Youmu£¨»êÆÇÑýÃÎ£©","¡¾ÒÅÎï¿¨ÅÆ¡¿REMEMod","óô»ðÖ¸ÄÏ"],"gold_per_floor":[113,13,51,51,88,125,125],"floor_reached":6,"language":"ZHS","playtime":701,"items_purged":[],"score":36,"play_id":"b1839d47-cf96-4c7b-b5b2-fe650516bc6a","local_time":"20210121150131","is_ascension_mode":false,"campfire_choices":[],"circlet_count":0,"master_deck":["SlashOfPresentWorld","WheelOfPainOfLivingAndDead","ConstancyOfTheConventionalTruth","ThreeKonsSevenHakus","HellGodSword","ThreeKonsSevenHakus","SpiritCuttingSword","TwoHundredYojanaInOneSlash","CherryBlossomFlashing","TwoHundredYojanaInOneSlash","CelestialStarSword","Thinking Ahead","SlashOfAscensionToBuddhahood","conspire:SpireCoStock","conspire:SpireCoStock","HumanGodSword"],"relics":["HalfPhantom","REME_ComplimentaryCards"],"acts_visited":["Exordium"],"potions_floor_usage":[],"damage_taken":[{"damage":0,"enemies":"2 Louse","floor":1,"turns":3},{"damage":0,"enemies":"Small Slimes","floor":3,"turns":3},{"damage":0,"enemies":"Jaw Worm","floor":5,"turns":6},{"damage":18,"enemies":"Lagavulin","floor":6,"turns":10}],"seed_played":"-4585513698163963370","potions_obtained":[{"floor":5,"key":"LiquidBronze"}],"is_trial":false,"path_per_floor":["M","?","M","?","M","E"],"character_chosen":"YOUMU","items_purchased":[],"campfire_rested":0,"item_purchase_floors":[],"current_hp_per_floor":[68,68,68,73,73,55,55],"gold":125,"neow_bonus":"THREE_RARE_CARDS","is_daily":false,"chose_seed":false,"campfire_upgraded":0,"win_rate":0.0,"timestamp":1611212491,"path_taken":["M","?","M","?","?","E"],"items_purchased_type":[],"build_version":"2020-12-22","purchased_purges":0,"victory":false,"max_hp_per_floor":[68,68,68,73,73,73,73],"relic_stats":{"counters":[4,22],"obtain_stats":[{"HalfPhantom":0,"REME_ComplimentaryCards":0},{"HalfPhantom":0,"REME_ComplimentaryCards":0},{"HalfPhantom":0,"REME_ComplimentaryCards":0}]},"card_choices":[{"not_picked":["MatsuyoiReflectingSatelliteSlash","GreatEnlightenmentAppearingAndDisappearing"],"picked":"CelestialStarSword","floor":0},{"not_picked":["AsTheSilentNirvana","LifeCuttingSword"],"picked":"SlashOfAscensionToBuddhahood","floor":1},{"not_picked":["HumanKnowledgeSword","ConstancyOfTheConventionalTruth","CherryBlossomFlashing"],"picked":"SKIP","floor":3},{"not_picked":["SanzenSekai","HumanKnowledgeSword"],"picked":"HumanGodSword","floor":5}],"player_experience":1188428,"relics_obtained":[],"event_choices":[{"damage_healed":0,"gold_gain":0,"player_choice":"Invest 2","damage_taken":0,"max_hp_gain":0,"max_hp_loss":0,"event_name":"conspire:Investor","floor":2,"gold_loss":0},{"damage_healed":0,"gold_gain":0,"player_choice":"Donut","damage_taken":0,"max_hp_gain":5,"max_hp_loss":0,"event_name":"Big Fish","floor":4,"gold_loss":0}],"is_beta":false,"boss_relics":[],"items_purged_floors":[],"is_endless":false,"potions_floor_spawned":[5],"killed_by":"Lagavulin","ascension_level":0}}