{"host":"clwo1bbzp1s2osrc","time":1611234996,"event":{"mods":["Arknights The Spire","BaseMod","Downfall","Marisa£®ÏF”Í°°ƒß¿Ì…≥£©","Minty Spire (QoL Compilation)","Prisma Mod","StSLib","The Bladedancer","The Servant 0.9.4","TheBandit","Youmu£®ªÍ∆«—˝√Œ£©"],"gold_per_floor":[99,99,274,290,63,79,79,4,4,21,41,41,1,11,23,121,171,121,137,137,137,137,156,183,197,3,3,3,3,22,41,59,59,59,59],"floor_reached":33,"language":"ZHS","playtime":2188,"items_purged":["Doubt","Pain"],"score":264,"play_id":"9b96feac-0013-4359-b299-36e1daa2697c","local_time":"20210121211636","is_ascension_mode":false,"campfire_choices":[{"data":"Slimebound:Split","floor":1,"key":"SMITH"},{"data":"Slimebound:SplitLeeching","floor":9,"key":"SMITH"},{"data":"Slimebound:MassFeed","floor":18,"key":"SMITH"},{"floor":29,"key":"REST"}],"circlet_count":0,"master_deck":["Slimebound:Strike_Slimebound","Slimebound:Strike_Slimebound","Slimebound:Tackle","Slimebound:Defend_Slimebound","Slimebound:Defend_Slimebound","Slimebound:Defend_Slimebound","Slimebound:Defend_Slimebound","Slimebound:Split+1","Slimebound:CorrosiveSpit+1","Slimebound:GrowthPunch","Slimebound:SplitMire","Slimebound:ProtectTheBoss","Slimebound:SlimeBarrage","Slimebound:SplitLeeching+1","Slimebound:SlimeTap","Slimebound:MassFeed+1","Slimebound:LevelUp+1","Slimebound:ItLooksTasty","Slimebound:GoopSpray","Slimebound:LevelUp+1","Slimebound:SlimeSlap","Slimebound:Prepare","Slimebound:SplitBruiser+1","Slimebound:Schlurp+1","Slimebound:FinishingTackle","Slimebound:LeechingTouch","Slimebound:SplitAcid","Slimebound:Equalize","downfall:Bewildered","Slimebound:FormOfPuddle+1","Slimebound:SplitMire+1","Slimebound:SlimeTap+1"],"relics":["Slimebound:AbsorbEndCombat","Gambling Chip","Slimebound:GreedOozeRelic","Bottled Tornado","Tiny House","Anchor","Smiling Mask","Bag of Marbles","sneckomod:BabySnecko"],"acts_visited":["Exordium","TheCity"],"potions_floor_usage":[16,16,16,19,25,30,32,33],"damage_taken":[{"damage":23,"enemies":"2 Louse","floor":4,"turns":4},{"damage":1,"enemies":"downfall:FleeingMerchant","floor":5,"turns":4},{"damage":0,"enemies":"Small Slimes","floor":6,"turns":4},{"damage":0,"enemies":"Jaw Worm","floor":10,"turns":4},{"damage":6,"enemies":"Exordium Thugs","floor":11,"turns":7},{"damage":0,"enemies":"downfall:FleeingMerchant","floor":13,"turns":4},{"damage":10,"enemies":"3 Louse","floor":14,"turns":3},{"damage":11,"enemies":"2 Fungi Beasts","floor":15,"turns":3},{"damage":13,"enemies":"IC_STATUS_ARCHETYPE","floor":16,"turns":7},{"damage":13,"enemies":"Spheric Guardian","floor":19,"turns":5},{"damage":25,"enemies":"Snecko","floor":23,"turns":6},{"damage":30,"enemies":"3 Cultists","floor":25,"turns":6},{"damage":14,"enemies":"downfall:FleeingMerchant","floor":26,"turns":4},{"damage":12,"enemies":"Snake Plant","floor":30,"turns":3},{"damage":7,"enemies":"Centurion and Healer","floor":31,"turns":6},{"damage":15,"enemies":"Shelled Parasite and Fungi","floor":32,"turns":4},{"damage":23,"enemies":"SI_MIRROR_ARCHETYPE","floor":33,"turns":4}],"seed_played":"143672976392033434","potions_obtained":[{"floor":4,"key":"champ:CounterPotion"},{"floor":11,"key":"BlessingOfTheForge"},{"floor":14,"key":"Fire Potion"},{"floor":16,"key":"AttackPotion"},{"floor":17,"key":"Strength Potion"},{"floor":19,"key":"Block Potion"},{"floor":30,"key":"Fire Potion"},{"floor":31,"key":"Guardian:BlockOnCardUsePotion"}],"is_trial":false,"path_per_floor":["R","?","?","M","$","M","T","?","R","M","M","T","$","M","M","B",null,"R","M","?","T","?","M","T","M","$","?","?","R","M","M","M","B"],"character_chosen":"SLIMEBOUND","items_purchased":["Slimebound:ProtectTheBoss","Slimebound:SlimeBarrage","Slimebound:ItLooksTasty","Slimebound:SplitAcid","Slimebound:Equalize"],"campfire_rested":1,"item_purchase_floors":[5,5,13,26,26],"current_hp_per_floor":[71,71,71,48,51,57,57,57,57,59,57,57,61,51,47,38,79,79,66,66,66,66,45,45,27,15,15,15,39,27,28,19,0,0,0],"gold":59,"neow_bonus":"TEN_PERCENT_HP_BONUS","is_daily":false,"chose_seed":false,"campfire_upgraded":3,"win_rate":0.0,"timestamp":1611234996,"path_taken":["R","?","?","M","$","M","T","?","R","?","M","?","$","M","M","BOSS","R","M","?","?","?","?","T","M","$","?","?","R","?","M","M","BOSS"],"items_purchased_type":["Card","Card","Card","Card","Card"],"build_version":"2020-12-22","purchased_purges":2,"victory":false,"max_hp_per_floor":[71,71,71,71,71,71,71,71,71,71,71,71,71,71,74,74,79,79,79,79,79,79,79,79,83,83,83,83,83,83,83,83,83,83,83],"card_choices":[{"not_picked":["Slimebound:MegaLick","Slimebound:ItLooksTasty"],"picked":"Slimebound:GrowthPunch","floor":4},{"not_picked":["Slimebound:LivingWall","Slimebound:BestDefense"],"picked":"Slimebound:SplitMire","floor":5},{"not_picked":["Slimebound:LeechEnergy","Slimebound:Repurpose"],"picked":"Slimebound:SplitLeeching","floor":6},{"not_picked":["Slimebound:Nibble","Slimebound:SplitBruiser"],"picked":"Slimebound:SlimeTap","floor":10},{"not_picked":["Slimebound:SlimeSpikes","Slimebound:FinishingTackle"],"picked":"Slimebound:MassFeed","floor":11},{"not_picked":["Slimebound:Chomp","Slimebound:MassFeed"],"picked":"Slimebound:LevelUp","floor":13},{"not_picked":["Slimebound:ViciousTackle","Slimebound:ItLooksTasty"],"picked":"Slimebound:GoopSpray","floor":14},{"not_picked":["Slimebound:SlimeSpikes","Slimebound:Equalize"],"picked":"Slimebound:LevelUp","floor":15},{"not_picked":["Slimebound:WasteNot","Slimebound:PrepareCrush"],"picked":"Slimebound:SlimeSlap","floor":16},{"not_picked":["Slimebound:GrowthPunch","Slimebound:LivingWall"],"picked":"Slimebound:Prepare","floor":17},{"not_picked":["Slimebound:LeechEnergy+1","Slimebound:SplitMire+1"],"picked":"Slimebound:SplitBruiser+1","floor":19},{"not_picked":["Slimebound:ItLooksTasty+1","Slimebound:LivingWall"],"picked":"Slimebound:Schlurp+1","floor":23},{"not_picked":["Slimebound:SlimeSlap","Slimebound:Equalize"],"picked":"Slimebound:FinishingTackle","floor":25},{"not_picked":["Slimebound:ViciousTackle","Slimebound:FinishingTackle"],"picked":"Slimebound:LeechingTouch","floor":26},{"not_picked":["Slimebound:ComboTackle","Slimebound:GrowthPunch"],"picked":"Slimebound:FormOfPuddle+1","floor":30},{"not_picked":["Slimebound:SplitAcid","Slimebound:ComboTackle"],"picked":"Slimebound:SplitMire+1","floor":31},{"not_picked":["Slimebound:PressTheAttack","Slimebound:LeechingTouch"],"picked":"Slimebound:SlimeTap+1","floor":32}],"player_experience":232556,"relics_obtained":[{"floor":7,"key":"Gambling Chip"},{"floor":12,"key":"Bottled Tornado"},{"floor":21,"key":"Smiling Mask"},{"floor":24,"key":"Bag of Marbles"}],"event_choices":[],"is_beta":false,"boss_relics":[{"not_picked":["Philosopher\u0027s Stone","Sozu"],"picked":"Tiny House"}],"items_purged_floors":[5,26],"is_endless":false,"potions_floor_spawned":[4,11,14,16,19,30,31],"killed_by":"SI_MIRROR_ARCHETYPE","ascension_level":0}}