{"host":"eumjbs7gc1i67a9z","time":1611254153,"event":{"mods":["Aspiration","BaseMod","Hubris","Infinite Spire","Minty Spire (QoL Compilation)","Quick Restart","Replay The Spire","StSLib","The Cursed","The Disciple","The Jungle","The Runesmith"],"gold_per_floor":[118,130,146,164,8,8,36,53,53,28,44,44,55,19,19,114,114,129,143,143,161,161,161,161],"floor_reached":23,"language":"ENG","playtime":1282,"items_purged":["Defend_G"],"score":195,"play_id":"a55364e8-f85e-4d57-b83b-cef20cb71c68","local_time":"20210121193553","is_ascension_mode":false,"campfire_choices":[{"floor":6,"key":"REST"},{"floor":15,"key":"REST"}],"circlet_count":0,"master_deck":["Runesmith:Strike_RS","Runesmith:Strike_RS","Runesmith:Strike_RS","Runesmith:Strike_RS","Runesmith:Defend_RS","Runesmith:Defend_RS","Runesmith:Defend_RS","Runesmith:Defend_RS","Runesmith:CraftFirestone","Runesmith:Fortify","Strike_G","Runesmith:FieryHammer+1","Runesmith:HeatExchange+1","Runesmith:Repurpose","Runesmith:EarthShield","Runesmith:HeatedChisel","Runesmith:CraftMagma","Runesmith:RuneHurl","Runesmith:Overpower","Hallucinations","Runesmith:HammerAndChisel","Runesmith:CraftVitae","Runesmith:ReplicatingBarrier","Undo","FTL","Runesmith:ChiselStab","infinitespire:Oblivion"],"relics":["Runesmith:BrokenRuby","Guide Book","Meat on the Bone","hubris:BottledRain","Ring of Searing","Ring of Peace","aspiration:DefectSkillbook","hubris:EvacipatedBox","hubris:KleinBottle"],"acts_visited":["Exordium","Exordium"],"potions_floor_usage":[7,16,21,23,23],"damage_taken":[{"damage":11,"enemies":"Jaw Worm","floor":1,"turns":3},{"damage":0,"enemies":"2 Louse","floor":2,"turns":2},{"damage":10,"enemies":"Cultist","floor":3,"turns":4},{"damage":14,"enemies":"Lots of Slimes","floor":4,"turns":3},{"damage":28,"enemies":"Gremlin Nob","floor":7,"turns":5},{"damage":6,"enemies":"Large Slime","floor":8,"turns":5},{"damage":15,"enemies":"Red Slaver","floor":11,"turns":3},{"damage":0,"enemies":"Blue Slaver","floor":13,"turns":3},{"damage":19,"enemies":"Slime Boss","floor":16,"turns":7},{"damage":18,"enemies":"theJungle:MUSHROOMGANG","floor":18,"turns":4},{"damage":26,"enemies":"Shell Parasite","floor":19,"turns":5},{"damage":12,"enemies":"theJungle:2_Flameangoes","floor":21,"turns":9},{"damage":13,"enemies":"theJungle:2_Phrogs","floor":23,"turns":3}],"seed_played":"47742870608452417","potions_obtained":[{"floor":1,"key":"BlessingOfTheForge"},{"floor":2,"key":"DistilledChaos"},{"floor":3,"key":"Dexterity Potion"},{"floor":7,"key":"LifebloodPotion"},{"floor":11,"key":"Adrenaline Potion"},{"floor":18,"key":"Milkshake"},{"floor":21,"key":"Elixir"}],"is_trial":false,"path_per_floor":["M","M","M","M","$","R","E","M","T","$","M","?","M","$","R","B",null,"M","M","?","M","$","E"],"character_chosen":"RUNESMITH_CLASS","items_purchased":["Guide Book","Runesmith:RuneHurl","Runesmith:CraftVitae","hubris:EvacipatedBox","hubris:KleinBottle"],"campfire_rested":2,"item_purchase_floors":[5,10,14,22,22],"current_hp_per_floor":[73,73,63,49,49,74,46,52,52,52,49,49,49,49,74,55,84,66,52,52,52,9,0,0],"gold":161,"neow_bonus":"TWENTY_PERCENT_HP_BONUS","is_daily":false,"chose_seed":false,"campfire_upgraded":0,"win_rate":0.0,"timestamp":1611254153,"path_taken":["M","M","M","M","$","R","E","M","T","$","M","?","M","$","R","BOSS","M","M","?","M","?","E"],"items_purchased_type":["Relic","Card","Card","Relic","Relic"],"build_version":"2020-12-22","purchased_purges":1,"victory":false,"max_hp_per_floor":[84,84,84,84,84,84,84,84,84,84,84,84,84,84,84,84,84,84,84,84,84,84,84,84],"card_choices":[{"not_picked":["Runesmith:Refine","Runesmith:EnergizedChisel"],"picked":"Runesmith:FieryHammer","floor":1},{"not_picked":["Runesmith:Discharge","Runesmith:Grindstone"],"picked":"Runesmith:HeatExchange","floor":2},{"not_picked":["Runesmith:UnstableHammer","Runesmith:HammerThrow"],"picked":"Runesmith:Repurpose","floor":3},{"not_picked":["Runesmith:CraftProtectio","Runesmith:Refine"],"picked":"Runesmith:EarthShield","floor":4},{"not_picked":["Runesmith:CraftProtectio","Runesmith:Augment"],"picked":"Runesmith:HeatedChisel","floor":7},{"not_picked":["Runesmith:StaticCage","Runesmith:RuneHurl"],"picked":"Runesmith:CraftMagma","floor":8},{"not_picked":["Runesmith:Electrocute","Runesmith:Refine"],"picked":"Runesmith:Overpower","floor":11},{"not_picked":["Runesmith:ReplicatingBarrier","Runesmith:NegativeSpace"],"picked":"Runesmith:HammerAndChisel","floor":13},{"not_picked":["Runesmith:Duplicate","Runesmith:Supernova"],"picked":"Runesmith:ReplicatingBarrier","floor":16},{"not_picked":["Go for the Eyes+1","Stack","Barrage"],"picked":"Runesmith:HammerThrow","floor":18},{"not_picked":["Runesmith:ChargedHammer","Runesmith:CraftMagma","Steam Power"],"picked":"Undo","floor":19},{"not_picked":["Ball Lightning+1","Beam Cell+1","Sweeping Beam"],"picked":"Runesmith:ChiselStab","floor":21},{"not_picked":["infinitespire:Execution","infinitespire:TheBestDefense"],"picked":"infinitespire:Oblivion","floor":22}],"player_experience":305491,"relics_obtained":[{"floor":7,"key":"Meat on the Bone"},{"floor":9,"key":"hubris:BottledRain"},{"floor":12,"key":"Ring of Searing"},{"floor":12,"key":"Ring of Peace"}],"event_choices":[{"cards_removed":["Runesmith:HammerThrow"],"damage_healed":0,"gold_gain":0,"player_choice":"Took Card","damage_taken":0,"max_hp_gain":0,"max_hp_loss":0,"event_name":"NoteForYourself","floor":20,"gold_loss":0,"cards_obtained":["FTL"]}],"is_beta":false,"boss_relics":[{"not_picked":["aspiration:SecretTechniqueScroll","hubris:ScarierMask"],"picked":"aspiration:DefectSkillbook"}],"items_purged_floors":[22],"is_endless":false,"potions_floor_spawned":[1,2,3,7,11,18,21],"killed_by":"theJungle:2_Phrogs","ascension_level":0}}