{"host":"1a3cjta80tad0aqj","time":1611235477,"event":{"mods":["2.2 Compatiblity","AchievementEnabler","BaseMod","Colored Map","DeckTracker","KOR Keyword Fix","Keyboard Shortcuts","Minty Spire (QoL Compilation)","Permanent Neow","Quick Restart","Random Character Button","StSLib","SuperFastMode","everything is the same but u backflip on backflip"],"gold_per_floor":[115,115,115,131,145,145,164,198,198,198,8,48,10,33,33,152,152,165,4,28,52,77,77,117,117,140,140,174,199,114,114,114],"floor_reached":31,"language":"KOR","playtime":1554,"items_purged":[],"score":324,"play_id":"deba7ccb-7c20-4736-95c4-aff403827872","local_time":"20210121222436","is_ascension_mode":true,"campfire_choices":[{"data":"Dualcast","floor":6.0,"key":"SMITH"},{"data":"Enlightenment","floor":10.0,"key":"SMITH"},{"floor":15.0,"key":"REST"},{"floor":23.0,"key":"REST"},{"data":"Sunder","floor":25,"key":"SMITH"},{"floor":27,"key":"REST"}],"circlet_count":0,"master_deck":["Strike_B","Strike_B","Strike_B","Strike_B","Defend_B","Defend_B","Defend_B","Defend_B","Zap","Dualcast+1","Enlightenment+1","Rebound","Glacier","Turbo","Conserve Battery","Darkness","Sunder+1","Melter","Heatsinks+1","Undo","Machine Learning+1","Go for the Eyes","Cold Snap","Storm+1","Auto Shields","Double Energy+1","Barrage+1","Capacitor+1","Defragment+1","Echo Form+1"],"relics":["Cracked Core","Golden Idol","Spirit Poop","Sundial","Kunai","DataDisk","Frozen Egg 2","Nuclear Battery","Vajra","Tiny Chest","Anchor","Art of War","Ancient Tea Set"],"acts_visited":["Exordium","TheCity"],"potions_floor_usage":[24],"damage_taken":[{"damage":8.0,"enemies":"2 Louse","floor":1.0,"turns":2.0},{"damage":7.0,"enemies":"Small Slimes","floor":4.0,"turns":2.0},{"damage":0.0,"enemies":"Cultist","floor":5.0,"turns":4.0},{"damage":0.0,"enemies":"Red Slaver","floor":7.0,"turns":3.0},{"damage":18.0,"enemies":"Lagavulin","floor":8.0,"turns":10.0},{"damage":18.0,"enemies":"3 Sentries","floor":12.0,"turns":9.0},{"damage":13.0,"enemies":"Lots of Slimes","floor":14.0,"turns":5.0},{"damage":25.0,"enemies":"The Guardian","floor":16.0,"turns":13.0},{"damage":12.0,"enemies":"Chosen","floor":18.0,"turns":3.0},{"damage":14.0,"enemies":"3 Byrds","floor":20.0,"turns":4.0},{"damage":15.0,"enemies":"Snake Plant","floor":21.0,"turns":6.0},{"damage":0.0,"enemies":"Sentry and Sphere","floor":22.0,"turns":3.0},{"damage":12,"enemies":"Book of Stabbing","floor":24,"turns":7},{"damage":34,"enemies":"Slavers","floor":28,"turns":5},{"damage":1,"enemies":"Colosseum Slavers","floor":31,"turns":4},{"damage":31,"enemies":"Colosseum Nobs","floor":31,"turns":3}],"seed_played":"8644361000268159513","potions_obtained":[{"floor":8.0,"key":"Fire Potion"},{"floor":14.0,"key":"Dexterity Potion"},{"floor":20.0,"key":"Explosive Potion"},{"floor":21.0,"key":"Swift Potion"},{"floor":28,"key":"Strength Potion"}],"is_trial":false,"path_per_floor":["M","?","?","M","M","R","M","E","T","R","$","E","$","M","R","B",null,"M","$","M","M","M","R","E","R","T","R","E","T","?","?"],"character_chosen":"DEFECT","items_purchased":["DataDisk","Sunder","Heatsinks+1","Cold Snap","Storm+1","Auto Shields"],"campfire_rested":3,"item_purchase_floors":[11,11,13,19,19,19],"current_hp_per_floor":[67,67,67,60,60,60,60,42,42,42,42,24,24,11,33,8,75,63,63,49,34,34,56,44,44,44,66,32,32,32,0,0],"gold":114,"neow_bonus":"RANDOM_COLORLESS","is_daily":false,"chose_seed":false,"campfire_upgraded":3,"win_rate":0.0,"timestamp":1611235476,"path_taken":["M","?","?","M","M","R","?","E","T","R","?","E","$","M","R","BOSS","M","$","M","?","M","R","E","R","T","R","E","?","?","?"],"items_purchased_type":["Relic","Card","Card","Card","Card","Card"],"build_version":"2020-12-22","purchased_purges":0,"victory":false,"max_hp_per_floor":[75,75,75,75,75,75,75,75,75,75,75,75,75,75,75,75,75,75,75,75,75,75,75,75,75,75,75,75,75,75,75,75],"card_choices":[{"not_picked":["Purity","Jack Of All Trades"],"picked":"Enlightenment","floor":0.0},{"not_picked":["Sweeping Beam","Skim"],"picked":"Rebound","floor":1.0},{"not_picked":["Chaos","Tempest"],"picked":"Glacier","floor":4.0},{"not_picked":["Conserve Battery","Rebound"],"picked":"Turbo","floor":5.0},{"not_picked":["Steam","Steam Power"],"picked":"Conserve Battery","floor":7.0},{"not_picked":["Reprogram","Reinforced Body"],"picked":"Darkness","floor":8.0},{"not_picked":["Rebound","Coolheaded"],"picked":"Melter","floor":12.0},{"not_picked":["Conserve Battery","Steam"],"picked":"Undo","floor":14.0},{"not_picked":["Hyperbeam","All For One"],"picked":"Machine Learning+1","floor":16.0},{"not_picked":["Reprogram","Turbo"],"picked":"Go for the Eyes","floor":18.0},{"not_picked":["Gash+1","Coolheaded"],"picked":"Double Energy+1","floor":20.0},{"not_picked":["Rebound+1","Cold Snap+1"],"picked":"Barrage+1","floor":21.0},{"not_picked":["Steam+1","Rebound"],"picked":"Capacitor+1","floor":22.0},{"not_picked":["Thunder Strike","Scrape+1"],"picked":"Defragment+1","floor":24},{"not_picked":["Reinforced Body+1","Coolheaded"],"picked":"Echo Form+1","floor":28}],"player_experience":843585,"relics_obtained":[{"floor":8.0,"key":"Sundial"},{"floor":9.0,"key":"Kunai"},{"floor":12.0,"key":"Frozen Egg 2"},{"floor":24,"key":"Vajra"},{"floor":26,"key":"Tiny Chest"},{"floor":28,"key":"Anchor"},{"floor":29,"key":"Art of War"}],"event_choices":[{"damage_healed":0.0,"max_hp_gain":0.0,"max_hp_loss":0.0,"gold_gain":0.0,"event_name":"Golden Idol","player_choice":"Take Wound","floor":2.0,"gold_loss":0.0,"damage_taken":0.0,"relics_obtained":["Golden Idol"],"cards_obtained":["Injury"]},{"cards_removed":["Injury"],"damage_healed":0.0,"max_hp_gain":0.0,"max_hp_loss":0.0,"gold_gain":0.0,"event_name":"Bonfire Elementals","player_choice":"Offered Curse","floor":3.0,"gold_loss":0.0,"damage_taken":0.0,"relics_obtained":["Spirit Poop"]},{"damage_healed":0,"gold_gain":0,"player_choice":"Obtained Relic","damage_taken":0,"relics_obtained":["Ancient Tea Set"],"max_hp_gain":0,"max_hp_loss":0,"event_name":"Addict","floor":30,"gold_loss":85},{"damage_healed":0,"gold_gain":0,"player_choice":"Fight","damage_taken":0,"max_hp_gain":0,"max_hp_loss":0,"event_name":"Colosseum","floor":31,"gold_loss":0},{"damage_healed":0,"gold_gain":0,"player_choice":"Fought Nobs","damage_taken":0,"max_hp_gain":0,"max_hp_loss":0,"event_name":"Colosseum","floor":31,"gold_loss":0}],"is_beta":false,"boss_relics":[{"not_picked":["Sozu","Tiny House"],"picked":"Nuclear Battery"}],"items_purged_floors":[],"is_endless":false,"potions_floor_spawned":[8,14,20,21,28,31],"killed_by":"Colosseum Nobs","ascension_level":3}}