{"host":"l2dnabsh5e0fsksb","time":1611198690,"event":{"mods":["2.2 Compatiblity","BaseMod","Downfall","Minty Spire (QoL Compilation)","Quick Restart","StSLib"],"gold_per_floor":[99,99,99,149,102,102,127,27,60,73,73,73,73,19,29,29,29,29],"floor_reached":16,"language":"ENG","playtime":363,"items_purged":[],"score":118,"play_id":"b309611d-d9db-411e-af8d-048e405854fb","local_time":"20210121134130","is_ascension_mode":true,"campfire_choices":[{"floor":1.0,"key":"RECALL"},{"data":"bronze:InfiniteLoop","floor":8.0,"key":"SMITH"},{"floor":13,"key":"REST"}],"circlet_count":0,"master_deck":["bronze:Strike","bronze:Strike","bronze:Strike","bronze:Defend","bronze:Defend","bronze:Defend","bronze:Defend","bronze:Replicate","bronze:Goto","bronze:Constructor","bronze:Spike","bronze:BronzeArmor","bronze:InfiniteLoop+1","bronze:Separator+1","bronze:Terminator","bronze:Deprecate","bronze:ClassDefault","bronze:Philosophize","bronze:ItsAFeature","bronze:Flail"],"relics":["bronze:BronzeCore","downfall:HeartsMalice","Anchor","downfall:HeartBlessingRed","PreservedInsect","Pear"],"acts_visited":["Exordium"],"potions_floor_usage":[],"damage_taken":[{"damage":0.0,"enemies":"2 Louse","floor":2.0,"turns":1.0},{"damage":0.0,"enemies":"2 Louse","floor":3.0,"turns":1.0},{"damage":0.0,"enemies":"downfall:FleeingMerchant","floor":5.0,"turns":1.0},{"damage":47,"enemies":"Gremlin Nob","floor":9,"turns":5},{"damage":0,"enemies":"Jaw Worm","floor":10,"turns":2},{"damage":0,"enemies":"downfall:FleeingMerchant","floor":14,"turns":4},{"damage":6,"enemies":"Cultist","floor":15,"turns":3},{"damage":51,"enemies":"SI_SHIV_ARCHETYPE","floor":16,"turns":5}],"seed_played":"4921239718010450554","potions_obtained":[{"floor":3.0,"key":"GamblersBrew"}],"is_trial":false,"path_per_floor":["R","M","?","T","$","?","T","R","E","M","?","T","R","$","M","B"],"character_chosen":"THE_AUTOMATON","items_purchased":["bronze:Separator","bronze:ItsAFeature"],"campfire_rested":1,"item_purchase_floors":[5,14],"current_hp_per_floor":[70,70,70,70,70,70,70,70,23,23,23,33,57,57,51,0,0,0],"gold":29,"neow_bonus":"THREE_ENEMY_KILL","is_daily":false,"chose_seed":false,"campfire_upgraded":1,"win_rate":0.0,"timestamp":1611198690,"path_taken":["R","M","?","?","$","?","T","R","E","?","?","?","R","?","M","BOSS"],"items_purchased_type":["Card","Card"],"build_version":"2020-12-22","purchased_purges":0,"victory":false,"max_hp_per_floor":[70,70,70,70,70,70,70,70,70,70,70,80,80,80,80,80,80,80],"card_choices":[{"not_picked":["bronze:CutThrough","bronze:OilSpill"],"picked":"bronze:Constructor","floor":2.0},{"not_picked":[],"picked":"bronze:Spike","floor":3.0},{"not_picked":["bronze:Overheat","bronze:Safeguard"],"picked":"bronze:BronzeArmor","floor":3.0},{"not_picked":["bronze:Allocate","bronze:InfiniteBeams"],"picked":"bronze:InfiniteLoop","floor":5.0},{"not_picked":["bronze:DelayedGuard","bronze:Allocate"],"picked":"bronze:Deprecate","floor":9},{"not_picked":["bronze:Shield","bronze:BurnOut"],"picked":"bronze:ClassDefault","floor":10},{"not_picked":["bronze:Allocate","bronze:Turbo"],"picked":"bronze:Philosophize","floor":14},{"not_picked":["bronze:Backtrace","bronze:ChildClass"],"picked":"bronze:Flail","floor":15}],"player_experience":1817957,"relics_obtained":[{"floor":7.0,"key":"Anchor"},{"floor":9,"key":"PreservedInsect"},{"floor":12,"key":"Pear"}],"event_choices":[{"damage_healed":0,"gold_gain":0,"player_choice":"Grow","damage_taken":0,"max_hp_gain":0,"max_hp_loss":0,"event_name":"Living Wall","floor":11,"gold_loss":0,"cards_upgraded":["bronze:Separator"]}],"is_beta":false,"boss_relics":[],"items_purged_floors":[],"is_endless":false,"potions_floor_spawned":[3],"killed_by":"SI_SHIV_ARCHETYPE","ascension_level":5}}