{"host":"sav7uxregyirlf69","time":1611235826,"event":{"mods":["AchievementEnabler","BaseMod","Colored Map","DeckTracker","Keyboard Shortcuts","Minty Spire (QoL Compilation)","READ ME - Guardian Mod","StSLib","SuperFastMode"],"gold_per_floor":[362,381,392,50,50,50,82,101,101,101,101,131,131,142,142,142,142],"floor_reached":16,"language":"KOR","playtime":267,"items_purged":["Strike_R"],"score":245,"play_id":"90f8ef1b-54af-4d91-9bc5-0716cc2e8490","local_time":"20210121223026","is_ascension_mode":true,"campfire_choices":[{"data":"Rampage","floor":6,"key":"SMITH"},{"floor":10,"key":"REST"},{"data":"True Grit","floor":15,"key":"SMITH"}],"circlet_count":0,"master_deck":["AscendersBane","Strike_R","Strike_R","Strike_R","Defend_R","Defend_R","Defend_R","Defend_R","Bash","Carnage","Power Through","Rampage+1","Rage","Headbutt","True Grit+1","Disarm","Feel No Pain","Blood for Blood"],"relics":["Burning Blood","Strawberry","Juzu Bracelet","Meat on the Bone","Mango"],"acts_visited":["Exordium"],"potions_floor_usage":[8,12],"damage_taken":[{"damage":9,"enemies":"Jaw Worm","floor":1,"turns":4},{"damage":15,"enemies":"Small Slimes","floor":2,"turns":3},{"damage":7,"enemies":"2 Louse","floor":3,"turns":3},{"damage":24,"enemies":"Gremlin Nob","floor":7,"turns":4},{"damage":25,"enemies":"Gremlin Gang","floor":8,"turns":5},{"damage":25,"enemies":"Lagavulin","floor":12,"turns":8},{"damage":9,"enemies":"Red Slaver","floor":14,"turns":4},{"damage":58,"enemies":"Hexaghost","floor":16,"turns":12}],"seed_played":"5162908018937425066","potions_obtained":[{"floor":1,"key":"SmokeBomb"},{"floor":2,"key":"ElixirPotion"},{"floor":3,"key":"LiquidBronze"}],"is_trial":false,"path_per_floor":["M","M","M","$","?","R","E","M","T","R","?","E","?","M","R","B"],"character_chosen":"IRONCLAD","items_purchased":["Rage","Strawberry","Headbutt"],"campfire_rested":1,"item_purchase_floors":[4,4,4],"current_hp_per_floor":[47,38,37,44,49,49,31,12,12,38,38,45,45,54,54,0,0],"gold":142,"neow_bonus":"TWO_FIFTY_GOLD","is_daily":false,"chose_seed":false,"campfire_upgraded":2,"win_rate":0.0,"timestamp":1611235826,"path_taken":["M","M","M","$","?","R","E","M","T","R","?","E","?","M","R","BOSS"],"items_purchased_type":["Card","Relic","Card"],"build_version":"2020-12-22","purchased_purges":1,"victory":false,"max_hp_per_floor":[75,75,75,82,87,87,87,87,87,87,87,101,101,101,101,101,101],"card_choices":[{"not_picked":["Disarm","Headbutt"],"picked":"Carnage","floor":1},{"not_picked":["True Grit","Perfected Strike"],"picked":"Power Through","floor":2},{"not_picked":["Headbutt","Searing Blow"],"picked":"Rampage","floor":3},{"not_picked":["Perfected Strike","Metallicize","Juggernaut"],"picked":"SKIP","floor":7},{"not_picked":["Dark Embrace","Anger"],"picked":"True Grit","floor":8},{"not_picked":["True Grit","Warcry"],"picked":"Disarm","floor":12},{"not_picked":["Twin Strike","Seeing Red"],"picked":"Blood for Blood","floor":14}],"player_experience":1350547,"relics_obtained":[{"floor":7,"key":"Juzu Bracelet"},{"floor":9,"key":"Meat on the Bone"},{"floor":12,"key":"Mango"}],"event_choices":[{"damage_healed":0,"gold_gain":0,"player_choice":"Donut","damage_taken":0,"max_hp_gain":5,"max_hp_loss":0,"event_name":"Big Fish","floor":5,"gold_loss":0},{"damage_healed":0,"gold_gain":0,"player_choice":"Ignored","damage_taken":0,"max_hp_gain":0,"max_hp_loss":0,"event_name":"Liars Game","floor":11,"gold_loss":0},{"damage_healed":0,"gold_gain":0,"cards_transformed":["Strike_R"],"player_choice":"Transformed","damage_taken":0,"max_hp_gain":0,"max_hp_loss":0,"event_name":"Transmorgrifier","floor":13,"gold_loss":0,"cards_obtained":["Feel No Pain"]}],"is_beta":false,"boss_relics":[],"items_purged_floors":[4],"is_endless":false,"potions_floor_spawned":[1,2,3],"killed_by":"Hexaghost","ascension_level":20}}