{"host":"iphsb0ccnjx0pfn6","time":1611213990,"event":{"mods":["2.2 Compatiblity","AchievementEnabler","BaseMod","Colored Map","DeckTracker","Keyboard Shortcuts","Minty Spire (QoL Compilation)","Permanent Neow","Quick Restart","Relic Stats","StSLib","SuperFastMode","Uncapped","everything is the same but u backflip on backflip"],"gold_per_floor":[117,131,144,155,171,171,171,171],"floor_reached":7,"language":"KOR","playtime":223,"items_purged":[],"score":90,"play_id":"6b8bc48e-b283-44eb-a6e1-ee40af44a3f7","local_time":"20210121162630","is_ascension_mode":true,"campfire_choices":[{"data":"Apotheosis","floor":6,"key":"SMITH"}],"circlet_count":0,"master_deck":["AscendersBane","Strike_R","Strike_R","Strike_R","Strike_R","Strike_R","Defend_R","Defend_R","Defend_R","Defend_R","Bash","Apotheosis+1","Twin Strike","Sword Boomerang","Burning Pact","Evolve","Pommel Strike"],"relics":["Burning Blood"],"acts_visited":["Exordium"],"potions_floor_usage":[],"damage_taken":[{"damage":14,"enemies":"Small Slimes","floor":1,"turns":4},{"damage":14,"enemies":"2 Louse","floor":2,"turns":4},{"damage":14,"enemies":"Jaw Worm","floor":3,"turns":4},{"damage":6,"enemies":"Looter","floor":4,"turns":3},{"damage":17,"enemies":"Red Slaver","floor":5,"turns":5},{"damage":10,"enemies":"3 Sentries","floor":7,"turns":3}],"seed_played":"5893732399657695144","potions_obtained":[{"floor":5,"key":"Ancient Potion"}],"is_trial":false,"path_per_floor":["M","M","M","M","M","R","E"],"character_chosen":"IRONCLAD","items_purchased":[],"campfire_rested":0,"item_purchase_floors":[],"current_hp_per_floor":[42,34,26,26,15,15,5,5],"gold":171,"neow_bonus":"RANDOM_COLORLESS_2","is_daily":false,"chose_seed":false,"campfire_upgraded":1,"win_rate":0.0,"timestamp":1611213990,"path_taken":["M","M","M","M","M","R","E"],"items_purchased_type":[],"build_version":"2020-12-22","purchased_purges":0,"victory":false,"max_hp_per_floor":[75,75,75,75,75,75,75,75],"relic_stats":{"counters":[6,23],"obtain_stats":[{"Burning Blood":0},{"Burning Blood":0},{"Burning Blood":0}],"Burning Blood":30},"card_choices":[{"not_picked":["Metamorphosis","Master of Strategy"],"picked":"Apotheosis","floor":0},{"not_picked":["Headbutt","Heavy Blade"],"picked":"Twin Strike","floor":1},{"not_picked":["Heavy Blade","Clash"],"picked":"Sword Boomerang","floor":2},{"not_picked":["Anger","Perfected Strike"],"picked":"Burning Pact","floor":3},{"not_picked":["Seeing Red","Sword Boomerang"],"picked":"Evolve","floor":4},{"not_picked":["Wild Strike","Pummel"],"picked":"Pommel Strike","floor":5}],"player_experience":1273220,"relics_obtained":[],"event_choices":[],"is_beta":false,"boss_relics":[],"items_purged_floors":[],"is_endless":false,"potions_floor_spawned":[5],"killed_by":"3 Sentries","ascension_level":20}}