{"host":"och2iitg9ibgz06n","time":1611221077,"event":{"mods":["Abigail Mod","AchievementEnabler","Aspiration","BaseMod","Colored Powertips","Dio Mod","Hubris","Hyrulean Relics","Infinite Spire","Minty Spire (QoL Compilation)","Replay The Spire","Small Relic Pack","StSLib","The Animator","The Bug Knight","The Hierophant","The Jungle","The Saiyan","TheHero","Wandering Minibosses","everything is the same but u backflip on backflip","slay the spire mod where everything is the same but ironclad has a cowboy hat","vexMod"],"gold_per_floor":[118,134,209,200,200,200,235,242,242,257,100,100,119,106,106,188,288,295,304,304,323,422,422,437,397,447,447,444,444,444,444,444,424,424],"floor_reached":33,"language":"ENG","playtime":1580,"items_purged":[],"score":309,"play_id":"76c6959f-8987-41db-8bb8-6dbcb555ea31","local_time":"20210121032437","is_ascension_mode":true,"campfire_choices":[{"data":"animeID:TodorokiShoto","floor":6,"key":"SMITH"},{"floor":12,"key":"REST"},{"floor":23,"key":"REST"},{"floor":27,"key":"REST"},{"floor":30,"key":"REST"},{"floor":32,"key":"REST"}],"circlet_count":0,"master_deck":["animeID:Deku+1","animeID:Bakugo","animeID:Smash","animeID:Smash","animeID:Smash","animeID:Smash","animeID:DefendMH","animeID:DefendMH","animeID:DefendMH","animeID:DefendMH","animator:Defend_OwariNoSeraph","dioMod:Strike","animeID:NightEye","animeID:TodorokiShoto+1","animeID:TetsuTetsu","animeID:Mina","animeID:Mineta+1","animeID:Kirishima","animeID:ProminenceBurn","animeID:RecoveryGirl","animeID:Bakugo","animeID:PresentMic","animeID:Mina","animeID:TodorokiShoto","animeID:FullCowl+1","animeID:MirioTogata","animeID:EraserHead+1","animeID:Iida"],"relics":["animeID:HeroCostume","Mummified Hand","Replay:Wanted Poster","hubris:ToyBattleship","Pet Ghost"],"acts_visited":["Exordium","TheCity"],"potions_floor_usage":[31],"damage_taken":[{"damage":0,"enemies":"2 Louse","floor":1,"turns":1},{"damage":8,"enemies":"Small Slimes","floor":2,"turns":5},{"damage":8,"enemies":"Cultist","floor":4,"turns":6},{"damage":22,"enemies":"Lagavulin","floor":7,"turns":9},{"damage":13,"enemies":"Exordium Wildlife","floor":8,"turns":6},{"damage":7,"enemies":"Lots of Slimes","floor":10,"turns":3},{"damage":5,"enemies":"Large Slime","floor":13,"turns":6},{"damage":16,"enemies":"Red Slaver","floor":14,"turns":7},{"damage":27,"enemies":"Hexaghost","floor":16,"turns":11},{"damage":31,"enemies":"Spheric Guardian","floor":18,"turns":6},{"damage":16,"enemies":"Chosen","floor":19,"turns":6},{"damage":22,"enemies":"Snecko","floor":21,"turns":8},{"damage":62,"enemies":"Slavers","floor":24,"turns":5},{"damage":12,"enemies":"Chosen and Byrds","floor":28,"turns":7},{"damage":26,"enemies":"Snake Plant","floor":31,"turns":4},{"damage":87,"enemies":"Pondfish","floor":33,"turns":14}],"seed_played":"-6428108797460966995","potions_obtained":[{"floor":4,"key":"LiquidBronze"},{"floor":8,"key":"Dexterity Potion"},{"floor":10,"key":"Elixir"},{"floor":16,"key":"Dexterity Potion"},{"floor":24,"key":"Energy Potion"},{"floor":31,"key":"CultistPotion"}],"is_trial":false,"path_per_floor":["M","M","?","M","?","R","E","M","T","M","$","R","M","M","R","B",null,"M","M","?","M","?","R","E","?","T","R","M","?","R","M","R","B"],"character_chosen":"THE_HERO","items_purchased":["animeID:ProminenceBurn"],"campfire_rested":5,"item_purchase_floors":[11],"current_hp_per_floor":[89,83,72,68,68,68,50,39,39,34,34,60,59,51,77,60,89,62,54,54,42,42,68,14,14,14,40,36,30,56,38,64,0,0],"gold":424,"neow_bonus":"TWENTY_PERCENT_HP_BONUS","is_daily":false,"chose_seed":false,"campfire_upgraded":1,"win_rate":0.0,"timestamp":1611221077,"path_taken":["M","M","?","M","?","R","E","M","T","M","$","R","M","M","R","BOSS","M","M","?","M","?","R","E","?","T","R","?","?","R","?","R","BOSS"],"items_purchased_type":["Card"],"build_version":"2020-12-22","purchased_purges":0,"victory":false,"max_hp_per_floor":[89,89,89,89,89,89,89,89,89,89,89,89,89,89,89,89,89,89,89,89,89,89,89,89,89,89,89,89,89,89,89,89,89,89],"card_choices":[{"not_picked":["animeID:Crystallize","animeID:Aoyama"],"picked":"animeID:NightEye","floor":1},{"not_picked":["animeID:Aoyama","animeID:Ojiro"],"picked":"animeID:TodorokiShoto","floor":2},{"not_picked":["animeID:Twice","animeID:Nomu"],"picked":"animeID:TetsuTetsu","floor":4},{"not_picked":["animeID:DelawareSmash","animeID:Shigaraki"],"picked":"animeID:Mina","floor":7},{"not_picked":["animeID:Nomu","animeID:Ojiro"],"picked":"animeID:Mineta","floor":8},{"not_picked":["animeID:Tsuyu","animeID:Muscular"],"picked":"animeID:Kirishima","floor":10},{"not_picked":["animeID:DelawareSmash","animeID:Mina"],"picked":"animeID:RecoveryGirl","floor":13},{"not_picked":["animeID:Twice","animeID:Chisaki"],"picked":"animeID:Bakugo","floor":14},{"not_picked":["animeID:ProminenceBurn","animeID:Shigaraki"],"picked":"animeID:PresentMic","floor":16},{"not_picked":["animeID:Tsuyu","animeID:Ojiro"],"picked":"animeID:Mina","floor":18},{"not_picked":["animeID:Rappa","animeID:ProminenceBurn"],"picked":"animeID:TodorokiShoto","floor":19},{"not_picked":["animeID:Mezo+1","animeID:ToruHagakure"],"picked":"animeID:FullCowl+1","floor":21},{"not_picked":["animeID:AllForOne","animeID:GranTorino"],"picked":"animeID:MirioTogata","floor":24},{"not_picked":["animeID:Uraraka","animeID:Kirishima"],"picked":"animeID:EraserHead+1","floor":28},{"not_picked":["animeID:Uraraka","animeID:Aoyama"],"picked":"animeID:Iida","floor":31}],"player_experience":430425,"relics_obtained":[{"floor":7,"key":"Mummified Hand"},{"floor":24,"key":"hubris:ToyBattleship"},{"floor":26,"key":"Pet Ghost"}],"event_choices":[{"damage_healed":0,"gold_gain":75,"player_choice":"Gather Gold","damage_taken":11,"max_hp_gain":0,"max_hp_loss":0,"event_name":"World of Goop","floor":3,"gold_loss":0},{"damage_healed":0,"gold_gain":99,"player_choice":"Stole From Cult","damage_taken":0,"max_hp_gain":0,"max_hp_loss":0,"event_name":"Nest","floor":22,"gold_loss":0},{"damage_healed":0,"gold_gain":0,"player_choice":"Upgrade","damage_taken":0,"max_hp_gain":0,"max_hp_loss":0,"event_name":"Designer","floor":25,"gold_loss":40,"cards_upgraded":["animeID:Mineta"]},{"damage_healed":0,"gold_gain":0,"player_choice":"","damage_taken":6,"max_hp_gain":0,"max_hp_loss":0,"event_name":"Knowing Skull","floor":29,"potions_obtained":[],"gold_loss":0,"cards_obtained":[]}],"is_beta":false,"boss_relics":[{"not_picked":["Sozu","infinitespire:Cupcake"],"picked":"Replay:Wanted Poster"}],"items_purged_floors":[],"is_endless":false,"potions_floor_spawned":[4,8,10,16,24,31],"killed_by":"Pondfish","ascension_level":3}}