{"host":"dowi7cgbhepuzvpj","time":1611194081,"event":{"mods":["AchievementEnabler","BaseMod","Colored Map","Highlight Path","Keyboard Shortcuts","Minty Spire (QoL Compilation)","Permanent Neow","Quick Restart","StSLib","SuperFastMode"],"gold_per_floor":[109,109,122,197,222,234,246,258,294,306,28,28,40,60,60,159,159,172,172,372,382,9,9,19,48,48,78,177,92,92,17,17,116,116,132,144,44,89,89,89,123,123,177,195,2,352,106,123,123,123,123],"floor_reached":50,"language":"KOR","playtime":1160,"items_purged":["Strike_G","Strike_G+1"],"score":897,"play_id":"d0e8d216-e73c-4017-bd1a-d9c65e1d5f13","local_time":"20210121105441","is_ascension_mode":true,"campfire_choices":[{"data":"Neutralize","floor":6.0,"key":"SMITH"},{"data":"Strike_G","floor":8.0,"key":"PURGE"},{"data":"Strike_G","floor":10.0,"key":"PURGE"},{"data":"Defend_G","floor":12.0,"key":"PURGE"},{"data":"Bouncing Flask","floor":15.0,"key":"SMITH"},{"data":"Footwork","floor":23,"key":"SMITH"},{"data":"Burst","floor":32,"key":"SMITH"},{"floor":40,"key":"REST"},{"floor":49,"key":"RECALL"}],"circlet_count":0,"master_deck":["Defend_G","Defend_G","Defend_G+1","Defend_G","Survivor","Neutralize+1","CurseOfTheBell","Poisoned Stab","Blur","Bouncing Flask+1","Footwork+1","Burst+1","Noxious Fumes","Noxious Fumes","Escape Plan","Burst","Noxious Fumes","Leg Sweep","Madness","Madness","Footwork","Footwork","Backflip"],"relics":["Calling Bell","Bag of Marbles","Paper Crane","Peace Pipe","MawBank","Snake Skull","Eternal Feather","Sozu","TwistedFunnel","Centennial Puzzle","Boot","Gremlin Horn","Meat on the Bone","SlaversCollar","Ice Cream","Pear","Akabeko","Medical Kit","Old Coin","Bottled Tornado"],"acts_visited":["Exordium","TheCity","TheBeyond"],"potions_floor_usage":[16],"damage_taken":[{"damage":10.0,"enemies":"Small Slimes","floor":1.0,"turns":4.0},{"damage":0.0,"enemies":"2 Louse","floor":3.0,"turns":3.0},{"damage":0.0,"enemies":"Jaw Worm","floor":13.0,"turns":3.0},{"damage":0.0,"enemies":"Looter","floor":14.0,"turns":4.0},{"damage":0,"enemies":"The Guardian","floor":16,"turns":7},{"damage":17,"enemies":"2 Thieves","floor":18,"turns":5},{"damage":0,"enemies":"Spheric Guardian","floor":21,"turns":4},{"damage":0,"enemies":"Snake Plant","floor":24,"turns":3},{"damage":1,"enemies":"Gremlin Leader","floor":25,"turns":7},{"damage":6,"enemies":"Book of Stabbing","floor":27,"turns":5},{"damage":48,"enemies":"Automaton","floor":33,"turns":9},{"damage":30,"enemies":"3 Darklings","floor":35,"turns":4},{"damage":9,"enemies":"Orb Walker","floor":36,"turns":4},{"damage":25,"enemies":"2 Orb Walkers","floor":38,"turns":4},{"damage":17,"enemies":"Reptomancer","floor":41,"turns":5},{"damage":15,"enemies":"3 Darklings","floor":44,"turns":5},{"damage":0,"enemies":"Mind Bloom Boss Battle","floor":46,"turns":7},{"damage":24,"enemies":"4 Shapes","floor":48,"turns":5},{"damage":54,"enemies":"Donu and Deca","floor":50,"turns":3}],"seed_played":"8987721129468250821","potions_obtained":[{"floor":13.0,"key":"CultistPotion"},{"floor":14.0,"key":"DuplicationPotion"},{"floor":16,"key":"DuplicationPotion"}],"is_trial":false,"path_per_floor":["M","?","M","?","T","R","?","R","T","R","$","R","M","M","R","B",null,"M","?","?","M","$","R","M","E","T","E","?","?","T","?","R","B",null,"M","M","$","?","?","R","E","?","T","M","$","?","$","M","R","B"],"character_chosen":"THE_SILENT","items_purchased":["Eternal Feather","Blur","Noxious Fumes","TwistedFunnel","Escape Plan","Medical Kit","Backflip","Bottled Tornado"],"campfire_rested":1,"item_purchase_floors":[11,11,22,22,22,45,45,47],"current_hp_per_floor":[53,39,39,28,28,28,51,51,51,51,51,57,57,57,63,63,68,51,38,38,38,38,47,47,46,46,40,40,40,40,40,49,13,60,42,45,45,32,23,57,50,50,50,47,47,47,47,35,47,0,0],"gold":123,"neow_bonus":"BOSS_RELIC","is_daily":false,"chose_seed":false,"campfire_upgraded":4,"win_rate":0.0,"timestamp":1611194081,"path_taken":["M","?","M","?","?","R","?","R","T","R","$","R","M","?","R","BOSS","M","?","?","?","$","R","M","E","T","E","?","?","?","?","R","BOSS","M","M","$","?","?","R","E","?","T","?","$","?","$","M","R","BOSS"],"items_purchased_type":["Relic","Card","Card","Relic","Card","Relic","Card","Relic"],"build_version":"2020-12-22","purchased_purges":2,"victory":false,"max_hp_per_floor":[70,70,70,70,70,70,70,70,70,70,70,70,70,70,70,70,70,70,75,75,75,75,75,75,75,75,75,75,75,75,75,75,75,75,75,75,75,75,75,75,85,85,85,85,85,85,85,85,85,85,85],"card_choices":[{"not_picked":["Flying Knee","Predator"],"picked":"Poisoned Stab","floor":1.0},{"not_picked":["Prepared","Outmaneuver","Backstab"],"picked":"SKIP","floor":3.0},{"not_picked":["Flying Knee","Caltrops"],"picked":"Bouncing Flask","floor":13.0},{"not_picked":["Blade Dance","Dagger Throw"],"picked":"Footwork","floor":14.0},{"not_picked":["Phantasmal Killer","Wraith Form v2"],"picked":"Burst","floor":16},{"not_picked":["Quick Slash","Poisoned Stab","Endless Agony"],"picked":"SKIP","floor":18},{"not_picked":["Deadly Poison+1","Skewer+1"],"picked":"Noxious Fumes","floor":21},{"not_picked":["Flying Knee","Deflect","Acrobatics"],"picked":"SKIP","floor":24},{"not_picked":["Outmaneuver","Bane","Heel Hook"],"picked":"SKIP","floor":25},{"not_picked":["Calculated Gamble+1","Underhanded Strike","Outmaneuver"],"picked":"SKIP","floor":27},{"not_picked":["Phantasmal Killer","Glass Knife"],"picked":"Burst","floor":33},{"not_picked":["Bane+1","Choke+1"],"picked":"Noxious Fumes","floor":35},{"not_picked":["Slice+1","Deadly Poison+1"],"picked":"Leg Sweep","floor":36},{"not_picked":["Dagger Throw+1","Predator+1"],"picked":"Footwork","floor":41},{"not_picked":["Setup","Masterful Stab"],"picked":"Footwork","floor":44},{"not_picked":["Concentrate+1","Bane+1","Calculated Gamble+1"],"picked":"SKIP","floor":48}],"player_experience":835894,"relics_obtained":[{"floor":0.0,"key":"Bag of Marbles"},{"floor":0.0,"key":"Paper Crane"},{"floor":0.0,"key":"Peace Pipe"},{"floor":5.0,"key":"MawBank"},{"floor":9.0,"key":"Snake Skull"},{"floor":25,"key":"Centennial Puzzle"},{"floor":27,"key":"Boot"},{"floor":30,"key":"Meat on the Bone"},{"floor":38,"key":"Ice Cream"},{"floor":41,"key":"Pear"},{"floor":43,"key":"Akabeko"},{"floor":46,"key":"Old Coin"}],"event_choices":[{"damage_healed":0.0,"max_hp_gain":0.0,"max_hp_loss":0.0,"gold_gain":0.0,"event_name":"Shining Light","player_choice":"Entered Light","floor":2.0,"gold_loss":0.0,"damage_taken":14.0,"cards_upgraded":["Defend_G","Strike_G"]},{"damage_healed":0.0,"max_hp_gain":0.0,"max_hp_loss":0.0,"gold_gain":75.0,"event_name":"World of Goop","player_choice":"Gather Gold","floor":4.0,"gold_loss":0.0,"damage_taken":11.0},{"damage_healed":23.0,"max_hp_gain":0.0,"max_hp_loss":0.0,"gold_gain":0.0,"event_name":"Big Fish","player_choice":"Banana","floor":7.0,"gold_loss":0.0,"damage_taken":0.0},{"damage_healed":0,"gold_gain":0,"player_choice":"Shed Blood","damage_taken":18,"max_hp_gain":5,"max_hp_loss":0,"event_name":"Forgotten Altar","floor":19,"gold_loss":0},{"damage_healed":0,"gold_gain":200,"player_choice":"Gold","damage_taken":0,"max_hp_gain":0,"max_hp_loss":0,"event_name":"Wheel of Change","floor":20,"gold_loss":0},{"damage_healed":0,"gold_gain":99,"player_choice":"Stole From Cult","damage_taken":0,"max_hp_gain":0,"max_hp_loss":0,"event_name":"Nest","floor":28,"gold_loss":0},{"damage_healed":0,"gold_gain":0,"player_choice":"Obtained Relic","damage_taken":0,"relics_obtained":["Gremlin Horn"],"max_hp_gain":0,"max_hp_loss":0,"event_name":"Addict","floor":29,"gold_loss":85},{"cards_removed":["Strike_G"],"damage_healed":0,"gold_gain":0,"player_choice":"Gave Gold","damage_taken":0,"max_hp_gain":0,"max_hp_loss":0,"event_name":"Beggar","floor":31,"gold_loss":75},{"damage_healed":0,"gold_gain":0,"player_choice":"Fight","damage_taken":0,"max_hp_gain":0,"max_hp_loss":0,"event_name":"Mysterious Sphere","floor":38,"gold_loss":0},{"damage_healed":0,"gold_gain":0,"player_choice":"Embrace Madness","damage_taken":9,"max_hp_gain":0,"max_hp_loss":0,"event_name":"Winding Halls","floor":39,"gold_loss":0,"cards_obtained":["Madness","Madness"]},{"damage_healed":0,"gold_gain":0,"player_choice":"Ignored","damage_taken":0,"max_hp_gain":0,"max_hp_loss":0,"event_name":"SecretPortal","floor":42,"gold_loss":0},{"damage_healed":0,"gold_gain":0,"player_choice":"Fight","damage_taken":0,"max_hp_gain":0,"max_hp_loss":0,"event_name":"MindBloom","floor":46,"gold_loss":0}],"is_beta":false,"boss_relics":[{"not_picked":["Velvet Choker","Pandora\u0027s Box"],"picked":"Sozu"},{"not_picked":["Runic Dome","Philosopher\u0027s Stone"],"picked":"SlaversCollar"}],"items_purged_floors":[22,37],"is_endless":false,"potions_floor_spawned":[13,14,16,18,24,33,38,46,48],"killed_by":"Donu and Deca","ascension_level":9}}