{"host":"88q0baq93r2cvn7j","time":1611251568,"event":{"mods":["AchievementEnabler","Act Like it!","BaseMod","GungeonMod","Minty Spire (QoL Compilation)","StSLib"],"gold_per_floor":[119,136,149,0,40,73,148,148,148,159,190,209,209,209],"floor_reached":13,"language":"ZHS","playtime":428,"items_purged":[],"score":121,"play_id":"a0ede039-6d97-4c3c-a8c6-3efad0474063","local_time":"20210122015248","is_ascension_mode":true,"campfire_choices":[{"data":"DemoMod:FullFirepower","floor":8,"key":"SMITH"}],"circlet_count":0,"master_deck":["DemoMod:Strike_Huntress","DemoMod:Strike_Huntress","DemoMod:Strike_Huntress","DemoMod:Defend_Huntress","DemoMod:Defend_Huntress","DemoMod:Defend_Huntress","DemoMod:Defend_Huntress","DemoMod:Roll","DemoMod:ManualReload","DemoMod:RustySidearm","DemoMod:CrossBow","DemoMod:MegaHand","DemoMod:EasyReloadBullets","DemoMod:FullFirepower+1","DemoMod:TripleGun","DemoMod:BattleInHaste","DemoMod:HighKaliber","DemoMod:PotionOfGunFriendShip","DemoMod:ShadowBullets+1","DemoMod:AWP"],"relics":["DemoMod:Dog","NeowsBlessing","DemoMod:GnawedKey","Incense Burner","DemoMod:RingOfEthereal","Frozen Egg 2"],"acts_visited":["Exordium"],"potions_floor_usage":[5,5,11,12],"damage_taken":[{"damage":0.0,"enemies":"Cultist","floor":1.0,"turns":1.0},{"damage":0.0,"enemies":"Small Slimes","floor":2.0,"turns":1.0},{"damage":0.0,"enemies":"2 Louse","floor":3.0,"turns":1.0},{"damage":0,"enemies":"Large Slime","floor":5,"turns":2},{"damage":16,"enemies":"Lagavulin","floor":6,"turns":6},{"damage":12,"enemies":"Blue Slaver","floor":10,"turns":3},{"damage":28,"enemies":"3 Sentries","floor":11,"turns":3},{"damage":6,"enemies":"3 Louse","floor":12,"turns":3},{"damage":18,"enemies":"Gremlin Nob","floor":13,"turns":2}],"seed_played":"-3671107402444943082","potions_obtained":[{"floor":1.0,"key":"Strength Potion"},{"floor":2.0,"key":"LiquidBronze"},{"floor":3.0,"key":"LiquidMemories"},{"floor":11,"key":"LiquidMemories"}],"is_trial":false,"path_per_floor":["M","M","M","$","M","E","?","R","T","M","E","M","E"],"character_chosen":"HUNTRESS","items_purchased":["DemoMod:GnawedKey","DemoMod:TripleGun"],"campfire_rested":0,"item_purchase_floors":[4,4],"current_hp_per_floor":[70,70,70,70,70,54,47,47,47,35,7,1,0,0],"gold":209,"neow_bonus":"THREE_ENEMY_KILL","is_daily":false,"chose_seed":false,"campfire_upgraded":1,"win_rate":0.0,"timestamp":1611251568,"path_taken":["M","?","M","$","M","E","?","R","T","M","E","M","E"],"items_purchased_type":["Relic","Card"],"build_version":"2020-12-22","purchased_purges":0,"victory":false,"max_hp_per_floor":[70,70,70,70,70,70,70,70,70,70,70,70,70,70],"card_choices":[{"not_picked":["DemoMod:Ejector","DemoMod:Unmoved"],"picked":"DemoMod:MegaHand","floor":1.0},{"not_picked":["DemoMod:GunShield","DemoMod:BattleInHaste"],"picked":"DemoMod:EasyReloadBullets","floor":2.0},{"not_picked":["DemoMod:FastSwitch","DemoMod:GunstockTap"],"picked":"DemoMod:FullFirepower","floor":3.0},{"not_picked":["DemoMod:MegaHand","DemoMod:ZorGun"],"picked":"DemoMod:BattleInHaste","floor":5},{"not_picked":["DemoMod:Replace","DemoMod:EasyReloadBullets"],"picked":"DemoMod:HighKaliber","floor":6},{"not_picked":["DemoMod:FullFirepower","DemoMod:AbyssalTentacle"],"picked":"DemoMod:PotionOfGunFriendShip","floor":10},{"not_picked":["DemoMod:BattleInHaste","DemoMod:HuntsMan"],"picked":"DemoMod:ShadowBullets+1","floor":11},{"not_picked":["DemoMod:PotionOfGunFriendShip","DemoMod:JK47"],"picked":"DemoMod:AWP","floor":12}],"player_experience":351064,"relics_obtained":[{"floor":6,"key":"Incense Burner"},{"floor":9,"key":"DemoMod:RingOfEthereal"},{"floor":11,"key":"Frozen Egg 2"}],"event_choices":[{"damage_healed":0,"gold_gain":75,"player_choice":"Touch","damage_taken":7,"max_hp_gain":0,"max_hp_loss":0,"event_name":"FaceTrader","floor":7,"gold_loss":0}],"is_beta":false,"boss_relics":[],"items_purged_floors":[],"is_endless":false,"potions_floor_spawned":[1,2,3,11],"killed_by":"Gremlin Nob","ascension_level":5}}