{"host":"rhi1xaphgh1gkral","time":1611202667,"event":{"mods":["Aspiration","BaseMod","Conspire","Downfall","Energized Spire","GifTheSpireLib","Halation","Hubris","Infinite Spire","Ironclad Rager","Jedi Mod","Minty Spire (QoL Compilation)","StSLib","Stuff the Spire","vexMod"],"gold_per_floor":[99,99,99,99,99,99,99,133,152,168,168,68,88,122,135,135,135,135],"floor_reached":16,"language":"ENG","playtime":1149,"items_purged":[],"score":108,"play_id":"3cc195a0-34ad-452c-a03b-72e924c449f0","local_time":"20210121011747","is_ascension_mode":false,"campfire_choices":[{"floor":1,"key":"RECALL"},{"floor":12,"key":"REST"}],"circlet_count":0,"master_deck":["champ:Strike","champ:Strike","champ:Strike","champ:Strike","champ:Defend","champ:Defend","champ:Defend","champ:Defend","champ:Execute","champ:Taunt","champ:Backstep","champ:FancyFootwork","champ:PreciseThrust","champ:TornadoPunch","champ:FlashCut","champ:EndlessRage","champ:GladiatorStyle"],"relics":["champ:ChampionCrown","downfall:HeartsMalice","StuffTheSpire:OldFever","hubris:Towel","downfall:HeartBlessingBlue","HornCleat"],"acts_visited":["Exordium"],"potions_floor_usage":[14,16,16,16],"damage_taken":[{"damage":0,"enemies":"Small Slimes","floor":2,"turns":1},{"damage":0,"enemies":"conspire:RoseBush","floor":5,"turns":1},{"damage":0,"enemies":"infinitespire:Voidling","floor":6,"turns":1},{"damage":40,"enemies":"Gremlin Nob","floor":8,"turns":5},{"damage":23,"enemies":"Exordium Wildlife","floor":9,"turns":4},{"damage":2,"enemies":"Blue Slaver","floor":10,"turns":3},{"damage":24,"enemies":"Lots of Slimes","floor":13,"turns":4},{"damage":28,"enemies":"Lagavulin","floor":14,"turns":6},{"damage":14,"enemies":"3 Louse","floor":15,"turns":3},{"damage":58,"enemies":"IC_STATUS_ARCHETYPE","floor":16,"turns":10}],"seed_played":"5362517041931316828","potions_obtained":[{"floor":4,"key":"jedi:StrikingPotion"},{"floor":4,"key":"SneckoOil"},{"floor":4,"key":"Dexterity Potion"},{"floor":8,"key":"Weak Potion"},{"floor":15,"key":"DistilledChaos"}],"is_trial":false,"path_per_floor":["R","M","?","?","M","M","T","E","M","M","?","R","M","E","M","B"],"character_chosen":"THE_CHAMP","items_purchased":[],"campfire_rested":1,"item_purchase_floors":[],"current_hp_per_floor":[90,90,90,90,90,90,90,70,57,55,55,95,71,53,39,0,0,0],"gold":135,"neow_bonus":"THREE_ENEMY_KILL","is_daily":false,"chose_seed":false,"campfire_upgraded":0,"win_rate":0.0,"timestamp":1611202667,"path_taken":["R","M","?","?","?","M","T","E","M","M","?","R","M","E","M","BOSS"],"items_purchased_type":[],"build_version":"2020-12-22","purchased_purges":0,"victory":false,"max_hp_per_floor":[90,90,90,90,90,90,90,90,90,90,90,100,100,100,100,100,100,100],"card_choices":[{"not_picked":["champ:Circumvent","champ:BladeFlurry","champ:Backstep"],"picked":"SKIP","floor":2},{"not_picked":["champ:Circumvent","champ:BladeFlurry"],"picked":"champ:Backstep","floor":2},{"not_picked":["champ:Circumvent","champ:CrookedStrike"],"picked":"champ:FancyFootwork","floor":5},{"not_picked":["champ:RapidStrikes","champ:EndlessRage"],"picked":"champ:PreciseThrust","floor":6},{"not_picked":["champ:Endure","champ:CrownThrow"],"picked":"champ:TornadoPunch","floor":8},{"not_picked":["champ:FanOfKnives","champ:Haymaker"],"picked":"champ:FlashCut","floor":9},{"not_picked":["champ:HeavySlash","champ:FocusedBerserking"],"picked":"champ:EndlessRage","floor":10},{"not_picked":["champ:EndlessRage","champ:AdrenalArmor","champ:Endure"],"picked":"SKIP","floor":13},{"not_picked":["champ:FocusedBerserking","champ:CalledShot","champ:PreemptiveStrike"],"picked":"SKIP","floor":14},{"not_picked":["champ:EnragedBash","champ:AdrenalArmor"],"picked":"champ:GladiatorStyle","floor":15}],"player_experience":129972,"relics_obtained":[{"floor":8,"key":"StuffTheSpire:OldFever"},{"floor":14,"key":"HornCleat"}],"event_choices":[{"damage_healed":0,"gold_gain":0,"player_choice":"Got Potions","damage_taken":0,"max_hp_gain":0,"max_hp_loss":0,"event_name":"Lab","floor":4,"gold_loss":0}],"is_beta":false,"boss_relics":[],"items_purged_floors":[],"is_endless":false,"potions_floor_spawned":[8,9,14,15],"killed_by":"IC_STATUS_ARCHETYPE","ascension_level":0}}