{"host":"f5uumzf5hfexzk8l","time":1611207125,"event":{"mods":["AchievementEnabler","BaseMod","Bestiary","Colored Map","Googly Eyes","Minty Spire (QoL Compilation)","Permanent Neow","Relic Sorter","Relic Stats","SuperFastMode","Unceasing Turn Reminder","everything is the same but u backflip on backflip"],"gold_per_floor":[114,130,142,156,173,199,217,250,250,250,261,291,291,303,303,402,402,413,192,206,116,130,162,162,162,162],"floor_reached":25,"language":"ENG","playtime":836,"items_purged":["Strike_B"],"score":401,"play_id":"ee544abb-6c39-4704-8c2c-d8e3d8568665","local_time":"20210120213205","is_ascension_mode":true,"campfire_choices":[{"data":"Recycle","floor":10,"key":"SMITH"},{"data":"Hyperbeam","floor":13,"key":"SMITH"},{"data":"Loop","floor":15,"key":"SMITH"},{"floor":24,"key":"REST"}],"circlet_count":0,"master_deck":["Strike_B","Strike_B","Defend_B","Defend_B","Defend_B","Defend_B","Zap","Dualcast","Hologram","Chill","Doom and Gloom","Loop+1","Ball Lightning","Hyperbeam+1","Recycle+1","Loop","Cold Snap","Biased Cognition+1","Conserve Battery","Undo+1","Buffer","Loop+1"],"relics":["Cracked Core","FossilizedHelix","Gremlin Horn","TungstenRod","Bag of Marbles","Orichalcum","Velvet Choker","Bronze Scales","Dream Catcher"],"acts_visited":["Exordium","TheCity"],"potions_floor_usage":[16,25],"damage_taken":[{"damage":0,"enemies":"Cultist","floor":1,"turns":3},{"damage":0,"enemies":"Small Slimes","floor":2,"turns":4},{"damage":0,"enemies":"2 Louse","floor":3,"turns":3},{"damage":0,"enemies":"Blue Slaver","floor":4,"turns":3},{"damage":9,"enemies":"Exordium Wildlife","floor":5,"turns":3},{"damage":8,"enemies":"Lagavulin","floor":6,"turns":5},{"damage":4,"enemies":"Exordium Thugs","floor":7,"turns":5},{"damage":0,"enemies":"Gremlin Nob","floor":8,"turns":3},{"damage":0,"enemies":"Blue Slaver","floor":11,"turns":3},{"damage":9,"enemies":"3 Sentries","floor":12,"turns":4},{"damage":3,"enemies":"Red Slaver","floor":14,"turns":3},{"damage":12,"enemies":"The Guardian","floor":16,"turns":7},{"damage":2,"enemies":"Shell Parasite","floor":18,"turns":5},{"damage":0,"enemies":"Spheric Guardian","floor":20,"turns":3},{"damage":0,"enemies":"Chosen and Byrds","floor":22,"turns":5},{"damage":53,"enemies":"Gremlin Leader","floor":23,"turns":7},{"damage":23,"enemies":"Book of Stabbing","floor":25,"turns":4}],"seed_played":"5104395765722381243","potions_obtained":[{"floor":2,"key":"Strength Potion"},{"floor":3,"key":"AttackPotion"},{"floor":4,"key":"EssenceOfSteel"},{"floor":5,"key":"Fire Potion"},{"floor":16,"key":"AttackPotion"}],"is_trial":false,"path_per_floor":["M","M","M","M","M","E","M","E","T","R","M","E","R","M","R","B",null,"M","$","M","?","M","E","R","E"],"character_chosen":"DEFECT","items_purchased":["Bronze Scales"],"campfire_rested":1,"item_purchase_floors":[19],"current_hp_per_floor":[68,68,68,68,59,51,47,47,47,47,47,38,38,35,35,23,57,55,55,55,55,55,2,22,0,0],"gold":162,"neow_bonus":"ONE_RARE_RELIC","is_daily":false,"chose_seed":false,"campfire_upgraded":3,"win_rate":0.0,"timestamp":1611207125,"path_taken":["M","M","M","M","M","E","M","E","T","R","M","E","R","M","R","BOSS","M","$","?","?","?","E","R","E"],"items_purchased_type":["Relic"],"build_version":"2020-12-22","purchased_purges":1,"victory":false,"max_hp_per_floor":[68,68,68,68,68,68,68,68,68,68,68,68,68,68,68,68,68,68,68,68,68,68,68,68,68,68],"relic_stats":{"Dream Catcher":1,"Gremlin Horn":[7,7],"counters":[17,69],"Bronze Scales":[74],"Orichalcum":[30],"obtain_stats":[{"Dream Catcher":23,"Gremlin Horn":6,"Bronze Scales":19,"Velvet Choker":17,"Bag of Marbles":9,"Orichalcum":12,"Cracked Core":0,"FossilizedHelix":0,"TungstenRod":8},{"Dream Catcher":16,"Gremlin Horn":6,"Bronze Scales":13,"Velvet Choker":12,"Bag of Marbles":8,"Orichalcum":10,"Cracked Core":0,"FossilizedHelix":0,"TungstenRod":8},{"Dream Catcher":65,"Gremlin Horn":21,"Bronze Scales":50,"Velvet Choker":45,"Bag of Marbles":29,"Orichalcum":36,"Cracked Core":0,"FossilizedHelix":0,"TungstenRod":29}],"TungstenRod":17},"card_choices":[{"not_picked":["Auto Shields","Cold Snap"],"picked":"Hologram","floor":1},{"not_picked":["Stack","Rip and Tear"],"picked":"Chill","floor":2},{"not_picked":["Turbo","Cold Snap"],"picked":"Doom and Gloom","floor":3},{"not_picked":["Conserve Battery","Steam Power"],"picked":"Loop","floor":4},{"not_picked":["Sweeping Beam","Chill"],"picked":"Ball Lightning","floor":5},{"not_picked":["Beam Cell","Hologram"],"picked":"Hyperbeam","floor":6},{"not_picked":["Go for the Eyes","Compile Driver","Storm"],"picked":"SKIP","floor":7},{"not_picked":["Heatsinks","White Noise"],"picked":"Recycle","floor":8},{"not_picked":["Redo","Gash"],"picked":"Loop","floor":11},{"not_picked":["Steam","Gash","Leap"],"picked":"SKIP","floor":12},{"not_picked":["Beam Cell","Skim"],"picked":"Cold Snap","floor":14},{"not_picked":["Core Surge","Reboot"],"picked":"Biased Cognition","floor":16},{"not_picked":["Barrage","Go for the Eyes","Storm+1"],"picked":"SKIP","floor":18},{"not_picked":["Heatsinks","Skim"],"picked":"Conserve Battery","floor":20},{"not_picked":["Doom and Gloom","Streamline"],"picked":"Undo+1","floor":22},{"not_picked":["Auto Shields","Barrage"],"picked":"Buffer","floor":23},{"not_picked":["FTL","Force Field"],"picked":"Loop+1","floor":24}],"player_experience":395629,"relics_obtained":[{"floor":6,"key":"Gremlin Horn"},{"floor":8,"key":"TungstenRod"},{"floor":9,"key":"Bag of Marbles"},{"floor":12,"key":"Orichalcum"},{"floor":23,"key":"Dream Catcher"}],"event_choices":[{"cards_removed":["Strike_B"],"damage_healed":0,"gold_gain":0,"player_choice":"Upgrade and Remove","damage_taken":0,"max_hp_gain":0,"max_hp_loss":0,"event_name":"Designer","floor":21,"gold_loss":90,"cards_upgraded":["Biased Cognition"]}],"is_beta":false,"boss_relics":[{"not_picked":["Pandora\u0027s Box","Busted Crown"],"picked":"Velvet Choker"}],"items_purged_floors":[19],"is_endless":false,"potions_floor_spawned":[2,3,4,5,7,16,20],"killed_by":"Book of Stabbing","ascension_level":7}}