{"host":"54vghy6hfkyy1r39","time":1611224798,"event":{"mods":["AchievementEnabler","BaseMod","Minty Spire (QoL Compilation)","StSLib","SuperFastMode","everything is the same but u backflip on backflip"],"gold_per_floor":[113,34,50,64,82,108,17,17,17,17,17,32,207,226,226,325,325,339,352,159,159,159,159],"floor_reached":22,"language":"KOR","playtime":702,"items_purged":["Doubt"],"score":186,"play_id":"af6a7fcd-e784-4cb4-9552-515095871d03","local_time":"20210121192638","is_ascension_mode":false,"campfire_choices":[{"floor":10,"key":"REST"},{"data":"Dual Wield","floor":15,"key":"SMITH"}],"circlet_count":0,"master_deck":["Strike_R","Strike_R","Strike_R","Strike_R","Strike_R","Defend_R","Defend_R","Defend_R","Bash","Metallicize","Perfected Strike","Dual Wield+1","Armaments","Flash of Steel","Rage","Berserk","Burning Pact","Entrench","Rampage"],"relics":["Burning Blood","NeowsBlessing","Bird Faced Urn","WingedGreaves","Turnip","Snecko Eye","Membership Card"],"acts_visited":["Exordium","TheCity"],"potions_floor_usage":[6,17],"damage_taken":[{"damage":0,"enemies":"2 Louse","floor":1,"turns":1},{"damage":0,"enemies":"Cultist","floor":3,"turns":1},{"damage":0,"enemies":"Small Slimes","floor":4,"turns":1},{"damage":4,"enemies":"Blue Slaver","floor":5,"turns":5},{"damage":46,"enemies":"Lagavulin","floor":6,"turns":9},{"damage":9,"enemies":"2 Fungi Beasts","floor":12,"turns":4},{"damage":13,"enemies":"Red Slaver","floor":14,"turns":3},{"damage":87,"enemies":"Hexaghost","floor":16,"turns":20},{"damage":16,"enemies":"Chosen","floor":18,"turns":6},{"damage":60,"enemies":"3 Byrds","floor":19,"turns":12},{"damage":41,"enemies":"Snake Plant","floor":22,"turns":2}],"seed_played":"6600088423011089798","potions_obtained":[{"floor":1,"key":"Strength Potion"},{"floor":6,"key":"FairyPotion"},{"floor":14,"key":"Dexterity Potion"},{"floor":16,"key":"Fruit Juice"},{"floor":18,"key":"Weak Potion"},{"floor":19,"key":"Dexterity Potion"}],"is_trial":false,"path_per_floor":["M","$","M","M","M","E","$","?","T","R","$","M","?","M","R","B",null,"M","M","$","?","M"],"character_chosen":"IRONCLAD","items_purchased":["Metallicize","Flash of Steel","Membership Card"],"campfire_rested":1,"item_purchase_floors":[2,7,20],"current_hp_per_floor":[80,80,80,80,80,40,40,33,33,57,57,58,58,51,51,7,85,77,35,35,35,0,0],"gold":159,"neow_bonus":"THREE_ENEMY_KILL","is_daily":false,"chose_seed":false,"campfire_upgraded":1,"win_rate":0.0,"timestamp":1611224798,"path_taken":["M","$","M","M","M","E","$","?","T","R","$","M","?","M","R","BOSS","M","M","$","?","?"],"items_purchased_type":["Card","Card","Relic"],"build_version":"2020-12-22","purchased_purges":1,"victory":false,"max_hp_per_floor":[80,80,80,80,80,80,80,80,80,80,80,80,80,80,80,80,85,85,85,85,85,85,85],"card_choices":[{"not_picked":["Iron Wave","Havoc","Pommel Strike"],"picked":"SKIP","floor":1},{"not_picked":["Shrug It Off","Pummel"],"picked":"Perfected Strike","floor":3},{"not_picked":["Headbutt","Sentinel"],"picked":"Dual Wield","floor":4},{"not_picked":["Infernal Blade","Blood for Blood"],"picked":"Armaments","floor":5},{"not_picked":["Ghostly Armor","Bloodletting","Havoc"],"picked":"SKIP","floor":6},{"not_picked":["Sentinel","Armaments"],"picked":"Rage","floor":12},{"not_picked":["Second Wind","Searing Blow","True Grit"],"picked":"SKIP","floor":14},{"not_picked":["Double Tap","Bludgeon"],"picked":"Berserk","floor":16},{"not_picked":["Carnage","Shrug It Off"],"picked":"Burning Pact","floor":18},{"not_picked":["Sword Boomerang","Ghostly Armor"],"picked":"Entrench","floor":19}],"player_experience":207106,"relics_obtained":[{"floor":6,"key":"Bird Faced Urn"},{"floor":9,"key":"Turnip"}],"event_choices":[{"damage_healed":0,"gold_gain":0,"player_choice":"Success","damage_taken":7,"relics_obtained":["WingedGreaves"],"max_hp_gain":0,"max_hp_loss":0,"event_name":"Scrap Ooze","floor":8,"gold_loss":0},{"damage_healed":0,"gold_gain":175,"player_choice":"AGREE","damage_taken":0,"max_hp_gain":0,"max_hp_loss":0,"event_name":"Liars Game","floor":13,"gold_loss":0,"cards_obtained":["Doubt"]},{"damage_healed":0,"gold_gain":0,"cards_transformed":["Defend_R"],"player_choice":"Transformed","damage_taken":0,"max_hp_gain":0,"max_hp_loss":0,"event_name":"Transmorgrifier","floor":21,"gold_loss":0,"cards_obtained":["Rampage"]}],"is_beta":false,"boss_relics":[{"not_picked":["Tiny House","Fusion Hammer"],"picked":"Snecko Eye"}],"items_purged_floors":[20],"is_endless":false,"potions_floor_spawned":[1,6,14,16,18,19],"killed_by":"Snake Plant","ascension_level":0}}