{"host":"atu1skz5iq69e5lr","time":1611251530,"event":{"mods":["AchievementEnabler","Aspiration","BaseMod","Better Third Choice","Colored Map","Conspire","Evolution","Friendly Minions","Halation","Highlight Path","Hubris","Infinite Spire","Keyboard Shortcuts","Lobotomy","Minty Spire (QoL Compilation)","Replay The Spire","Shop Mod","StSLib"],"gold_per_floor":[120,140,140,152,227,227,256,256,279,244,244,255,333,360,360,469,469,506,186,209,209,209,243,278,278,330,377,377,377,377,445,445,555,555,575,660,676,676],"floor_reached":37,"language":"ENG","playtime":2675,"items_purged":["HeroicMonk"],"score":432,"play_id":"2f6fcf12-fb8d-425a-ab2c-3b8e3c2ca96c","local_time":"20210121185210","is_ascension_mode":false,"campfire_choices":[{"floor":25,"key":"REST"},{"floor":32,"key":"REST"}],"circlet_count":0,"master_deck":["SpecialBullet","SpecialBullet","SpecialBullet","SpecialBullet","SpecialBullet","SpecialBullet","SpecialBullet","SpecialBullet","InformationCode","SecurityCode","CentralCode","Scorched","ParadiseLost","Pinks","CurseOfTheBell","WristCuter","GrinderMk4","ShedSkin+1"],"relics":["CogitoBucket","EVO:Axolotl","NeowsBlessing","aspiration:BabyByrd","TungstenRod","halation:IllGainedPizza","conspire:DeflatedDodgeball","TreeSap","Lantern","aspiration:FrozenJewel","Pocketwatch","Kunai","Vajra","halation:BlackBeret","SsserpentHead","Coffee Dripper","MerchantsRug"],"acts_visited":["Exordium","TheCity","TheBeyond"],"potions_floor_usage":[7,7,24,24,33,36],"damage_taken":[{"damage":0,"enemies":"Cultist","floor":1,"turns":1},{"damage":0,"enemies":"2 Louse","floor":2,"turns":1},{"damage":0,"enemies":"Small Slimes","floor":4,"turns":1},{"damage":36,"enemies":"Lagavulin","floor":7,"turns":5},{"damage":0,"enemies":"3 Louse","floor":12,"turns":1},{"damage":18,"enemies":"Lots of Slimes","floor":14,"turns":4},{"damage":40,"enemies":"Fading Forest","floor":16,"turns":11},{"damage":0,"enemies":"3 Byrds","floor":18,"turns":4},{"damage":8,"enemies":"Shell Parasite","floor":20,"turns":5},{"damage":22,"enemies":"Gremlin Leader","floor":23,"turns":6},{"damage":39,"enemies":"Chosen and Byrds","floor":24,"turns":6},{"damage":15,"enemies":"Book of Stabbing","floor":27,"turns":7},{"damage":5,"enemies":"Centurion and Healer","floor":31,"turns":6},{"damage":42,"enemies":"Automaton","floor":33,"turns":11},{"damage":0,"enemies":"Orb Walker","floor":35,"turns":3},{"damage":9,"enemies":"3 Darklings","floor":36,"turns":19},{"damage":81,"enemies":"hubris:Merchant","floor":37,"turns":9}],"seed_played":"-3329436115126142866","potions_obtained":[{"floor":2,"key":"Toxic Potion"},{"floor":4,"key":"Dexterity Potion"},{"floor":18,"key":"SpeedPotion"},{"floor":23,"key":"Death Potion"},{"floor":27,"key":"GamblersBrew"},{"floor":35,"key":"DistilledChaos"}],"is_trial":false,"path_per_floor":["M","M","?","M","?","R","E","R","T","?","?","M","T","M","R","B",null,"M","$","M","?","AVR","E","M","R","T","E","?","R","?","M","R_BF","B",null,"M","M","$"],"character_chosen":"Angela","items_purchased":["Kunai","MerchantsRug"],"campfire_rested":2,"item_purchase_floors":[19,37],"current_hp_per_floor":[70,70,70,70,59,59,31,31,31,48,48,56,56,46,46,24,70,70,70,70,70,70,60,21,42,42,39,39,39,39,34,55,13,70,70,65,0,0],"gold":676,"neow_bonus":"THREE_ENEMY_KILL","is_daily":false,"chose_seed":false,"campfire_upgraded":0,"win_rate":0.0,"timestamp":1611251530,"path_taken":["M","?","?","M","?","R","E","R","T","?","?","M","?","M","R","BOSS","M","$","M","?","AVR","E","M","R","T","E","?","R","?","?","R_BF","BOSS","M","M","$"],"items_purchased_type":["Relic","Relic"],"build_version":"2020-12-22","purchased_purges":1,"victory":false,"max_hp_per_floor":[70,70,70,70,70,70,70,70,70,70,70,70,70,70,70,70,70,70,70,70,70,70,70,70,70,70,70,70,70,70,70,70,70,70,70,70,70,70],"card_choices":[{"not_picked":["Tough","SomewhereSpear"],"picked":"SKIP","floor":1},{"not_picked":["ShyLook","OSAHOGD"],"picked":"HeroicMonk","floor":2},{"not_picked":["Lantern","Tough"],"picked":"SKIP","floor":2},{"not_picked":["Lantern","Tough"],"picked":"SKIP","floor":2},{"not_picked":["MagicBullet","Loneliness"],"picked":"SKIP","floor":4},{"not_picked":["OSAHOGD","CrumblingArmor"],"picked":"Scorched","floor":7},{"not_picked":["SomewhereSpear"],"picked":"ParadiseLost","floor":7},{"not_picked":["Lamp","Lantern"],"picked":"SKIP","floor":12},{"not_picked":["Loneliness","Moonlight"],"picked":"SKIP","floor":14},{"not_picked":["GoldRush"],"picked":"Pinks","floor":16},{"not_picked":["TodaysExpression"],"picked":"WristCuter","floor":18},{"not_picked":["RedEyes","SolemnVow"],"picked":"SKIP","floor":20},{"not_picked":["BearPaw","Penitence+1"],"picked":"SKIP","floor":23},{"not_picked":["Hornet","Loneliness+1"],"picked":"SKIP","floor":24},{"not_picked":["Horn","Gaze"],"picked":"SKIP","floor":27},{"not_picked":["Loneliness"],"picked":"GrinderMk4","floor":31},{"not_picked":["Horn","RedEyes"],"picked":"SKIP","floor":35},{"not_picked":["RapturousDream"],"picked":"ShedSkin+1","floor":36}],"player_experience":26385,"relics_obtained":[{"floor":7,"key":"TungstenRod"},{"floor":9,"key":"halation:IllGainedPizza"},{"floor":13,"key":"conspire:DeflatedDodgeball"},{"floor":17,"key":"Lantern"},{"floor":17,"key":"aspiration:FrozenJewel"},{"floor":17,"key":"Pocketwatch"},{"floor":26,"key":"Vajra"},{"floor":27,"key":"halation:BlackBeret"}],"event_choices":[{"damage_healed":0,"gold_gain":75,"player_choice":"Gold","damage_taken":11,"max_hp_gain":0,"max_hp_loss":0,"event_name":"betterThird:BetterGoop","floor":5,"gold_loss":0},{"damage_healed":17,"gold_gain":0,"player_choice":"Healed","damage_taken":0,"max_hp_gain":0,"max_hp_loss":0,"event_name":"The Cleric","floor":10,"gold_loss":35},{"damage_healed":0,"gold_gain":0,"player_choice":"Ignored","damage_taken":0,"max_hp_gain":0,"max_hp_loss":0,"event_name":"Ghosts","floor":28,"gold_loss":0},{"damage_healed":0,"gold_gain":0,"player_choice":"Trade","damage_taken":0,"relics_obtained":["SsserpentHead"],"max_hp_gain":0,"max_hp_loss":0,"event_name":"FaceTrader","floor":30,"gold_loss":0}],"is_beta":false,"boss_relics":[{"not_picked":["Ectoplasm","Philosopher\u0027s Stone"],"picked":"Calling Bell"},{"not_picked":["infinitespire:Cupcake","SacredBark"],"picked":"Coffee Dripper"}],"items_purged_floors":[19],"is_endless":false,"potions_floor_spawned":[2,4,18,23,27,35],"killed_by":"hubris:Merchant","ascension_level":0}}