{"host":"o6k2gaocsza4qys9","time":1611236536,"event":{"mods":["BaseMod","Minty Spire (QoL Compilation)","Permanent Neow","Relic Stats"],"gold_per_floor":[118,193,205,205,225,225,260,185,185,214,232,247,278,292,292,366,366,380,358,283,283,110,142,142,142],"floor_reached":24,"language":"ENG","playtime":1032,"items_purged":["Decay"],"score":522,"play_id":"f30c60ac-0e9b-4539-98bd-1726c56ffb69","local_time":"20210121214216","is_ascension_mode":true,"campfire_choices":[{"data":"Perfected Strike","floor":6,"key":"SMITH"},{"data":"Disarm","floor":15,"key":"SMITH"}],"circlet_count":0,"master_deck":["AscendersBane","Strike_R","Strike_R","Strike_R","Defend_R","Defend_R","Defend_R","Defend_R","Bash+1","PanicButton","Perfected Strike+1","Anger","Corruption","Disarm+1","Feed","Feel No Pain","Seeing Red","Perfected Strike","True Grit","Perfected Strike+1","Demon Form","Flash of Steel","Shrug It Off"],"relics":["Burning Blood","Singing Bowl","Nunchaku","Blue Candle","Coffee Dripper","Meat on the Bone"],"acts_visited":["Exordium","TheCity"],"potions_floor_usage":[7,7,10,10,13,16,18,23,23],"damage_taken":[{"damage":11,"enemies":"Jaw Worm","floor":1,"turns":6},{"damage":7,"enemies":"Small Slimes","floor":3,"turns":4},{"damage":0,"enemies":"2 Louse","floor":5,"turns":2},{"damage":27,"enemies":"Gremlin Nob","floor":7,"turns":4},{"damage":0,"enemies":"Lagavulin","floor":10,"turns":4},{"damage":1,"enemies":"Looter","floor":11,"turns":3},{"damage":0,"enemies":"Exordium Wildlife","floor":12,"turns":3},{"damage":30,"enemies":"Gremlin Nob","floor":13,"turns":6},{"damage":7,"enemies":"Blue Slaver","floor":14,"turns":6},{"damage":25,"enemies":"Hexaghost","floor":16,"turns":9},{"damage":5,"enemies":"3 Byrds","floor":18,"turns":9},{"damage":22,"enemies":"2 Thieves","floor":19,"turns":4},{"damage":61,"enemies":"Gremlin Leader","floor":23,"turns":6},{"damage":19,"enemies":"Snake Plant","floor":24,"turns":1}],"seed_played":"15918585026734318","potions_obtained":[{"floor":3,"key":"EntropicBrew"},{"floor":5,"key":"Dexterity Potion"},{"floor":10,"key":"Strength Potion"},{"floor":11,"key":"Weak Potion"},{"floor":16,"key":"Regen Potion"},{"floor":18,"key":"Explosive Potion"},{"floor":19,"key":"HeartOfIron"}],"is_trial":false,"path_per_floor":["M","?","M","?","M","R","E","?","T","E","M","M","E","M","R","B",null,"M","M","?","?","$","E","M"],"character_chosen":"IRONCLAD","items_purchased":["Flash of Steel"],"campfire_rested":0,"item_purchase_floors":[22],"current_hp_per_floor":[63,52,51,51,57,57,36,36,36,42,50,59,35,34,34,17,67,86,73,73,73,73,18,0,0],"gold":142,"neow_bonus":"RANDOM_COLORLESS","is_daily":false,"chose_seed":false,"campfire_upgraded":2,"win_rate":0.0,"timestamp":1611236536,"path_taken":["M","?","M","?","M","R","E","?","T","E","M","M","E","M","R","BOSS","M","M","?","?","$","E","M"],"items_purchased_type":["Card"],"build_version":"2020-12-22","purchased_purges":1,"victory":false,"max_hp_per_floor":[75,75,75,75,75,75,75,75,75,75,78,81,81,81,81,83,83,86,89,89,89,89,89,89,89],"relic_stats":{"Nunchaku":[9],"Singing Bowl":2,"counters":[14,67],"Blue Candle":[0],"obtain_stats":[{"Nunchaku":9,"Singing Bowl":7,"Blue Candle":13,"Coffee Dripper":17,"Burning Blood":0,"Meat on the Bone":23},{"Nunchaku":4,"Singing Bowl":4,"Blue Candle":8,"Coffee Dripper":10,"Burning Blood":0,"Meat on the Bone":13},{"Nunchaku":16,"Singing Bowl":16,"Blue Candle":32,"Coffee Dripper":47,"Burning Blood":0,"Meat on the Bone":66}],"Burning Blood":78,"Meat on the Bone":0},"card_choices":[{"not_picked":["Trip","Flash of Steel"],"picked":"PanicButton","floor":0},{"not_picked":["Headbutt","Pommel Strike"],"picked":"Perfected Strike","floor":1},{"not_picked":["Uppercut","Shrug It Off"],"picked":"Anger","floor":3},{"not_picked":["Intimidate","Havoc"],"picked":"Corruption","floor":5},{"not_picked":["Rampage","Uppercut"],"picked":"Disarm","floor":7},{"not_picked":["Havoc","Armaments"],"picked":"Feed","floor":10},{"not_picked":["Hemokinesis","Twin Strike"],"picked":"Feel No Pain","floor":11},{"not_picked":["Searing Blow","Rupture"],"picked":"Seeing Red","floor":12},{"not_picked":["Searing Blow","Blood for Blood"],"picked":"Perfected Strike","floor":13},{"not_picked":["Heavy Blade","Wild Strike"],"picked":"True Grit","floor":14},{"not_picked":["Barricade","Limit Break","Reaper"],"picked":"Singing Bowl","floor":16},{"not_picked":["Fire Breathing","Shrug It Off"],"picked":"Perfected Strike+1","floor":18},{"not_picked":["Anger","Twin Strike"],"picked":"Demon Form","floor":19},{"not_picked":["Thunderclap","Wild Strike"],"picked":"Shrug It Off","floor":23}],"player_experience":458899,"relics_obtained":[{"floor":7,"key":"Singing Bowl"},{"floor":9,"key":"Nunchaku"},{"floor":13,"key":"Blue Candle"},{"floor":23,"key":"Meat on the Bone"}],"event_choices":[{"damage_healed":0,"gold_gain":75,"player_choice":"Gather Gold","damage_taken":11,"max_hp_gain":0,"max_hp_loss":0,"event_name":"World of Goop","floor":2,"gold_loss":0},{"damage_healed":0,"gold_gain":0,"player_choice":"Grow","damage_taken":0,"max_hp_gain":0,"max_hp_loss":0,"event_name":"Living Wall","floor":4,"gold_loss":0,"cards_upgraded":["Bash"]},{"cards_removed":["Strike_R"],"damage_healed":0,"gold_gain":0,"player_choice":"Card Removal","damage_taken":0,"max_hp_gain":0,"max_hp_loss":0,"event_name":"The Cleric","floor":8,"gold_loss":75},{"cards_removed":["Strike_R"],"damage_healed":0,"gold_gain":0,"player_choice":"Gave Gold","damage_taken":0,"max_hp_gain":0,"max_hp_loss":0,"event_name":"Beggar","floor":20,"gold_loss":75},{"damage_healed":0,"gold_gain":0,"player_choice":"Smashed Altar","damage_taken":0,"max_hp_gain":0,"max_hp_loss":0,"event_name":"Forgotten Altar","floor":21,"gold_loss":0,"cards_obtained":["Decay"]}],"is_beta":false,"boss_relics":[{"not_picked":["Tiny House","Fusion Hammer"],"picked":"Coffee Dripper"}],"items_purged_floors":[22],"is_endless":false,"potions_floor_spawned":[3,5,10,11,12,16,18,19],"killed_by":"Snake Plant","ascension_level":20}}