{"host":"3ui03y3mxa3ndqsx","time":1611237789,"event":{"mods":["Act Like it!","BaseMod","Downfall","Minty Spire (QoL Compilation)","Quick Restart","StSLib"],"gold_per_floor":[0,19,19,31,42,42,124,139,152,52,52,52,72,88,99,99,99,99],"floor_reached":16,"language":"ZHS","playtime":894,"items_purged":[],"score":121,"play_id":"5f7ccdfa-121a-4b9b-a3aa-2653998cf414","local_time":"20210121220309","is_ascension_mode":false,"campfire_choices":[],"circlet_count":0,"master_deck":["sneckomod:Strike","sneckomod:Strike","sneckomod:Strike","sneckomod:Defend","sneckomod:Defend","sneckomod:TailWhip","sneckomod:SnekBite","sneckomod:Unknown","Slimebound:FinishingTackle","sneckomod:Nope+1","sneckomod:SoulDraw","sneckomod:UnknownCommonSkill","Slimebound:Schlurp","sneckomod:DiceBoulder","sneckomod:UnknownClassSLIMEBOUND"],"relics":["sneckomod:SneckoSoul","downfall:HeartBlessingBlue","downfall:BrokenWingStatue"],"acts_visited":["Exordium"],"potions_floor_usage":[],"damage_taken":[{"damage":3.0,"enemies":"Small Slimes","floor":2.0,"turns":1.0},{"damage":11,"enemies":"2 Louse","floor":4,"turns":3},{"damage":4,"enemies":"Cultist","floor":5,"turns":3},{"damage":8,"enemies":"2 Fungi Beasts","floor":8,"turns":3},{"damage":11,"enemies":"3 Louse","floor":9,"turns":4},{"damage":4,"enemies":"Red Slaver","floor":13,"turns":4},{"damage":13,"enemies":"Gremlin Gang","floor":14,"turns":3},{"damage":8,"enemies":"2 Fungi Beasts","floor":15,"turns":3},{"damage":59,"enemies":"SI_SHIV_ARCHETYPE","floor":16,"turns":6}],"seed_played":"5156802715563436408","potions_obtained":[{"floor":4,"key":"Ancient Potion"},{"floor":5,"key":"SneckoOil"},{"floor":9,"key":"Weak Potion"}],"is_trial":false,"path_per_floor":["R","M","?","M","M","?","T","M","M","R","?","?","M","M","M","B"],"character_chosen":"THE_SNECKO","items_purchased":[],"campfire_rested":0,"item_purchase_floors":[],"current_hp_per_floor":[108,105,105,94,90,90,90,82,71,81,81,81,77,64,56,0,0,0],"gold":99,"neow_bonus":"TWENTY_PERCENT_HP_BONUS","is_daily":false,"chose_seed":false,"campfire_upgraded":0,"win_rate":0.0,"timestamp":1611237789,"path_taken":["R","M","?","M","M","?","T","?","M","R","?","?","M","M","M","BOSS"],"items_purchased_type":[],"build_version":"2020-12-22","purchased_purges":0,"victory":false,"max_hp_per_floor":[108,108,108,108,108,108,108,108,108,118,118,118,118,118,118,118,118,118],"card_choices":[{"not_picked":["sneckomod:DiceCrush","sneckomod:WideSting"],"picked":"sneckomod:Nope","floor":2.0},{"not_picked":["sneckomod:Nope","sneckomod:ImprovisedGuard"],"picked":"sneckomod:SoulDraw","floor":4},{"not_picked":["sneckomod:UnknownClassBLUE","sneckomod:Unknown1Cost"],"picked":"sneckomod:UnknownCommonSkill","floor":5},{"not_picked":["sneckomod:Nope","sneckomod:UnknownClassBLUE","sneckomod:UnlimitedRolls"],"picked":"SKIP","floor":8},{"not_picked":["sneckomod:Unknown1Cost","sneckomod:DefensiveFlair"],"picked":"sneckomod:UnknownBlock","floor":9},{"not_picked":["sneckomod:WideSting","sneckomod:SoulRoll"],"picked":"sneckomod:DiceBoulder","floor":13},{"not_picked":["sneckomod:IronFang","sneckomod:UnknownX","sneckomod:UnknownUncommonSkill"],"picked":"SKIP","floor":14},{"not_picked":["sneckomod:UnknownClassGREEN","sneckomod:UnendingSupply"],"picked":"sneckomod:UnknownClassSLIMEBOUND","floor":15}],"player_experience":221489,"relics_obtained":[],"event_choices":[{"cards_removed":["sneckomod:Defend"],"damage_healed":0,"gold_gain":0,"player_choice":"Card Removal","damage_taken":0,"max_hp_gain":0,"max_hp_loss":0,"event_name":"The Cleric","floor":12,"gold_loss":0}],"is_beta":false,"boss_relics":[],"items_purged_floors":[],"is_endless":false,"potions_floor_spawned":[4,5,9],"killed_by":"SI_SHIV_ARCHETYPE","ascension_level":0}}