{"host":"ctlqibkg0sskiu65","time":1611212600,"event":{"mods":["AchievementEnabler","Aspiration","BaseMod","BetterRewards","Colored Map","Colored Powertips","Conspire","Fiend Mod","Infinite Spire","Minty Spire (QoL Compilation)","Quick Restart","Replay The Spire","Shop Mod","StSLib","The Bladedancer","The Cursed","The Hierophant","The Jungle","The Kombatant","The Servant 0.9.4","TheBandit"],"gold_per_floor":[112,112,131,213,231,231,248,248,248,263,8,19,49,67,67,140,140,151,151,151,151,164,164,183,183,262,280,280,298,331,291,291,370,370,389,389,389,400,400,400,400,400,400,400,429,448,69,81,81,81],"floor_reached":51,"language":"ENG","playtime":1845,"items_purged":["Strike_G","conspire:GhostlyStrike"],"score":1271,"play_id":"f9d5cf23-0573-439f-ad59-4639b62d3a64","local_time":"20210121010320","is_ascension_mode":true,"campfire_choices":[{"data":"conspire:Banana","floor":6.0,"key":"SMITH"},{"data":"Deadly Poison","floor":8.0,"key":"SMITH"},{"data":"Catalyst","floor":15.0,"key":"SMITH"},{"data":"Crippling Poison","floor":23.0,"key":"SMITH"},{"data":"Poisoned Stab","floor":25.0,"key":"SMITH"},{"floor":28.0,"key":"REST"},{"floor":32.0,"key":"REST"},{"floor":40.0,"key":"REST"},{"data":"infinitespire:Neurotoxin","floor":44.0,"key":"SMITH"},{"floor":49,"key":"REST"}],"circlet_count":0,"master_deck":["AscendersBane","conspire:GhostlyStrike","conspire:GhostlyStrike","conspire:GhostlyStrike","conspire:GhostlyDefend","conspire:GhostlyDefend","conspire:GhostlyDefend","conspire:GhostlyDefend","conspire:GhostlyDefend","Survivor","Neutralize","Slice","conspire:Banana+1","Dagger Spray","Dagger Spray","Deadly Poison+1","Deadly Poison+1","Catalyst+1","Crippling Poison+1","Poisoned Stab+1","Replay:Poison Smokescreen","infinitespire:Collect","Footwork+1","Catalyst","ReplayTheSpireMod:Speed Training","Burst","infinitespire:Neurotoxin+1","Bane+1","Catalyst","Blur"],"relics":["Ring of the Snake","HornCleat","Pantograph","Simple Rune","conspire:BottledYoYo","Fiend:Scarf","Quantum Egg","MutagenicStrength","Bottled Tornado","Potion Belt","HoveringKite","Mercury Hourglass","Molten Egg 2","Ninja Scroll","infinitespire:Beetle Shell","Nunchaku","Pet Ghost"],"acts_visited":["Exordium","TheCity","TheBeyond"],"potions_floor_usage":[45,45,46,50],"damage_taken":[{"damage":1.0,"enemies":"Small Slimes","floor":1.0,"turns":4.0},{"damage":0.0,"enemies":"Jaw Worm","floor":3.0,"turns":3.0},{"damage":0.0,"enemies":"Cultist","floor":5.0,"turns":3.0},{"damage":10.0,"enemies":"Exordium Wildlife","floor":7.0,"turns":4.0},{"damage":5.0,"enemies":"2 Fungi Beasts","floor":10.0,"turns":2.0},{"damage":11.0,"enemies":"Large Slime","floor":12.0,"turns":6.0},{"damage":9.0,"enemies":"Gremlin Nob","floor":13.0,"turns":4.0},{"damage":12.0,"enemies":"Red Slaver","floor":14.0,"turns":4.0},{"damage":31.0,"enemies":"The Guardian","floor":16.0,"turns":8.0},{"damage":4.0,"enemies":"Chosen","floor":18.0,"turns":4.0},{"damage":0.0,"enemies":"Spheric Guardian","floor":22.0,"turns":3.0},{"damage":17.0,"enemies":"Shelled Parasite and Fungi","floor":24.0,"turns":4.0},{"damage":19.0,"enemies":"Snecko","floor":27.0,"turns":4.0},{"damage":10.0,"enemies":"Snake Plant","floor":29.0,"turns":2.0},{"damage":23.0,"enemies":"Book of Stabbing","floor":30.0,"turns":6.0},{"damage":29.0,"enemies":"conspire:MysteriousRune","floor":33.0,"turns":7.0},{"damage":13.0,"enemies":"Orb Walker","floor":35.0,"turns":5.0},{"damage":36.0,"enemies":"3 Darklings","floor":38.0,"turns":4.0},{"damage":0.0,"enemies":"Spire Growth","floor":39.0,"turns":1.0},{"damage":5,"enemies":"Giant Head","floor":45,"turns":4},{"damage":0,"enemies":"Transient","floor":46,"turns":5},{"damage":0,"enemies":"4 Shapes","floor":48,"turns":3},{"damage":83,"enemies":"Donu and Deca","floor":50,"turns":9}],"seed_played":"-1601918800037828579","potions_obtained":[{"floor":1.0,"key":"Adrenaline Potion"},{"floor":5.0,"key":"SmokeBomb"},{"floor":13.0,"key":"BlessingOfTheForge"},{"floor":16.0,"key":"PowerPotion"},{"floor":24.0,"key":"Fire Potion"},{"floor":30.0,"key":"Block Potion"},{"floor":35.0,"key":"FearPotion"},{"floor":38.0,"key":"Strength Potion"},{"floor":45,"key":"Venom Potion"},{"floor":48,"key":"EssenceOfSteel"}],"is_trial":false,"path_per_floor":["M","?","M","T","M","R","M","R","T","M","$","M","E","M","R","B",null,"M","?","AVR","?","M","R","M","R","T","M","R","M","E","?","R","B",null,"M","T","T","M","M","R","?","?","T","R","E","M","$","M","R","B",null],"character_chosen":"THE_SILENT","items_purchased":["Slice","conspire:Banana","Simple Rune","Nunchaku","Pet Ghost","Catalyst"],"campfire_rested":4,"item_purchase_floors":[0,0,11,47,47,47],"current_hp_per_floor":[59,59,60,60,61,61,53,53,53,48,48,39,32,22,22,18,64,62,62,62,62,64,64,49,49,49,32,58,48,27,27,53,26,75,64,64,64,30,30,58,58,58,58,58,55,57,57,59,89,20],"gold":81,"neow_bonus":"","is_daily":false,"chose_seed":false,"campfire_upgraded":6,"win_rate":0.0,"timestamp":1611212600,"path_taken":["M","?","M","?","?","R","M","R","T","M","$","M","E","M","R","BOSS","M","?","AVR","?","M","R","M","R","T","M","R","M","E","?","R","BOSS","M","?","?","?","M","R","?","?","T","R","E","M","?","M","R","BOSS"],"items_purchased_type":["Card","Card","Relic","Relic","Relic","Card"],"build_version":"2020-12-22","purchased_purges":2,"victory":true,"max_hp_per_floor":[67,67,68,68,69,69,71,71,71,71,71,73,75,77,77,79,79,81,81,81,81,83,83,85,85,85,87,87,87,89,89,89,91,91,93,93,93,95,95,95,95,95,95,95,97,99,99,101,101,103],"card_choices":[{"not_picked":["Flying Knee","Sucker Punch"],"picked":"Dagger Spray","floor":1.0},{"not_picked":["Terror","Prepared"],"picked":"Dagger Spray","floor":3.0},{"not_picked":["Quick Slash","Flying Knee"],"picked":"Deadly Poison","floor":5.0},{"not_picked":["Wraith Form v2","Underhanded Strike"],"picked":"Deadly Poison","floor":7.0},{"not_picked":["ReplayTheSpireMod:Tripwire","Prepared"],"picked":"Catalyst","floor":10.0},{"not_picked":["conspire:DoublingDagger","conspire:PoisonWeapons"],"picked":"Crippling Poison","floor":12.0},{"not_picked":["Deadly Poison","Footwork"],"picked":"Poisoned Stab","floor":13.0},{"not_picked":["Acrobatics","Infinite Blades","ReplayTheSpireMod:Exploit Weakness"],"picked":"SKIP","floor":14.0},{"not_picked":["Dash","Deflect"],"picked":"Replay:Poison Smokescreen","floor":18.0},{"not_picked":["ReplayTheSpireMod:Scrap Shanks","Endless Agony","Expertise"],"picked":"SKIP","floor":22.0},{"not_picked":["Hidden Blade+1","PiercingWail"],"picked":"Footwork+1","floor":24.0},{"not_picked":["Outmaneuver+1","ReplayTheSpireMod:The Works"],"picked":"Catalyst","floor":27.0},{"not_picked":["Glass Knife","Predator"],"picked":"ReplayTheSpireMod:Speed Training","floor":29.0},{"not_picked":["ReplayTheSpireMod:Tripwire","Choke"],"picked":"Burst","floor":30.0},{"not_picked":["A Thousand Cuts","aspiration:Lunge"],"picked":"infinitespire:Neurotoxin","floor":33.0},{"not_picked":["Hidden Blade","Dagger Throw","Backstab"],"picked":"SKIP","floor":35.0},{"not_picked":["Underhanded Strike+1","ReplayTheSpireMod:Shiv Toss"],"picked":"Bane+1","floor":38.0},{"not_picked":["Blade Dance","Acrobatics","Riddle With Holes+1"],"picked":"SKIP","floor":45},{"not_picked":["Cloak And Dagger","Sucker Punch+1","Deflect"],"picked":"SKIP","floor":46},{"not_picked":["Hidden Blade","Underhanded Strike+1"],"picked":"Blur","floor":48}],"player_experience":212102,"relics_obtained":[{"floor":4.0,"key":"HornCleat"},{"floor":9.0,"key":"Pantograph"},{"floor":13.0,"key":"conspire:BottledYoYo"},{"floor":26.0,"key":"Bottled Tornado"},{"floor":30.0,"key":"Potion Belt"},{"floor":36.0,"key":"Mercury Hourglass"},{"floor":37.0,"key":"Molten Egg 2"},{"floor":43.0,"key":"Ninja Scroll"},{"floor":45,"key":"infinitespire:Beetle Shell"}],"event_choices":[{"damage_healed":0.0,"max_hp_gain":0.0,"max_hp_loss":0.0,"gold_gain":0.0,"event_name":"conspire:LoneGhost","player_choice":"Agree","floor":2.0,"gold_loss":0.0,"damage_taken":0.0},{"damage_healed":0.0,"max_hp_gain":0.0,"max_hp_loss":0.0,"gold_gain":0.0,"event_name":"Ghosts","player_choice":"Ignored","floor":19.0,"gold_loss":0.0,"damage_taken":0.0},{"damage_healed":0.0,"max_hp_gain":0.0,"max_hp_loss":0.0,"gold_gain":0.0,"event_name":"Drug Dealer","player_choice":"Inject Mutagens","floor":21.0,"gold_loss":0.0,"damage_taken":0.0,"relics_obtained":["MutagenicStrength"]},{"damage_healed":0.0,"max_hp_gain":0.0,"max_hp_loss":0.0,"gold_gain":0.0,"event_name":"Designer","player_choice":"Upgraded Two","floor":31.0,"gold_loss":40.0,"damage_taken":0.0,"cards_upgraded":["conspire:GhostlyDefend","Deadly Poison"]}],"is_beta":false,"boss_relics":[{"not_picked":["Ectoplasm","Replay:Wanted Poster"],"picked":"Fiend:Scarf"},{"not_picked":["WristBlade","Replay:Ancient Bell"],"picked":"HoveringKite"}],"items_purged_floors":[0,11],"is_endless":false,"potions_floor_spawned":[1,5,13,14,16,18,24,27,30,35,38,45,48],"ascension_level":14}}