{"host":"vddnn8yddbh0df4g","time":1611228817,"event":{"mods":["Act Like it!","BaseMod","Beaked The Cultist","Bestiary","Downfall","Minty Spire (QoL Compilation)","Shop Mod","StSLib","SuperFastMode","The Bug Knight","The Runesmith"],"gold_per_floor":[99,112,122,122,138,238,290,301,314,340,353,253,10,45,63,163,163,63,79,113,113,213,230,254,279,290,325,325,337,353,387,406,502,502,502,521,521,534,550,885,885,885,905,905,517,517,517,545,560,560],"floor_reached":51,"language":"ENG","playtime":3399,"items_purged":["octo:OctoDefense","champ:Defend"],"score":870,"play_id":"902c2219-e0c2-4b26-8df6-0ee552b527a9","local_time":"20210121063337","is_ascension_mode":true,"campfire_choices":[{"data":"champ:Taunt","floor":1.0,"key":"SMITH"},{"floor":12.0,"key":"RECALL"},{"floor":18.0,"key":"REST"},{"floor":28.0,"key":"REST"},{"floor":35.0,"key":"REST"},{"floor":44.0,"key":"REST"}],"circlet_count":0,"master_deck":["champ:Defend","champ:Defend","champ:Execute","champ:Taunt+1","champ:GutPunch+1","champ:PreciseThrust+1","champ:FlashCut+1","champ:SteelEdge+1","champ:ShieldSigil+1","champ:AdrenalArmor+1","champ:UltimateStance+1","champ:Lariat+1","champ:RisingSlash+1","champ:CalledShot+1","champ:EnchantCrown+1","champ:CrownThrow+1","champ:EnchantCrown+1","champ:UltimateStance+1","J.A.X.+1","champ:ShieldSlam+1","champ:RageSigil+1","champ:GladiatorStyle+1","champ:ShieldSlam+1","champ:ShieldWall+1","champ:EnchantSword+1","champ:FocusedDefense+1","champ:CalledShot+1","champ:SwordSigil+1","Parasite","champ:BringItOn+1","champ:HoldFirm+1","champ:FanOfKnives+1","expansioncontent:Chronoboost+1"],"relics":["champ:ChampionCrown","Frozen Egg 2","Molten Egg 2","Toxic Egg 2","champ:FightingForDummies","Ornamental Fan","downfall:HeartBlessingGreen","PreservedInsect","Fusion Hammer","downfall:HeartBlessingRed","Red Mask","MutagenicStrength","Runesmith:AutoHammer","Tiny Chest","Nunchaku","HornCleat","MerchantsRug","HollowMod:LifeEnderRelic","champ:SpectersHand","Guardian:GemstoneGun"],"acts_visited":["Exordium","TheCity","TheBeyond"],"potions_floor_usage":[50,50],"damage_taken":[{"damage":18.0,"enemies":"Jaw Worm","floor":2.0,"turns":5.0},{"damage":2.0,"enemies":"2 Louse","floor":3.0,"turns":2.0},{"damage":0.0,"enemies":"Small Slimes","floor":5.0,"turns":3.0},{"damage":12.0,"enemies":"Blue Slaver","floor":8.0,"turns":3.0},{"damage":10.0,"enemies":"3 Louse","floor":9.0,"turns":5.0},{"damage":31.0,"enemies":"Lagavulin","floor":10.0,"turns":6.0},{"damage":10.0,"enemies":"2 Fungi Beasts","floor":11.0,"turns":2.0},{"damage":55.0,"enemies":"downfall:FleeingMerchant","floor":13.0,"turns":4.0},{"damage":65.0,"enemies":"HollowMod:MossKnight","floor":14.0,"turns":6.0},{"damage":5.0,"enemies":"Blue Slaver","floor":15.0,"turns":2.0},{"damage":73.0,"enemies":"DF_ARCHETYPE_STREAMLINE","floor":16.0,"turns":9.0},{"damage":30.0,"enemies":"Chosen","floor":19.0,"turns":4.0},{"damage":52.0,"enemies":"Masked Bandits","floor":20.0,"turns":6.0},{"damage":58.0,"enemies":"Masked Bandits","floor":21.0,"turns":6.0},{"damage":29.0,"enemies":"downfall:Augmenter","floor":22.0,"turns":5.0},{"damage":20.0,"enemies":"Shell Parasite","floor":23.0,"turns":2.0},{"damage":18.0,"enemies":"Book of Stabbing","floor":25.0,"turns":2.0},{"damage":47.0,"enemies":"Centurion and Healer","floor":26.0,"turns":4.0},{"damage":37.0,"enemies":"HollowMod:Nosk","floor":27.0,"turns":5.0},{"damage":30.0,"enemies":"Shelled Parasite and Fungi","floor":29.0,"turns":3.0},{"damage":25.0,"enemies":"Cultist and Chosen","floor":30.0,"turns":4.0},{"damage":43.0,"enemies":"Gremlin Leader","floor":31.0,"turns":3.0},{"damage":50.0,"enemies":"Centurion and Healer","floor":32.0,"turns":5.0},{"damage":84.0,"enemies":"IC_MUSHROOM_ARCHETYPE","floor":33.0,"turns":5.0},{"damage":28.0,"enemies":"3 Darklings","floor":36.0,"turns":4.0},{"damage":27.0,"enemies":"3 Shapes","floor":38.0,"turns":4.0},{"damage":56.0,"enemies":"Maw","floor":39.0,"turns":4.0},{"damage":75.0,"enemies":"beaked:SuperParasite","floor":40.0,"turns":4.0},{"damage":38.0,"enemies":"Writhing Mass","floor":43.0,"turns":7.0},{"damage":121.0,"enemies":"downfall:FleeingMerchant","floor":45.0,"turns":4.0},{"damage":76.0,"enemies":"Giant Head","floor":48.0,"turns":5.0},{"damage":0.0,"enemies":"4 Shapes","floor":49.0,"turns":6.0},{"damage":141,"enemies":"WA_ARCHETYPE_DIVINITY","floor":50,"turns":11}],"seed_played":"1422620878535402343","potions_obtained":[{"floor":3.0,"key":"bronze:BurnAndBuffPotion"},{"floor":5.0,"key":"sneckomod:MuddlingPotion"},{"floor":9.0,"key":"Guardian:BlockOnCardUsePotion"},{"floor":15.0,"key":"PowerPotion"},{"floor":20.0,"key":"Fire Potion"},{"floor":25.0,"key":"sneckomod:MuddlingPotion"},{"floor":26.0,"key":"BlessingOfTheForge"},{"floor":27.0,"key":"champ:OpenerPotion"},{"floor":32.0,"key":"champ:CounterPotion"},{"floor":33.0,"key":"LiquidBronze"},{"floor":40.0,"key":"champ:CounterPotion"},{"floor":49.0,"key":"Fire Potion"}],"is_trial":false,"path_per_floor":["R","M","M","?","M","?","T","M","M","E","M","R","$","E","M","B",null,"R","M","?","?","?","M","T","E","M","E","R","M","M","E","M","B",null,"R","M","?","M","M","E","T","?","M","R","$","?","T","E","M","B",null],"character_chosen":"THE_CHAMP","items_purchased":["champ:UltimateStance+1","champ:Lariat+1","champ:FanOfKnives+1","MerchantsRug","Ancient Potion","GamblersBrew","HollowMod:LifeEnderRelic"],"campfire_rested":4,"item_purchase_floors":[13,13,45,45,45,45,45],"current_hp_per_floor":[99,91,89,89,89,89,89,87,87,81,81,81,76,71,71,63,99,99,99,72,64,50,50,50,47,40,33,62,57,47,44,44,28,99,99,96,96,89,83,78,78,78,75,99,93,93,93,77,77,61],"gold":560,"neow_bonus":"TEN_PERCENT_HP_BONUS","is_daily":false,"chose_seed":false,"campfire_upgraded":1,"win_rate":0.0,"timestamp":1611228817,"path_taken":["R","M","M","?","M","?","T","M","M","E","M","R","$","E","M","BOSS","R","M","?","?","?","M","T","E","M","E","R","M","M","E","M","BOSS","R","M","?","M","M","E","T","?","M","R","$","?","?","E","M","BOSS"],"items_purchased_type":["Card","Card","Card","Relic","Potion","Potion","Relic"],"build_version":"2020-12-22","purchased_purges":2,"victory":true,"max_hp_per_floor":[99,99,99,99,99,99,99,99,99,99,99,99,99,99,99,99,99,99,99,99,99,99,99,99,99,99,99,99,99,99,99,99,99,99,99,99,99,99,99,99,99,99,99,99,99,99,99,99,99,99],"card_choices":[{"not_picked":["champ:CalledShot+1","champ:Shatter+1"],"picked":"champ:PerfectedStrike+1","floor":2.0},{"not_picked":["champ:Shatter+1","champ:TornadoPunch+1"],"picked":"champ:EndlessRage+1","floor":3.0},{"not_picked":["champ:HeartStrike+1","champ:DefensiveShout+1"],"picked":"champ:GutPunch+1","floor":5.0},{"not_picked":["champ:Circumvent+1","champ:FlashCut+1"],"picked":"champ:PreciseThrust+1","floor":8.0},{"not_picked":["champ:Circumvent+1","champ:BerserkersShout+1"],"picked":"champ:FlashCut+1","floor":9.0},{"not_picked":["champ:RisingSlash+1","champ:BerserkerStyle+1"],"picked":"champ:SteelEdge+1","floor":10.0},{"not_picked":["champ:ShieldSlam+1","champ:DefensiveShout+1"],"picked":"champ:ShieldSigil+1","floor":11.0},{"not_picked":["champ:Duel+1","champ:TornadoPunch+1"],"picked":"champ:AdrenalArmor+1","floor":13.0},{"not_picked":["champ:MurderStrike+1","champ:TornadoPunch+1"],"picked":"champ:RisingSlash+1","floor":14.0},{"not_picked":["champ:Shatter+1","champ:Backstep+1"],"picked":"champ:CalledShot+1","floor":15.0},{"not_picked":["champ:DancingMaster+1","champ:LastStand+1"],"picked":"champ:EnchantCrown+1","floor":16.0},{"not_picked":["champ:ShieldSigil+1","champ:PerfectedStrike+1","champ:Backstep+1"],"picked":"SKIP","floor":19.0},{"not_picked":["champ:AdrenalArmor+1","champ:Lariat+1"],"picked":"champ:CrownThrow+1","floor":20.0},{"not_picked":[],"picked":"J.A.X.+1","floor":22.0},{"not_picked":["champ:RapidStrikes+1","champ:EnragedBash+1"],"picked":"champ:ShieldSlam+1","floor":22.0},{"not_picked":["champ:PreciseThrust+1","champ:FaceSlap+1"],"picked":"champ:RageSigil+1","floor":23.0},{"not_picked":["champ:Circumvent+1","champ:TornadoPunch+1"],"picked":"champ:GladiatorStyle+1","floor":25.0},{"not_picked":["champ:Backstep+1","champ:PreemptiveStrike+1"],"picked":"champ:ShieldSlam+1","floor":26.0},{"not_picked":["champ:Lariat+1","champ:EnchantShield+1","champ:SetATrap+1"],"picked":"SKIP","floor":27.0},{"not_picked":["champ:BladeFlurry+1","champ:ViciousMockery+1","champ:HeartStrike+1"],"picked":"SKIP","floor":29.0},{"not_picked":["champ:Circumvent+1","champ:FancyFootwork+1","champ:CrownThrow+1"],"picked":"SKIP","floor":30.0},{"not_picked":["champ:RisingSlash+1","champ:BladeFlurry+1"],"picked":"champ:ShieldWall+1","floor":31.0},{"not_picked":["champ:BladeFlurry+1","champ:GutPunch+1","champ:IronFortress+1"],"picked":"SKIP","floor":32.0},{"not_picked":["champ:EnchantCrown+1","champ:CheapShot+1"],"picked":"champ:EnchantSword+1","floor":33.0},{"not_picked":["champ:TornadoPunch+1","champ:GladiatorStyle+1"],"picked":"champ:FocusedDefense+1","floor":36.0},{"not_picked":["champ:PerfectedStrike+1","champ:BladeFlurry+1"],"picked":"champ:CalledShot+1","floor":38.0},{"not_picked":["champ:BerserkerStyle+1","champ:ArenaPreparation+1"],"picked":"champ:SwordSigil+1","floor":39.0},{"not_picked":["champ:DefensiveShout+1","champ:Parry+1","champ:IronFortress+1"],"picked":"SKIP","floor":40.0},{"not_picked":["champ:ViciousMockery+1","champ:SwordSigil+1"],"picked":"champ:BringItOn+1","floor":43.0},{"not_picked":["champ:Parry+1","champ:Circumvent+1"],"picked":"champ:HoldFirm+1","floor":45.0},{"not_picked":["expansioncontent:PolyBeam+1","expansioncontent:AwakenDeath+1"],"picked":"expansioncontent:Chronoboost+1","floor":46.0},{"not_picked":["champ:CheapShot+1","champ:BringItOn+1","champ:FanOfKnives+1"],"picked":"SKIP","floor":48.0},{"not_picked":["champ:IronFortress+1","champ:Backstep+1","champ:TornadoPunch+1"],"picked":"SKIP","floor":49.0}],"player_experience":676204,"relics_obtained":[{"floor":7.0,"key":"champ:FightingForDummies"},{"floor":10.0,"key":"Ornamental Fan"},{"floor":14.0,"key":"PreservedInsect"},{"floor":20.0,"key":"Red Mask"},{"floor":22.0,"key":"MutagenicStrength"},{"floor":24.0,"key":"Runesmith:AutoHammer"},{"floor":27.0,"key":"Tiny Chest"},{"floor":31.0,"key":"MealTicket"},{"floor":37.0,"key":"Nunchaku"},{"floor":40.0,"key":"Old Coin"},{"floor":41.0,"key":"HornCleat"},{"floor":47.0,"key":"champ:SpectersHand"},{"floor":48.0,"key":"Guardian:GemstoneGun"}],"event_choices":[{"cards_removed":["champ:Strike"],"damage_healed":0.0,"max_hp_gain":0.0,"max_hp_loss":0.0,"gold_gain":0.0,"event_name":"The Cleric","player_choice":"Card Removal","floor":4.0,"gold_loss":0.0,"damage_taken":0.0},{"damage_healed":0.0,"max_hp_gain":0.0,"max_hp_loss":0.0,"gold_gain":0.0,"event_name":"Masked Bandits","player_choice":"Fought Bandits","floor":20.0,"gold_loss":0.0,"damage_taken":0.0}],"is_beta":false,"boss_relics":[{"not_picked":["Runesmith:UraniumAnvil","Cursed Key"],"picked":"Fusion Hammer"},{"not_picked":["Runic Pyramid","beaked:MawFillet"],"picked":"Empty Cage"}],"items_purged_floors":[45,45],"is_endless":false,"potions_floor_spawned":[3,5,9,15,20,21,25,26,27,32,33,40,49],"ascension_level":1}}