{"host":"4ek4eq5z32z3zgvw","time":1611193182,"event":{"mods":["2.2 Compatiblity","A Magickal Journey","AchievementEnabler","Act Like it!","AlwaysNeverKeys","Aspiration","BaseMod","Bestiary","Better Altar","Better Note","Better Sensory Stone","Better Skull","Better Third Choice","BetterRewards","Block Reminder","Card Filter","Colored Map","Colored Powertips","Conspire","Curses Come First","Dark Map","DeckTracker","Defuse TimeMaze Blight","Energized Spire","Evolution","Gensokyo","GifTheSpireLib","Gold Saver","Halation","Hallownest","Highlight Path","Hubris","Infinite Spire","Melee Mod","Minty Spire (QoL Compilation)","Permanent Neow","Quick Restart","Rare Cards Sparkle","RatMod","Relic Filter","Relic Sorter","Relic Stats","Replay The Spire","Reworked Bosses","Shop Mod","Spicy Shops","Spikes Relics","StSLib","Stuff the Spire","SuperFastMode","Synergy Search","The Blue Laboratory","The Factory","The Jungle","The Sage","Uncapped","Unceasing Turn Reminder","Unknown Chances","UnlockEverythingMod","Waifu the Spire","Wandering Minibosses","[IsaacMod]????","egg","vexMod","???Mod??????Boss","????"],"gold_per_floor":[6094,6104,5643,5650,4710,4749,4197,4206,4206,3753,3781,3756,3765,3188,3079,3164,3182,3195,3252,3263,2748,2762,2793,2297,2334,2334,2347,2375,2452,2539,2539,1995,2078,2087,2102,2102,2102,2121,2134,2166,1714,1806,1806,1813,1829,1374,1390,1304,962,962,862],"floor_reached":52,"language":"ENG","playtime":1777,"items_purged":["Sucker Punch","Sucker Punch","Sucker Punch","Cloak And Dagger","Injury","Neutralize"],"score":3463,"play_id":"ef3027e1-864e-44ad-9f26-71482af56f5e","local_time":"20210120193942","is_ascension_mode":true,"campfire_choices":[],"circlet_count":0,"master_deck":["AscendersBane","Sucker Punch+1","Sucker Punch","Cloak And Dagger","Cloak And Dagger+1","Cloak And Dagger","Survivor","Noxious Fumes+1","StuffTheSpire:ReptileScales","Caltrops+1","hubris:EnhanceAbility+1","PiercingWail","Calculated Gamble+1","PiercingWail+1","Sadistic Nature+1","hubris:DuctTapeCard","Specialist+1","Corpse Explosion","Fluid Movement+1","Calculated Gamble+1","Replay:Bag of Tricks+1","After Image+1","Poison Darts+1","Catalyst+1","Fluid Movement+1","Footwork+1","rat:Lunge+1","Catalyst+1","rat:Lunge+1","infinitespire:Neurotoxin+1","A Thousand Cuts+1","Whirlwind","Poison Darts+1","ReplayUltimateDefense+1"],"relics":["Ring of the Snake","NineVolt","GuppysPaw","halation:HeavySnake","GuppysCollar","DeathBook","BlankCard","YumHeart","Mummified Hand","StuffTheSpire:DarkSteelAnvil","Incense Burner","SpikesRelics:DaevaFist","Oddly Smooth Stone","EVO:Axolotl","HushsDoor","Juzu Bracelet","Replay:Wax Seal","MerchantsRug","BlackRope","sagemod:The_Guidebook_Guide","vexMod:PlasmaPancake","Eternal Feather","Darkstone Periapt","SteamSale","SalivaCoin","Regal Pillow","halation:PrussianBluePaint","Frozen Egg 2","Medical Kit","Question Card","CeramicFish","hubris:CuriousFeather","MiniBlackHole","halation:PenCase","aspiration:SneckoTail","StuffTheSpire:MayFlowers","sagemod:Red_Beast_Statue","hubris:FunFungus","aspiration:TomeofQuesting","conspire:TreasureMap","infinitespire:FocusingShard","Ice Cream","halation:Toothbrush","ExplosiveVial","hubris:PeanutButter","The Specimen","rat:PhantomDancer","infinitespire:ShieldingShard","BFFS","Bird Faced Urn","Letter Opener","StuffTheSpire:Gunfinga","ToxicTincture","Bag of Marbles","Toxic Egg 2","rat:SilverBolt","Smiling Mask","Replay:Ringing Soul","ShockBauble","Sling","hubris:ToyBattleship","Golden Egg","Pantograph","OrangePellets","TheAbacus","StuffTheSpire:GrapeVine","rat:KircheisShard","Lantern","vexMod:InvisibilityCloak","StuffTheSpire:Mouthbags","Replay:Towering Pillar of Hats","vexMod:TanglingVine","Ancient Tea Set","Bottled Lightning","halation:LostSnail","Chemical X","hubris:MobiusCoin","Mercury Hourglass","Dream Catcher","infinitespire:Golems Mask","Nunchaku","InkBottle","halation:SwordOfLegend","Replay:WaspNest","halation:LettersToHer","rat:RedSneckoSkull","aspiration:FetidBarrel","ReplayTheSpireMod:Lightbulb","infinitespire:Satchel","Torii","ZombieTooth","SnailShell","ClockworkSouvenir","hubris:SlimyHat","halation:AfternoonTea","BicycleWheel","aspiration:Nostalgia","Iron Core","Gambling Chip","PreservedInsect","Snake Skull","DollysMirror","Bottled Tornado","Magic Flower","TheBattery","Gremlin Horn","ReplayFunnel"],"acts_visited":["Exordium","TheCity","TheCity"],"potions_floor_usage":[30],"damage_taken":[{"damage":0,"enemies":"Small Slimes","floor":1,"turns":1},{"damage":0,"enemies":"2 Louse","floor":2,"turns":1},{"damage":0,"enemies":"Gremlin Nob","floor":6,"turns":3},{"damage":0,"enemies":"Replay:BlueRogue","floor":11,"turns":2},{"damage":0,"enemies":"The Guardian","floor":16,"turns":2},{"damage":0,"enemies":"Shell Parasite","floor":18,"turns":1},{"damage":0,"enemies":"Hiden Room Battle","floor":19,"turns":1},{"damage":0,"enemies":"2 Thieves","floor":20,"turns":1},{"damage":0,"enemies":"Cultist and Chosen","floor":22,"turns":1},{"damage":0,"enemies":"Gremlin Leader","floor":23,"turns":1},{"damage":0,"enemies":"conspire:Head Lice","floor":25,"turns":1},{"damage":0,"enemies":"conspire:HollyBat","floor":27,"turns":4},{"damage":0,"enemies":"conspire:SneckoGhost","floor":28,"turns":1},{"damage":0,"enemies":"Sentry and Sphere","floor":29,"turns":2},{"damage":0,"enemies":"Book of Stabbing","floor":30,"turns":1},{"damage":0,"enemies":"bossMod:newCollector","floor":33,"turns":2},{"damage":0,"enemies":"theFactory:BigBot","floor":35,"turns":1},{"damage":0,"enemies":"theFactory:2_Experiment_Personnel","floor":38,"turns":1},{"damage":0,"enemies":"theFactory:6_Mini-Bots","floor":39,"turns":1},{"damage":0,"enemies":"theFactory:SmogElemental","floor":40,"turns":1},{"damage":0,"enemies":"theFactory:DrinkBrewer","floor":42,"turns":2},{"damage":0,"enemies":"theFactory:Personnel_and_Mini-Bots","floor":45,"turns":2},{"damage":0,"enemies":"theFactory:Sentries_and_Big_Bot","floor":47,"turns":1},{"damage":0,"enemies":"theFactory:Guardian2","floor":50,"turns":2},{"damage":0,"enemies":"theFactory:SPIDER","floor":51,"turns":2}],"seed_played":"-3250665225509988850","potions_obtained":[{"floor":2,"key":"Explosive Potion"},{"floor":11,"key":"Swift Potion"},{"floor":28,"key":"SteroidPotion"},{"floor":30,"key":"Energy Potion"}],"is_trial":false,"path_per_floor":["M","M","$","?","$","E","R","?","T","R","E","?","?","$","R","B",null,"M","?","M","$","M","E","R","E","T","M","E","M","E","?","R","B",null,"M","?","$","M","M","E","R","E","T","?","M","$","M","$","R","B","B",null],"character_chosen":"THE_SILENT","items_purchased":["Juzu Bracelet","Replay:Wax Seal","MerchantsRug","sagemod:The_Guidebook_Guide","vexMod:PlasmaPancake","Eternal Feather","Darkstone Periapt","Backstab","SalivaCoin","Regal Pillow","halation:PrussianBluePaint","Guide Book","Frozen Egg 2","Medical Kit","Question Card","Noxious Fumes+1","StuffTheSpire:ReptileScales","CeramicFish","hubris:CuriousFeather","MiniBlackHole","Oddly Smooth Stone","Caltrops+1","SpikesRelics:DaevaFist","sagemod:Red_Beast_Statue","hubris:EnhanceAbility+1","aspiration:TomeofQuesting","conspire:TreasureMap","hubris:Zylophone","PiercingWail","Mummified Hand","infinitespire:FocusingShard","StuffTheSpire:Rhapsscallions","Replay:Bag of Tricks","halation:Toothbrush","ExplosiveVial","hubris:PeanutButter","Footwork+1","Calculated Gamble","PiercingWail","Sadistic Nature+1","rat:PhantomDancer","infinitespire:ShieldingShard","vexMod:PaidLearning","BFFS","Bird Faced Urn","hubris:DuctTape","Specialist+1","ChaosCard","Letter Opener","StuffTheSpire:Gunfinga","ToxicTincture","Bag of Marbles","Fluid Movement+1","Smiling Mask","Replay:Ringing Soul","ShockBauble","Sling","Golden Egg","Pantograph","OrangePellets","TheAbacus","StuffTheSpire:GrapeVine","rat:KircheisShard","Lantern","vexMod:InvisibilityCloak","StuffTheSpire:Mouthbags","NineVolt","Replay:Towering Pillar of Hats","Poison Darts+1","Catalyst+1","GuppysPaw","halation:LostSnail","Chemical X","hubris:MobiusCoin","Mercury Hourglass","Dream Catcher","Fluid Movement+1","Footwork+1","Nunchaku","InkBottle","halation:SwordOfLegend","Replay:WaspNest","infinitespire:Satchel","Torii","ZombieTooth","StuffTheSpire:Barrel","GuppysCollar","DeathBook","A Thousand Cuts+1","ClockworkSouvenir","hubris:SlimyHat","halation:AfternoonTea","BicycleWheel","aspiration:Nostalgia","Snake Skull","DollysMirror","Bottled Tornado","Magic Flower","TheBattery","ReplayUltimateDefense+1","Gremlin Horn","ReplayFunnel"],"campfire_rested":0,"item_purchase_floors":[0,0,0,0,0,0,0,0,0,0,0,0,0,0,0,0,0,0,0,0,0,0,0,0,0,0,0,0,0,0,0,0,3,3,3,3,5,5,5,5,5,5,5,5,5,5,5,7,7,7,7,7,7,10,10,10,10,14,14,14,14,14,14,15,15,15,15,15,17,17,17,21,21,21,21,21,21,24,24,24,24,24,32,32,32,32,34,34,34,41,41,41,41,41,46,46,46,46,48,49,49,49],"current_hp_per_floor":[84,84,87,82,82,94,97,103,103,106,106,106,109,109,112,115,101,101,92,101,104,104,104,107,110,110,110,110,113,116,116,119,122,98,98,98,98,98,98,98,98,101,101,95,101,104,104,104,107,107,107],"gold":862,"neow_bonus":"","is_daily":false,"chose_seed":false,"campfire_upgraded":0,"win_rate":0.0,"timestamp":1611193182,"path_taken":["M","M","$","?","$","E","R","?","T","R","E","?","?","$","R","BOSS","M","?","M","?","M","E","R","E","T","M","E","M","E","?","R","BOSS","M","?","?","M","M","E","R","E","T","?","M","$","M","$","R","BOSS","BOSS"],"items_purchased_type":["Relic","Relic","Relic","Relic","Relic","Relic","Relic","Card","Relic","Relic","Relic","Relic","Relic","Relic","Relic","Card","Card","Relic","Relic","Relic","Relic","Card","Relic","Relic","Card","Relic","Relic","Relic","Card","Relic","Relic","Relic","Card","Relic","Relic","Relic","Card","Card","Card","Card","Relic","Relic","Relic","Relic","Relic","Relic","Card","Card","Relic","Relic","Relic","Relic","Card","Relic","Relic","Relic","Relic","Relic","Relic","Relic","Relic","Relic","Relic","Relic","Relic","Relic","Relic","Relic","Card","Card","Relic","Relic","Relic","Relic","Relic","Relic","Card","Card","Relic","Relic","Relic","Relic","Relic","Relic","Relic","Relic","Relic","Relic","Card","Relic","Relic","Relic","Relic","Relic","Relic","Relic","Relic","Relic","Relic","Card","Relic","Relic"],"build_version":"2020-12-22","purchased_purges":6,"victory":true,"max_hp_per_floor":[91,91,94,94,94,94,97,103,103,106,106,106,109,109,112,115,101,101,101,101,104,104,104,107,110,110,110,110,113,116,116,119,122,98,98,98,98,98,98,98,98,101,101,101,101,104,104,104,107,107,107],"relic_stats":{"Darkstone Periapt":6,"Regal Pillow":0,"Torii":0,"Gremlin Horn":[0,0],"CeramicFish":252,"Magic Flower":[0],"Snake Skull":[37],"Juzu Bracelet":0,"Smiling Mask":275,"Dream Catcher":0,"Nunchaku":[3],"TheAbacus":[6],"Mummified Hand":[214],"Pantograph":0,"Gambling Chip":[8],"Chemical X":[44],"InkBottle":[18],"Ring of the Snake":[50],"counters":[154,517],"Eternal Feather":0,"PreservedInsect":0,"Letter Opener":[213],"Medical Kit":[0],"Question Card":35,"Mercury Hourglass":[126],"OrangePellets":[9],"Bird Faced Urn":[30],"obtain_stats":[{"aspiration:SneckoTail":0,"StuffTheSpire:Rhapsscallions":0,"DeadEye":6,"Sling":0,"BFFS":5,"vexMod:InvisibilityCloak":9,"infinitespire:ShieldingShard":0,"halation:PromiseList":7,"hubris:MobiusCoin":0,"MerchantsRug":11,"Blue Candle":29,"BelialBook":2,"Eternal Feather":43,"Pen Nib":10,"MoneyPower":8,"infinitespire:Magic Flask":3,"infinitespire:Broken Mirror":62,"StuffTheSpire:MayFlowers":0,"Bird Faced Urn":8,"vexMod:PlasmaPancake":0,"Regal Pillow":55,"Torii":0,"Singing Bowl":0,"StuffTheSpire:GrapeVine":9,"sagemod:The_Guidebook_Guide":0,"Smiling Mask":10,"Ancient Tea Set":19,"Burning Blood":29,"conspire:InfiniteJournal":56,"DeathBook":34,"StuffTheSpire:Gunfinga":58,"hubris:CuriousFeather":47,"Chemical X":0,"Replay:Bottled Eggs":49,"InkBottle":14,"Ring of the Snake":0,"Potion Belt":0,"Lee\u0027s Waffle":0,"Golden Idol":4,"Circlet":0,"PreservedInsect":0,"infinitespire:Lucky Rock":26,"hubris:Towel":2,"halation:NonexistentMirror":0,"halation:SwordOfLegend":24,"StuffTheSpire:Mouthbags":25,"Ornamental Fan":0,"rat:KircheisShard":23,"Ring of Misfortune":25,"Garlic":0,"SpikesRelics:DaevaFist":0,"Art of War":29,"halation:PinkSoulGem":42,"halation:PeacePiece":0,"hubris:BottledRain":43,"Ice Cream":13,"sagemod:Red_Beast_Statue":0,"ShockBauble":10,"Gremlin Horn":49,"Centennial Puzzle":49,"halation:PrussianBluePaint":0,"Philosopher\u0027s Stone":34,"LugNut":6,"hubris:DuctTape":0,"ReplayTheSpireMod:CursedCoin":0,"vexMod:PaidLearning":0,"Du-Vu Doll":0,"rat:RedSneckoSkull":46,"hubris:Zylophone":0,"OrangePellets":14,"YumHeart":0,"Onion Ring":29,"hubris:PeanutButter":3,"infinitespire:EmpoweringShard":14,"Pocketwatch":9,"Iron Core":41,"aspiration:TomeofQuesting":0,"Snake Skull":0,"halation:WeightlessCrab":0,"Juzu Bracelet":0,"Sizzling Blood":12,"Replay:Mystery Machine":26,"vexMod:Spyglass":0,"Tough Bandages":0,"Dream Catcher":4,"Nunchaku":24,"hubris:Icosahedron":3,"Chameleon Ring":0,"ChampionBelt":51,"TheAbacus":14,"MiniBlackHole":12,"halation:LettersToHer":25,"Guide Book":0,"halation:IllGainedPizza":43,"hubris:MedicalManual":0,"infinitespire:FocusingShard":0,"Replay:WaspNest":24,"ToxicTincture":7,"Medical Kit":0,"Mercury Hourglass":21,"Calling Bell":17,"Strange Spoon":0,"vexMod:BarristanHead":26,"halation:EternalFortune":47,"infinitespire:Satchel":32,"Bag of Marbles":11,"Membership Card":0,"hubris:OldNail":0,"FossilizedHelix":59,"ReplayTheSpireMod:ShopPack":0,"TwistedFunnel":11,"Golden Egg":0,"StuffTheSpire:Barrel":36,"vexMod:MemoryStick":40,"Whetstone":0,"vexMod:TanglingVine":17,"Bottled Tornado":0,"Boot":42,"halation:HeavySnake":34,"Replay:Ringing Soul":10,"ZombieTooth":32,"rorgmod:The Boot":46,"aspiration:PoetsPen":34,"TheBean":0,"hubris:DeckOfHolding":60,"infinitespire:Golems Mask":23,"Replay:Wax Seal":9,"conspire:TreasureMap":0,"GiantMaggot":44,"SteamSale":0,"aspiration:FrozenJewel":0,"halation:PenCase":0,"Kintsugi":17,"HushsDoor":0,"infinitespire:PuzzleCube":6,"GuppysCollar":34,"Lantern":0,"Magic Flower":46,"Bag of Preparation":46,"TheBattery":48,"HeavenlyBonsai":0,"Replay:Rubber Ducky":0,"StuffTheSpire:OccultApparatus":3,"BranchBurnRelic":47,"Matryoshka":0,"Ring of Peace":4,"hubris:ScarierMask":17,"hubris:FunFungus":37,"halation:Toothbrush":3,"Ring of Panic":25,"BicycleWheel":41,"StuffTheSpire:TintedRock":0,"The Specimen":4,"StuffTheSpire:Saxophone":0,"energizedSpire:EnergizedDie":20,"Omamori":0,"Frozen Egg 2":0,"Habit":0,"ExplosiveVial":3,"Orrery":0,"MagicMushroom":34,"Bottled Lightning":11,"halation:AfternoonTea":41,"halation:LostSnail":0,"ReplayTheSpireMod:Lightbulb":30,"NineVolt":15,"CeramicFish":0,"EVO:Axolotl":0,"DollysMirror":0,"halation:VictoryRuler":17,"Toxic Egg 2":0,"rat:SilverBolt":9,"Happy Flower":11,"aspiration:Nostalgia":29,"Astrolabe":34,"Dead Branch":46,"Oddly Smooth Stone":0,"infinitespire:Beetle Shell":0,"BlackRope":0,"Letter Opener":7,"War Paint":0,"Question Card":0,"ReplayTheSpireMod:Shallot":0,"Bronze Scales":0,"StuffTheSpire:DarkSteelAnvil":0,"ReplayTheSpireMod:TigerMarble":0,"hubris:ToyBattleship":11,"Darkstone Periapt":0,"ReplayFunnel":0,"SnailShell":0,"GuppysPaw":17,"BrokenLever":52,"hubris:SlimyHat":0,"Incense Burner":0,"ClockworkSouvenir":0,"StuffTheSpire:Experiment12":7,"Mummified Hand":0,"StuffTheSpire:HeavyRock":0,"Pantograph":14,"Gambling Chip":42,"RollingBoulder":0,"Tiny Chest":0,"energizedSpire:RedRose":52,"Gremlin Food":14,"BargainBundle":0,"Replay:Towering Pillar of Hats":0,"infinitespire:CursedDice":27,"aspiration:FetidBarrel":28,"Quantum Egg":44,"Orichalcum":0,"Peace Pipe":29,"Anchor":46,"vexMod:HeadHunter":0,"rat:QuicksilverSash":0,"SalivaCoin":57,"BlankCard":0,"hubris:Potato":0,"rat:PhantomDancer":5,"hubris:NiceRug":29},{"aspiration:SneckoTail":129,"StuffTheSpire:Rhapsscallions":129,"DeadEye":96,"Sling":9,"BFFS":131,"vexMod:InvisibilityCloak":12,"infinitespire:ShieldingShard":9,"halation:PromiseList":5,"hubris:MobiusCoin":9,"MerchantsRug":13,"Blue Candle":21,"BelialBook":93,"Eternal Feather":65,"Pen Nib":13,"MoneyPower":98,"infinitespire:Magic Flask":40,"infinitespire:Broken Mirror":126,"StuffTheSpire:MayFlowers":129,"Bird Faced Urn":49,"vexMod:PlasmaPancake":129,"Regal Pillow":121,"Torii":2,"Singing Bowl":9,"StuffTheSpire:GrapeVine":98,"sagemod:The_Guidebook_Guide":91,"Smiling Mask":132,"Ancient Tea Set":136,"Burning Blood":22,"conspire:InfiniteJournal":121,"DeathBook":145,"StuffTheSpire:Gunfinga":123,"hubris:CuriousFeather":31,"Chemical X":9,"Replay:Bottled Eggs":66,"InkBottle":15,"Ring of the Snake":0,"Potion Belt":9,"Lee\u0027s Waffle":9,"Golden Idol":94,"Circlet":0,"PreservedInsect":9,"infinitespire:Lucky Rock":56,"hubris:Towel":1,"halation:NonexistentMirror":2,"halation:SwordOfLegend":139,"StuffTheSpire:Mouthbags":20,"Ornamental Fan":9,"rat:KircheisShard":19,"Ring of Misfortune":56,"Garlic":9,"SpikesRelics:DaevaFist":9,"Art of War":22,"halation:PinkSoulGem":29,"halation:PeacePiece":68,"hubris:BottledRain":114,"Ice Cream":14,"sagemod:Red_Beast_Statue":129,"ShockBauble":132,"Gremlin Horn":152,"Centennial Puzzle":66,"halation:PrussianBluePaint":9,"Philosopher\u0027s Stone":25,"LugNut":70,"hubris:DuctTape":9,"ReplayTheSpireMod:CursedCoin":9,"vexMod:PaidLearning":9,"Du-Vu Doll":9,"rat:RedSneckoSkull":31,"hubris:Zylophone":129,"OrangePellets":133,"YumHeart":91,"Onion Ring":22,"hubris:PeanutButter":131,"infinitespire:EmpoweringShard":74,"Pocketwatch":49,"Iron Core":149,"aspiration:TomeofQuesting":9,"Snake Skull":9,"halation:WeightlessCrab":9,"Juzu Bracelet":9,"Sizzling Blood":99,"Replay:Mystery Machine":80,"vexMod:Spyglass":9,"Tough Bandages":9,"Dream Catcher":45,"Nunchaku":139,"hubris:Icosahedron":3,"Chameleon Ring":87,"ChampionBelt":119,"TheAbacus":133,"MiniBlackHole":14,"halation:LettersToHer":140,"Guide Book":9,"halation:IllGainedPizza":29,"hubris:MedicalManual":9,"infinitespire:FocusingShard":129,"Replay:WaspNest":139,"ToxicTincture":132,"Medical Kit":9,"Mercury Hourglass":137,"Calling Bell":51,"Strange Spoon":9,"vexMod:BarristanHead":20,"halation:EternalFortune":66,"infinitespire:Satchel":144,"Bag of Marbles":99,"Membership Card":9,"hubris:OldNail":9,"FossilizedHelix":124,"ReplayTheSpireMod:ShopPack":2,"TwistedFunnel":13,"Golden Egg":2,"StuffTheSpire:Barrel":26,"vexMod:MemoryStick":29,"Whetstone":9,"vexMod:TanglingVine":134,"Bottled Tornado":9,"Boot":65,"halation:HeavySnake":145,"Replay:Ringing Soul":132,"ZombieTooth":144,"rorgmod:The Boot":31,"aspiration:PoetsPen":60,"TheBean":0,"hubris:DeckOfHolding":124,"infinitespire:Golems Mask":139,"Replay:Wax Seal":6,"conspire:TreasureMap":129,"GiantMaggot":66,"SteamSale":129,"aspiration:FrozenJewel":2,"halation:PenCase":129,"Kintsugi":16,"HushsDoor":0,"infinitespire:PuzzleCube":47,"GuppysCollar":145,"Lantern":9,"Magic Flower":151,"Bag of Preparation":31,"TheBattery":152,"HeavenlyBonsai":38,"Replay:Rubber Ducky":9,"StuffTheSpire:OccultApparatus":1,"BranchBurnRelic":116,"Matryoshka":68,"Ring of Peace":11,"hubris:ScarierMask":75,"hubris:FunFungus":86,"halation:Toothbrush":131,"Ring of Panic":56,"BicycleWheel":149,"StuffTheSpire:TintedRock":9,"The Specimen":131,"StuffTheSpire:Saxophone":2,"energizedSpire:EnergizedDie":102,"Omamori":9,"Frozen Egg 2":9,"Habit":91,"ExplosiveVial":131,"Orrery":9,"MagicMushroom":110,"Bottled Lightning":13,"halation:AfternoonTea":149,"halation:LostSnail":9,"ReplayTheSpireMod:Lightbulb":144,"NineVolt":133,"CeramicFish":9,"EVO:Axolotl":0,"DollysMirror":9,"halation:VictoryRuler":51,"Toxic Egg 2":38,"rat:SilverBolt":132,"Happy Flower":7,"aspiration:Nostalgia":22,"Astrolabe":84,"Dead Branch":116,"Oddly Smooth Stone":9,"infinitespire:Beetle Shell":9,"BlackRope":9,"Letter Opener":132,"War Paint":9,"Question Card":9,"ReplayTheSpireMod:Shallot":9,"Bronze Scales":9,"StuffTheSpire:DarkSteelAnvil":9,"ReplayTheSpireMod:TigerMarble":9,"hubris:ToyBattleship":133,"Darkstone Periapt":9,"ReplayFunnel":9,"SnailShell":9,"GuppysPaw":134,"BrokenLever":120,"hubris:SlimyHat":9,"Incense Burner":129,"ClockworkSouvenir":9,"StuffTheSpire:Experiment12":12,"Mummified Hand":9,"StuffTheSpire:HeavyRock":68,"Pantograph":133,"Gambling Chip":150,"RollingBoulder":9,"Tiny Chest":9,"energizedSpire:RedRose":35,"Gremlin Food":100,"BargainBundle":9,"Replay:Towering Pillar of Hats":2,"infinitespire:CursedDice":21,"aspiration:FetidBarrel":142,"Quantum Egg":30,"Orichalcum":38,"Peace Pipe":22,"Anchor":31,"vexMod:HeadHunter":9,"rat:QuicksilverSash":9,"SalivaCoin":122,"BlankCard":129,"hubris:Potato":9,"rat:PhantomDancer":131,"hubris:NiceRug":22},{"aspiration:SneckoTail":479,"StuffTheSpire:Rhapsscallions":479,"DeadEye":383,"Sling":22,"BFFS":481,"vexMod:InvisibilityCloak":27,"infinitespire:ShieldingShard":22,"halation:PromiseList":14,"hubris:MobiusCoin":22,"MerchantsRug":30,"Blue Candle":55,"BelialBook":376,"Eternal Feather":211,"Pen Nib":30,"MoneyPower":387,"infinitespire:Magic Flask":108,"infinitespire:Broken Mirror":467,"StuffTheSpire:MayFlowers":479,"Bird Faced Urn":140,"vexMod:PlasmaPancake":479,"Regal Pillow":456,"Torii":6,"Singing Bowl":22,"StuffTheSpire:GrapeVine":387,"sagemod:The_Guidebook_Guide":368,"Smiling Mask":484,"Ancient Tea Set":490,"Burning Blood":60,"conspire:InfiniteJournal":456,"DeathBook":504,"StuffTheSpire:Gunfinga":462,"hubris:CuriousFeather":82,"Chemical X":22,"Replay:Bottled Eggs":218,"InkBottle":32,"Ring of the Snake":0,"Potion Belt":22,"Lee\u0027s Waffle":22,"Golden Idol":378,"Circlet":0,"PreservedInsect":22,"infinitespire:Lucky Rock":171,"hubris:Towel":5,"halation:NonexistentMirror":6,"halation:SwordOfLegend":493,"StuffTheSpire:Mouthbags":53,"Ornamental Fan":22,"rat:KircheisShard":42,"Ring of Misfortune":171,"Garlic":22,"SpikesRelics:DaevaFist":22,"Art of War":60,"halation:PinkSoulGem":78,"halation:PeacePiece":227,"hubris:BottledRain":436,"Ice Cream":31,"sagemod:Red_Beast_Statue":479,"ShockBauble":484,"Gremlin Horn":513,"Centennial Puzzle":218,"halation:PrussianBluePaint":22,"Philosopher\u0027s Stone":66,"LugNut":240,"hubris:DuctTape":22,"ReplayTheSpireMod:CursedCoin":22,"vexMod:PaidLearning":22,"Du-Vu Doll":22,"rat:RedSneckoSkull":82,"hubris:Zylophone":479,"OrangePellets":486,"YumHeart":368,"Onion Ring":60,"hubris:PeanutButter":481,"infinitespire:EmpoweringShard":263,"Pocketwatch":140,"Iron Core":508,"aspiration:TomeofQuesting":22,"Snake Skull":22,"halation:WeightlessCrab":22,"Juzu Bracelet":22,"Sizzling Blood":389,"Replay:Mystery Machine":303,"vexMod:Spyglass":22,"Tough Bandages":22,"Dream Catcher":128,"Nunchaku":493,"hubris:Icosahedron":10,"Chameleon Ring":351,"ChampionBelt":452,"TheAbacus":486,"MiniBlackHole":31,"halation:LettersToHer":494,"Guide Book":22,"halation:IllGainedPizza":78,"hubris:MedicalManual":22,"infinitespire:FocusingShard":479,"Replay:WaspNest":493,"ToxicTincture":484,"Medical Kit":22,"Mercury Hourglass":491,"Calling Bell":149,"Strange Spoon":22,"vexMod:BarristanHead":53,"halation:EternalFortune":218,"infinitespire:Satchel":502,"Bag of Marbles":389,"Membership Card":22,"hubris:OldNail":22,"FossilizedHelix":464,"ReplayTheSpireMod:ShopPack":6,"TwistedFunnel":30,"Golden Egg":6,"StuffTheSpire:Barrel":69,"vexMod:MemoryStick":78,"Whetstone":22,"vexMod:TanglingVine":488,"Bottled Tornado":22,"Boot":211,"halation:HeavySnake":504,"Replay:Ringing Soul":484,"ZombieTooth":502,"rorgmod:The Boot":82,"aspiration:PoetsPen":193,"TheBean":0,"hubris:DeckOfHolding":464,"infinitespire:Golems Mask":493,"Replay:Wax Seal":15,"conspire:TreasureMap":479,"GiantMaggot":218,"SteamSale":479,"aspiration:FrozenJewel":6,"halation:PenCase":479,"Kintsugi":34,"HushsDoor":0,"infinitespire:PuzzleCube":135,"GuppysCollar":504,"Lantern":22,"Magic Flower":512,"Bag of Preparation":82,"TheBattery":513,"HeavenlyBonsai":99,"Replay:Rubber Ducky":22,"StuffTheSpire:OccultApparatus":5,"BranchBurnRelic":442,"Matryoshka":227,"Ring of Peace":26,"hubris:ScarierMask":276,"hubris:FunFungus":343,"halation:Toothbrush":481,"Ring of Panic":171,"BicycleWheel":508,"StuffTheSpire:TintedRock":22,"The Specimen":481,"StuffTheSpire:Saxophone":6,"energizedSpire:EnergizedDie":404,"Omamori":22,"Frozen Egg 2":22,"Habit":368,"ExplosiveVial":481,"Orrery":22,"MagicMushroom":428,"Bottled Lightning":30,"halation:AfternoonTea":508,"halation:LostSnail":22,"ReplayTheSpireMod:Lightbulb":502,"NineVolt":486,"CeramicFish":22,"EVO:Axolotl":0,"DollysMirror":22,"halation:VictoryRuler":149,"Toxic Egg 2":99,"rat:SilverBolt":484,"Happy Flower":19,"aspiration:Nostalgia":60,"Astrolabe":332,"Dead Branch":442,"Oddly Smooth Stone":22,"infinitespire:Beetle Shell":22,"BlackRope":22,"Letter Opener":484,"War Paint":22,"Question Card":22,"ReplayTheSpireMod:Shallot":22,"Bronze Scales":22,"StuffTheSpire:DarkSteelAnvil":22,"ReplayTheSpireMod:TigerMarble":22,"hubris:ToyBattleship":486,"Darkstone Periapt":22,"ReplayFunnel":22,"SnailShell":22,"GuppysPaw":488,"BrokenLever":455,"hubris:SlimyHat":22,"Incense Burner":479,"ClockworkSouvenir":22,"StuffTheSpire:Experiment12":27,"Mummified Hand":22,"StuffTheSpire:HeavyRock":227,"Pantograph":486,"Gambling Chip":510,"RollingBoulder":22,"Tiny Chest":22,"energizedSpire:RedRose":91,"Gremlin Food":395,"BargainBundle":22,"Replay:Towering Pillar of Hats":6,"infinitespire:CursedDice":55,"aspiration:FetidBarrel":499,"Quantum Egg":81,"Orichalcum":99,"Peace Pipe":60,"Anchor":82,"vexMod:HeadHunter":22,"rat:QuicksilverSash":22,"SalivaCoin":458,"BlankCard":479,"hubris:Potato":22,"rat:PhantomDancer":481,"hubris:NiceRug":60}]},"card_choices":[{"not_picked":["Prepared","Flying Knee","Flechettes","Pace"],"picked":"SKIP","floor":1},{"not_picked":["Infinite Blades+1","rat:OpeningStrike","StuffTheSpire:MirrorStance","StuffTheSpire:ClusterCrunch"],"picked":"SKIP","floor":2},{"not_picked":["StuffTheSpire:Incursion","Quick Slash","Masterful Stab"],"picked":"Corpse Explosion","floor":6},{"not_picked":["Setup+1","rat:MoondustBomb+1","Deadly Poison+1","ReplayTheSpireMod:Necrosis+1"],"picked":"SKIP","floor":11},{"not_picked":["Envenom+1","rat:Dispatch","Wraith Form v2+1"],"picked":"After Image+1","floor":16},{"not_picked":["Hidden Blade+1","ReplayTheSpireMod:Shiv Toss+1","Flying Knee","StuffTheSpire:ClusterCrunch"],"picked":"SKIP","floor":18},{"not_picked":["Flying Knee","rat:Garrote","Poisoned Stab","StuffTheSpire:Incursion+1"],"picked":"SKIP","floor":20},{"not_picked":["StuffTheSpire:Sprint+1","rat:DextrousStrike","Slice","Dodge and Roll+1"],"picked":"SKIP","floor":22},{"not_picked":["Slice+1","conspire:PoisonWeapons+1","StuffTheSpire:Injection","conspire:DoublingDagger+1"],"picked":"SKIP","floor":23},{"not_picked":["Cloak And Dagger+1","ReplayTheSpireMod:Tripwire+1","Blade Dance+1"],"picked":"rat:Lunge+1","floor":25},{"not_picked":["Sucker Punch","rat:EchoingStrikes","rat:MoondustBomb+1","InfectiousVector+1"],"picked":"SKIP","floor":27},{"not_picked":["Die Die Die","Riddle With Holes","rat:SilverDagger+1","rat:SiphonSilver+1"],"picked":"SKIP","floor":28},{"not_picked":["Tactician+1","StuffTheSpire:ClusterCrunch+1","Blur+1"],"picked":"Catalyst+1","floor":29},{"not_picked":["Night Terror+1","Dagger Spray","Choke"],"picked":"rat:Lunge+1","floor":30},{"not_picked":["Night Terror+1","Replay:Bag of Tricks+1","Envenom+1"],"picked":"infinitespire:Neurotoxin+1","floor":33},{"not_picked":["Cloak And Dagger+1","Dagger Spray","Slice","StuffTheSpire:Injection"],"picked":"SKIP","floor":35},{"not_picked":["Blade Dance+1","Prepared+1","StuffTheSpire:DoubleShiv+1","Leg Sweep+1"],"picked":"SKIP","floor":38},{"not_picked":["StuffTheSpire:Injection+1","rat:SilverDagger","rat:SilveredBlade","rat:Garrote+1"],"picked":"SKIP","floor":39},{"not_picked":["Catalyst+1","Crippling Poison+1","Bane+1","Replay:Bag of Tricks+1"],"picked":"SKIP","floor":40},{"not_picked":["Reflex+1","Headbutt","Pace+1","Whirlwind"],"picked":"SKIP","floor":42},{"not_picked":["Reflex+1","Headbutt","Pace+1"],"picked":"Whirlwind","floor":42},{"not_picked":["Turbo+1","Body Slam","Heavy Blade","rat:RuptureArtery+1"],"picked":"SKIP","floor":45},{"not_picked":["rat:Shadowstep+1","Reflex+1","ShadowRift","Backflip+1"],"picked":"SKIP","floor":47}],"player_experience":633934,"relics_obtained":[{"floor":6,"key":"War Paint"},{"floor":9,"key":"rat:SilverBolt"},{"floor":11,"key":"hubris:ToyBattleship"},{"floor":19,"key":"Ancient Tea Set"},{"floor":19,"key":"Bottled Lightning"},{"floor":23,"key":"infinitespire:Golems Mask"},{"floor":25,"key":"halation:LettersToHer"},{"floor":26,"key":"halation:LettersToHer"},{"floor":26,"key":"rat:RedSneckoSkull"},{"floor":28,"key":"aspiration:FetidBarrel"},{"floor":30,"key":"ReplayTheSpireMod:Lightbulb"},{"floor":40,"key":"SnailShell"},{"floor":42,"key":"Gambling Chip"},{"floor":43,"key":"halation:LettersToHer"},{"floor":43,"key":"PreservedInsect"}],"event_choices":[{"damage_healed":0,"gold_gain":0,"player_choice":"Relic ","damage_taken":5,"max_hp_gain":0,"max_hp_loss":0,"event_name":"betterThird:BetterScrap","floor":4,"gold_loss":0,"cards_obtained":["Electrodynamics"]},{"damage_healed":0,"gold_gain":0,"player_choice":"Fight","damage_taken":0,"max_hp_gain":0,"max_hp_loss":0,"event_name":"HidenRoomEvent","floor":19,"gold_loss":0},{"damage_healed":0,"gold_gain":0,"player_choice":"Got Potions","damage_taken":0,"max_hp_gain":0,"max_hp_loss":0,"event_name":"Lab","floor":31,"gold_loss":0},{"damage_healed":0,"gold_gain":0,"player_choice":"Leave","damage_taken":0,"max_hp_gain":0,"max_hp_loss":0,"event_name":"conspire:Investor","floor":44,"gold_loss":0}],"is_beta":false,"boss_relics":[{"not_picked":["Replay:Bronze Core","aspiration:DefectSkillbook"],"picked":"vexMod:TanglingVine"},{"not_picked":[]},{"not_picked":["hubris:VirtuousBlindfold","StuffTheSpire:Kangaroo"],"picked":"halation:HeavySnake"},{"not_picked":[]}],"items_purged_floors":[0,0,3,7,10,32],"is_endless":false,"potions_floor_spawned":[2,11,18,22,25,28,30,33,35,42,47,50],"ascension_level":20}}