{"host":"6p0attdrtjqaih7v","time":1611214655,"event":{"mods":["2.2 Compatiblity","AchievementEnabler","Bard","BaseMod","Better Skull","Better Third Choice","Colored Powertips","Hermit","Highlight Path","Jorbs\u0027s Wanderer Trilogy","Key Reminder","Minty Spire (QoL Compilation)","Permanent Neow","Quick Restart","Random Character Button","Relic Stats","Replay The Spire","Robot Space Explorer","StSLib"],"gold_per_floor":[115,134,152,26,26,53,63,63,63,74,74,94,105,116,116,116,116],"floor_reached":16,"language":"ENG","playtime":711,"items_purged":[],"score":175,"play_id":"dd0245a3-dd1c-4a0c-9a4a-5c5ecfca512c","local_time":"20210121023735","is_ascension_mode":true,"campfire_choices":[{"data":"RobotSpaceExplorer:Multitool","floor":8,"key":"SMITH"},{"data":"RobotSpaceExplorer:Comet","floor":15,"key":"SMITH"}],"circlet_count":0,"master_deck":["AscendersBane","RobotSpaceExplorer:Strike","RobotSpaceExplorer:Strike","RobotSpaceExplorer:Strike+1","RobotSpaceExplorer:Strike","RobotSpaceExplorer:Defend","RobotSpaceExplorer:Defend+1","RobotSpaceExplorer:Defend","RobotSpaceExplorer:Defend","RobotSpaceExplorer:Scan","RobotSpaceExplorer:MiniLasers","RobotSpaceExplorer:Multitool+1","RobotSpaceExplorer:LaserBurst","RobotSpaceExplorer:MetalStrike","RobotSpaceExplorer:StunGrenade","RobotSpaceExplorer:ScrapToss","Flash of Steel","RobotSpaceExplorer:ShovelStrike","RobotSpaceExplorer:ShockMissile","RobotSpaceExplorer:StunGrenade","RobotSpaceExplorer:ShovelStrike","RobotSpaceExplorer:Comet+1"],"relics":["RobotSpaceExplorer:RoboCore","Replay:Mystery Machine","Orichalcum"],"acts_visited":["Exordium"],"potions_floor_usage":[],"damage_taken":[{"damage":0,"enemies":"Small Slimes","floor":1,"turns":4},{"damage":2,"enemies":"Jaw Worm","floor":2,"turns":4},{"damage":0,"enemies":"2 Louse","floor":3,"turns":4},{"damage":29,"enemies":"3 Sentries","floor":6,"turns":7},{"damage":0,"enemies":"Exordium Wildlife","floor":7,"turns":5},{"damage":0,"enemies":"3 Louse","floor":10,"turns":3},{"damage":0,"enemies":"Blue Slaver","floor":12,"turns":4},{"damage":1,"enemies":"Exordium Wildlife","floor":13,"turns":2},{"damage":3,"enemies":"3 Louse","floor":14,"turns":2},{"damage":21,"enemies":"The Guardian","floor":16,"turns":8}],"seed_played":"4337532677987449356","potions_obtained":[{"floor":7,"key":"Energy Potion"},{"floor":12,"key":"DuplicationPotion"}],"is_trial":false,"path_per_floor":["M","M","M","$","?","E","M","R","T","M","?","M","M","M","R","B"],"character_chosen":"RobotSpaceExplorer","items_purchased":["RobotSpaceExplorer:ScrapToss","Flash of Steel"],"campfire_rested":0,"item_purchase_floors":[4,4],"current_hp_per_floor":[68,66,66,66,66,37,37,37,37,37,23,23,22,19,19,0,0],"gold":116,"neow_bonus":"THREE_RARE_CARDS","is_daily":false,"chose_seed":false,"campfire_upgraded":2,"win_rate":0.0,"timestamp":1611214655,"path_taken":["M","M","M","$","?","E","M","R","T","M","?","M","?","M","R","BOSS"],"items_purchased_type":["Card","Card"],"build_version":"2020-12-22","purchased_purges":0,"victory":false,"max_hp_per_floor":[68,68,68,68,68,68,68,68,68,68,68,68,68,68,68,68,68],"relic_stats":{"counters":[10,43],"Orichalcum":[24],"obtain_stats":[{"RobotSpaceExplorer:RoboCore":0,"Replay:Mystery Machine":6,"Orichalcum":9},{"RobotSpaceExplorer:RoboCore":0,"Replay:Mystery Machine":4,"Orichalcum":5},{"RobotSpaceExplorer:RoboCore":0,"Replay:Mystery Machine":19,"Orichalcum":24}]},"card_choices":[{"not_picked":["RobotSpaceExplorer:BlastShield","RobotSpaceExplorer:Wormhole"],"picked":"RobotSpaceExplorer:Multitool","floor":0},{"not_picked":["RobotSpaceExplorer:Ammunition","RobotSpaceExplorer:Pulsar"],"picked":"RobotSpaceExplorer:LaserBurst","floor":1},{"not_picked":["RobotSpaceExplorer:LaserBurst","RobotSpaceExplorer:Counterblock"],"picked":"RobotSpaceExplorer:MetalStrike","floor":2},{"not_picked":["RobotSpaceExplorer:FrostMissile","RobotSpaceExplorer:ShockKick"],"picked":"RobotSpaceExplorer:StunGrenade","floor":3},{"not_picked":["RobotSpaceExplorer:Pulsar","RobotSpaceExplorer:SlimeMissile","RobotSpaceExplorer:Probe"],"picked":"SKIP","floor":6},{"not_picked":["RobotSpaceExplorer:FreezeRay","RobotSpaceExplorer:ToxicBomb"],"picked":"RobotSpaceExplorer:ShovelStrike","floor":7},{"not_picked":["RobotSpaceExplorer:SurgingShield","RobotSpaceExplorer:StunGrenade"],"picked":"RobotSpaceExplorer:ShockMissile","floor":10},{"not_picked":["RobotSpaceExplorer:ImprovisedAttack","RobotSpaceExplorer:ScrapMissile"],"picked":"RobotSpaceExplorer:StunGrenade","floor":12},{"not_picked":["RobotSpaceExplorer:Blitz","RobotSpaceExplorer:DoubleBlock"],"picked":"RobotSpaceExplorer:ShovelStrike","floor":13},{"not_picked":["RobotSpaceExplorer:ShovelStrike","RobotSpaceExplorer:BigMissile"],"picked":"RobotSpaceExplorer:Comet","floor":14}],"player_experience":902351,"relics_obtained":[{"floor":6,"key":"Replay:Mystery Machine"},{"floor":9,"key":"Orichalcum"}],"event_choices":[{"damage_healed":0,"gold_gain":0,"player_choice":"Ignored","damage_taken":0,"max_hp_gain":0,"max_hp_loss":0,"event_name":"Liars Game","floor":5,"gold_loss":0},{"damage_healed":0,"gold_gain":0,"player_choice":"Entered Light","damage_taken":14,"max_hp_gain":0,"max_hp_loss":0,"event_name":"Shining Light","floor":11,"gold_loss":0,"cards_upgraded":["RobotSpaceExplorer:Strike","RobotSpaceExplorer:Defend"]}],"is_beta":false,"boss_relics":[],"items_purged_floors":[],"is_endless":false,"potions_floor_spawned":[7,12,14],"killed_by":"The Guardian","ascension_level":13}}