{"host":"aqym1xxr3lb31d9m","time":1611235447,"event":{"mods":["BaseMod","Block Reminder","Colored Map","Colored Powertips","DeckTracker","Highlight Path","Minty Spire (QoL Compilation)","Quick Restart","Random Character Button","StSLib","SuperFastMode","UnlockEverythingMod"],"gold_per_floor":[12,12,12,12,12,12,12,12,38,71,90,123,123,142,142,142,142],"floor_reached":16,"language":"JPN","playtime":397,"items_purged":[],"score":212,"play_id":"877e7f93-84e0-47ae-b133-87bac1bd1b73","local_time":"20210121222407","is_ascension_mode":true,"campfire_choices":[{"data":"Bash","floor":6,"key":"SMITH"},{"floor":8,"key":"RECALL"},{"floor":15,"key":"REST"}],"circlet_count":0,"master_deck":["AscendersBane","Strike_R","Strike_R","Strike_R","Strike_R","Defend_R","Defend_R","Defend_R","Defend_R","Bash+1","Blood for Blood+1","Sword Boomerang","Pommel Strike","Disarm","Dual Wield"],"relics":["Burning Blood","Turnip","Golden Idol","Dead Branch","Regal Pillow"],"acts_visited":["Exordium"],"potions_floor_usage":[12,16],"damage_taken":[{"damage":9,"enemies":"Jaw Worm","floor":1,"turns":4},{"damage":8,"enemies":"Gremlin Nob","floor":10,"turns":3},{"damage":5,"enemies":"Small Slimes","floor":11,"turns":4},{"damage":9,"enemies":"Lagavulin","floor":12,"turns":9},{"damage":7,"enemies":"2 Louse","floor":14,"turns":4},{"damage":76,"enemies":"Slime Boss","floor":16,"turns":9}],"seed_played":"-4724838240395046983","potions_obtained":[{"floor":11,"key":"HeartOfIron"},{"floor":12,"key":"Weak Potion"}],"is_trial":false,"path_per_floor":["M","?","?","$","?","R","?","R","T","E","M","E","?","M","R","B"],"character_chosen":"IRONCLAD","items_purchased":[],"campfire_rested":1,"item_purchase_floors":[],"current_hp_per_floor":[65,39,44,44,44,44,37,37,37,35,36,33,33,32,71,0,0],"gold":142,"neow_bonus":"ONE_RARE_RELIC","is_daily":false,"chose_seed":false,"campfire_upgraded":1,"win_rate":0.0,"timestamp":1611235447,"path_taken":["M","?","?","$","?","R","?","R","T","E","M","E","?","?","R","BOSS"],"items_purchased_type":[],"build_version":"2020-12-22","purchased_purges":0,"victory":false,"max_hp_per_floor":[75,75,80,80,80,80,80,80,80,80,80,80,80,80,80,80,80],"card_choices":[{"not_picked":["True Grit","Flex"],"picked":"Blood for Blood","floor":1},{"not_picked":["Body Slam","Dark Embrace"],"picked":"Sword Boomerang","floor":10},{"not_picked":["Heavy Blade","Barricade"],"picked":"Pommel Strike","floor":11},{"not_picked":["Whirlwind","Heavy Blade"],"picked":"Disarm","floor":12},{"not_picked":["Sentinel","Anger"],"picked":"Dual Wield","floor":14}],"player_experience":3961165,"relics_obtained":[{"floor":10,"key":"Dead Branch"},{"floor":12,"key":"Regal Pillow"}],"event_choices":[{"damage_healed":0,"gold_gain":0,"player_choice":"Take Damage","damage_taken":26,"relics_obtained":["Golden Idol"],"max_hp_gain":0,"max_hp_loss":0,"event_name":"Golden Idol","floor":2,"gold_loss":0},{"damage_healed":0,"gold_gain":0,"player_choice":"Donut","damage_taken":0,"max_hp_gain":5,"max_hp_loss":0,"event_name":"Big Fish","floor":3,"gold_loss":0},{"damage_healed":0,"gold_gain":0,"player_choice":"Grow","damage_taken":0,"max_hp_gain":0,"max_hp_loss":0,"event_name":"Living Wall","floor":5,"gold_loss":0,"cards_upgraded":["Blood for Blood"]},{"cards_removed":["Strike_R"],"damage_healed":0,"gold_gain":0,"player_choice":"Card Removal","damage_taken":7,"max_hp_gain":0,"max_hp_loss":0,"event_name":"Golden Wing","floor":7,"gold_loss":0},{"damage_healed":0,"gold_gain":0,"player_choice":"Ignored","damage_taken":0,"max_hp_gain":0,"max_hp_loss":0,"event_name":"Liars Game","floor":13,"gold_loss":0}],"is_beta":false,"boss_relics":[],"items_purged_floors":[],"is_endless":false,"potions_floor_spawned":[11,12],"killed_by":"Slime Boss","ascension_level":20}}