{"host":"npubv26u89aif4fa","time":1611222996,"event":{"mods":["Astrologer","BaseMod","Better Vampires","Better-Laid Plans","Colored Powertips","GifTheSpireLib","GungeonMod","HornydragonMod","Hubris","Jedi Mod","Minty Spire (QoL Compilation)","Quick Restart","Remilia（蕾米莉亚）","Replay The Spire","StSLib","Td1madao Mod","The Administrix","The Alterego","The Bug Knight","The Cursed","The Runesmith","Yuri Mod","残留之物"],"gold_per_floor":[109,109,34,34,51,51,80,80,128,162,174,22,39,50,50,154,154,172,184,200,250,269,294,308,336,362,362,362,362],"floor_reached":28,"language":"ZHS","playtime":2082,"items_purged":["hubris:Envy"],"score":336,"play_id":"8064e559-8368-4728-b459-e5d2a91b24a8","local_time":"20210121175636","is_ascension_mode":true,"campfire_choices":[{"data":"hubris:EnhanceAbility","floor":6.0,"key":"SMITH"},{"floor":15.0,"key":"RECALL"}],"circlet_count":0,"master_deck":["Strike_G","Strike_G","Defend_G","Defend_G","Defend_G","Defend_G","Defend_G","Survivor","Neutralize","hubris:EnhanceAbility+1","ReplayTheSpireMod:Tripwire","jedi:pocketpoison","Dodge and Roll","Dagger Spray","Poison Darts","Footwork","jedi:studypoison","jedi:pocketpoison+1","Adrenaline","Setup+1","Draining Mist"],"relics":["Ring of the Snake","Singing Bowl","ReplayTheSpireMod:Lightbulb","Replay:Kaleidoscope","Gremlin Food","Replay:Drink Me","Blue Doll","PlaceholderMod:DeVermisMysteriis","The Courier"],"acts_visited":["Exordium","TheCity"],"potions_floor_usage":[25],"damage_taken":[{"damage":0.0,"enemies":"Small Slimes","floor":1.0,"turns":4.0},{"damage":0.0,"enemies":"2 Louse","floor":5.0,"turns":2.0},{"damage":0.0,"enemies":"Lagavulin","floor":7.0,"turns":9.0},{"damage":18.0,"enemies":"3 Sentries","floor":10.0,"turns":5.0},{"damage":0.0,"enemies":"Jaw Worm","floor":11.0,"turns":4.0},{"damage":12.0,"enemies":"Blue Slaver","floor":13.0,"turns":2.0},{"damage":0.0,"enemies":"Exordium Thugs","floor":14.0,"turns":6.0},{"damage":16.0,"enemies":"Slime Boss","floor":16.0,"turns":14.0},{"damage":5.0,"enemies":"3 Byrds","floor":18.0,"turns":6.0},{"damage":0.0,"enemies":"Shell Parasite","floor":19.0,"turns":6.0},{"damage":0.0,"enemies":"Snecko","floor":20.0,"turns":5.0},{"damage":0,"enemies":"Shelled Parasite and Fungi","floor":22,"turns":8},{"damage":45,"enemies":"Gremlin Leader","floor":23,"turns":11},{"damage":4,"enemies":"Centurion and Healer","floor":24,"turns":5},{"damage":0,"enemies":"Book of Stabbing","floor":25,"turns":9},{"damage":15,"enemies":"Slavers","floor":28,"turns":3}],"seed_played":"-2318834521523799045","potions_obtained":[{"floor":1.0,"key":"AttackPotion"},{"floor":7.0,"key":"BlessingOfTheForge"},{"floor":13.0,"key":"Energy Potion"},{"floor":18.0,"key":"LifebloodPotion"},{"floor":19.0,"key":"Fire Potion"}],"is_trial":false,"path_per_floor":["M","?","$","?","M","R","E","?","T","E","M","$","M","M","R","B",null,"M","M","M","?","M","E","M","E","T","T","E"],"character_chosen":"THE_SILENT","items_purchased":["Gremlin Food"],"campfire_rested":0,"item_purchase_floors":[12],"current_hp_per_floor":[70,70,70,70,70,70,70,63,63,47,49,49,39,41,41,25,59,54,56,58,58,58,13,11,11,11,11,0,0],"gold":362,"neow_bonus":"RANDOM_COLORLESS_2","is_daily":false,"chose_seed":false,"campfire_upgraded":1,"win_rate":0.0,"timestamp":1611222996,"path_taken":["M","?","$","?","M","R","E","?","T","E","M","?","?","M","R","BOSS","M","M","M","?","M","E","?","E","T","?","E"],"items_purchased_type":["Relic"],"build_version":"2020-12-22","purchased_purges":1,"victory":false,"max_hp_per_floor":[70,70,70,70,70,70,70,70,70,72,74,74,76,78,78,78,59,59,61,63,63,63,63,65,65,65,65,65,65],"card_choices":[{"not_picked":["Secret Weapon","DemoMod:Invincible"],"picked":"hubris:EnhanceAbility","floor":0.0},{"not_picked":["Deflect","Dagger Throw"],"picked":"ReplayTheSpireMod:Tripwire","floor":1.0},{"not_picked":["Caltrops","Sucker Punch","Poisoned Stab"],"picked":"SKIP","floor":5.0},{"not_picked":["ReplayTheSpireMod:Necrosis","Terror"],"picked":"Footwork","floor":7.0},{"not_picked":["PiercingWail","Dash","Bane"],"picked":"Singing Bowl","floor":10.0},{"not_picked":["Fluid Movement","Hidden Blade","Dagger Throw"],"picked":"Singing Bowl","floor":11.0},{"not_picked":["hubris:SlightOfHand","Prepared","Acrobatics"],"picked":"Singing Bowl","floor":13.0},{"not_picked":["Flying Knee","Unload","Slice"],"picked":"Singing Bowl","floor":14.0},{"not_picked":["Die Die Die","Glass Knife"],"picked":"jedi:studypoison","floor":16.0},{"not_picked":["Outmaneuver","Underhanded Strike"],"picked":"jedi:pocketpoison+1","floor":18.0},{"not_picked":["Finisher","Dagger Throw","Noxious Fumes"],"picked":"Singing Bowl","floor":19.0},{"not_picked":["Blade Dance","Heel Hook","Backflip"],"picked":"Singing Bowl","floor":20.0},{"not_picked":["Backflip+1","Dagger Throw+1"],"picked":"Adrenaline","floor":22},{"not_picked":["Finisher","Crippling Poison"],"picked":"Setup+1","floor":23},{"not_picked":["Poisoned Stab","Quick Slash","jedi:pocketpoison"],"picked":"Singing Bowl","floor":24},{"not_picked":["Acrobatics","Blade Dance"],"picked":"Draining Mist","floor":25}],"player_experience":332751,"relics_obtained":[{"floor":7.0,"key":"Singing Bowl"},{"floor":9.0,"key":"ReplayTheSpireMod:Lightbulb"},{"floor":10.0,"key":"Replay:Kaleidoscope"},{"floor":23,"key":"Blue Doll"},{"floor":25,"key":"PlaceholderMod:DeVermisMysteriis"},{"floor":27,"key":"The Courier"}],"event_choices":[{"cards_removed":["Blade Dance"],"damage_healed":0.0,"max_hp_gain":0.0,"max_hp_loss":0.0,"gold_gain":0.0,"event_name":"Golden Wing","player_choice":"Card Removal","floor":8.0,"gold_loss":0.0,"damage_taken":7.0},{"damage_healed":0,"gold_gain":100,"player_choice":"Bet on Murderer","damage_taken":0,"max_hp_gain":0,"max_hp_loss":0,"event_name":"The Joust","floor":21,"gold_loss":50}],"is_beta":false,"boss_relics":[{"not_picked":["HoveringKite","hubris:ScarierMask"],"picked":"Replay:Drink Me"}],"items_purged_floors":[3],"is_endless":false,"potions_floor_spawned":[1,7,13,18,19,23],"killed_by":"Slavers","ascension_level":1}}