{"host":"v3mpq6flurzldi5g","time":1611248019,"event":{"mods":["AchievementEnabler","BaseMod","Colored Powertips","Highlight Path","Jorbs\u0027s Wanderer Trilogy","Minty Spire (QoL Compilation)","StSLib"],"gold_per_floor":[113,128,141,28,28,28,42,42,90,120,151,192,34,34,34,130,130,145,163,14,34,34,34,34,52,122,122,22,49,1,11,11,11,11],"floor_reached":33,"language":"ENG","playtime":1251,"items_purged":["Strike_B","Decay"],"score":429,"play_id":"287b5e6b-4b1d-4bf9-b3c0-3091ce16bab6","local_time":"20210121115339","is_ascension_mode":true,"campfire_choices":[{"data":"Defragment","floor":6.0,"key":"SMITH"},{"floor":8.0,"key":"REST"},{"floor":15.0,"key":"REST"},{"floor":23.0,"key":"REST"},{"floor":27.0,"key":"REST"},{"floor":32,"key":"REST"}],"circlet_count":0,"master_deck":["AscendersBane","Strike_B+1","Strike_B+1","Strike_B+1","Defend_B+1","Defend_B+1","Defend_B+1","Zap","Dualcast","Gash","Lockon","Double Energy","Defragment+1","Gash","Gash","Capacitor","Gash","Conserve Battery","Electrodynamics","Gash+1","Gash","Reinforced Body+1","Auto Shields","Leap"],"relics":["Cracked Core","Strawberry","MawBank","Lantern","Sling","SlaversCollar","Lee\u0027s Waffle","Bottled Flame","Toy Ornithopter"],"acts_visited":["Exordium","TheCity"],"potions_floor_usage":[33,33],"damage_taken":[{"damage":13.0,"enemies":"Jaw Worm","floor":1.0,"turns":4.0},{"damage":5.0,"enemies":"Cultist","floor":2.0,"turns":4.0},{"damage":6.0,"enemies":"2 Louse","floor":3.0,"turns":3.0},{"damage":12.0,"enemies":"Looter","floor":7.0,"turns":3.0},{"damage":13.0,"enemies":"Exordium Wildlife","floor":10.0,"turns":3.0},{"damage":10.0,"enemies":"3 Louse","floor":11.0,"turns":2.0},{"damage":15.0,"enemies":"3 Sentries","floor":12.0,"turns":8.0},{"damage":1.0,"enemies":"2 Fungi Beasts","floor":14.0,"turns":2.0},{"damage":37.0,"enemies":"Slime Boss","floor":16.0,"turns":8.0},{"damage":28.0,"enemies":"2 Thieves","floor":18.0,"turns":4.0},{"damage":30.0,"enemies":"Shell Parasite","floor":19.0,"turns":4.0},{"damage":65.0,"enemies":"Shelled Parasite and Fungi","floor":21.0,"turns":6.0},{"damage":31.0,"enemies":"Snecko","floor":25.0,"turns":5.0},{"damage":40.0,"enemies":"Slavers","floor":29.0,"turns":5.0},{"damage":16,"enemies":"Centurion and Healer","floor":31,"turns":6},{"damage":67,"enemies":"Collector","floor":33,"turns":6}],"seed_played":"-7068882994688181405","potions_obtained":[{"floor":3.0,"key":"Dexterity Potion"},{"floor":10.0,"key":"SkillPotion"},{"floor":11.0,"key":"FearPotion"},{"floor":12.0,"key":"SmokeBomb"},{"floor":16.0,"key":"PowerPotion"},{"floor":21.0,"key":"FairyPotion"},{"floor":29.0,"key":"ColorlessPotion"},{"floor":31,"key":"GamblersBrew"}],"is_trial":false,"path_per_floor":["M","M","M","$","?","R","M","R","T","M","M","E","$","M","R","B",null,"M","M","$","M","?","R","?","M","T","R","$","E","$","M","R","B"],"character_chosen":"DEFECT","items_purchased":["Defragment","Sling","Conserve Battery","Lee\u0027s Waffle","Leap"],"campfire_rested":5,"item_purchase_floors":[4,13,13,20,30],"current_hp_per_floor":[62,57,51,51,51,51,39,63,63,50,40,25,25,24,48,11,64,36,6,89,24,24,50,50,19,19,45,45,5,5,18,44,0,0],"gold":11,"neow_bonus":"RANDOM_COMMON_RELIC","is_daily":false,"chose_seed":false,"campfire_upgraded":1,"win_rate":0.0,"timestamp":1611248019,"path_taken":["M","M","M","$","?","R","M","R","T","?","M","E","$","M","R","BOSS","M","M","$","M","?","R","?","M","T","R","$","E","$","M","R","BOSS"],"items_purchased_type":["Card","Relic","Card","Relic","Card"],"build_version":"2020-12-22","purchased_purges":2,"victory":false,"max_hp_per_floor":[82,82,82,82,82,82,82,82,82,82,82,82,82,82,82,82,82,82,82,89,89,89,89,89,89,89,89,89,89,89,89,89,89,89],"card_choices":[{"not_picked":["White Noise","Stack"],"picked":"Gash","floor":1.0},{"not_picked":["Hologram","Redo"],"picked":"Lockon","floor":2.0},{"not_picked":["Sweeping Beam","Cold Snap"],"picked":"Double Energy","floor":3.0},{"not_picked":["Scrape","Heatsinks"],"picked":"Gash","floor":7.0},{"not_picked":["Go for the Eyes","Seek"],"picked":"Gash","floor":10.0},{"not_picked":["Go for the Eyes","Rebound"],"picked":"Capacitor","floor":11.0},{"not_picked":["Compile Driver","Sweeping Beam"],"picked":"Gash","floor":12.0},{"not_picked":["Thunder Strike","Machine Learning"],"picked":"Electrodynamics","floor":16.0},{"not_picked":["Compile Driver","Steam","Self Repair"],"picked":"SKIP","floor":18.0},{"not_picked":["Self Repair","Coolheaded+1"],"picked":"Gash+1","floor":19.0},{"not_picked":["Reprogram+1","FTL"],"picked":"Gash","floor":21.0},{"not_picked":["Stack","Compile Driver+1"],"picked":"Reinforced Body+1","floor":25.0},{"not_picked":["White Noise","Rebound+1"],"picked":"Auto Shields","floor":29.0},{"not_picked":["Creative AI","Turbo","Streamline"],"picked":"SKIP","floor":31}],"player_experience":989916,"relics_obtained":[{"floor":9.0,"key":"MawBank"},{"floor":12.0,"key":"Lantern"},{"floor":26.0,"key":"Bottled Flame"},{"floor":29.0,"key":"Toy Ornithopter"}],"event_choices":[{"cards_removed":["Defend_B"],"damage_healed":0.0,"max_hp_gain":0.0,"max_hp_loss":0.0,"gold_gain":0.0,"event_name":"Purifier","player_choice":"Purged","floor":5.0,"gold_loss":0.0,"damage_taken":0.0},{"damage_healed":0.0,"max_hp_gain":0.0,"max_hp_loss":0.0,"gold_gain":0.0,"event_name":"Forgotten Altar","player_choice":"Smashed Altar","floor":22.0,"gold_loss":0.0,"damage_taken":0.0,"cards_obtained":["Decay"]},{"damage_healed":0.0,"max_hp_gain":0.0,"max_hp_loss":0.0,"gold_gain":0.0,"event_name":"Back to Basics","player_choice":"Simplicity","floor":24.0,"gold_loss":0.0,"damage_taken":0.0,"cards_upgraded":["Strike_B","Strike_B","Strike_B","Defend_B","Defend_B","Defend_B"]}],"is_beta":false,"boss_relics":[{"not_picked":["Tiny House","Pandora\u0027s Box"],"picked":"SlaversCollar"}],"items_purged_floors":[4,28],"is_endless":false,"potions_floor_spawned":[3,10,11,12,16,21,29,31],"killed_by":"Collector","ascension_level":10}}