{"host":"w8jq41i5zn1fudf9","time":1611258378,"event":{"mods":["AchievementEnabler","Aspiration","Bartender","BaseMod","BetterRewards","Colored Map","Colored Powertips","Curses Come First","GifTheSpireLib","Googly Eyes","Hermit","Hubris","Infinite Spire","Jedi Mod","Koishi","Magitek Elite","Minty Spire (QoL Compilation)","Permanent Neow","Quick Restart","Rare Cards Sparkle","Relic Stats","Replay The Spire","Robot Space Explorer","Shop Mod","Spire Birthday Party","StSLib","Td1madao Mod","The Awakened One except there are too many feathers","The Edgeheg","The Servant 0.9.4","Wandering Minibosses","egg","everything is the same but u backflip on backflip","slay the spire mod where everything is the same but ironclad has a cowboy hat"],"gold_per_floor":[118,43,43,43,53,53,80,80,107,133,133,144,75,40,40,144,144,158,158,58,58,73,98,118,118,118,131,131,162,162,194,194,292,292,312,330,345,119,166,166,193,193,193,213,213,223,241,241,241,241],"floor_reached":51,"language":"ENG","playtime":2233,"items_purged":["hubris:Lust","RobotSpaceExplorer:Strike","RobotSpaceExplorer:Defend"],"score":1135,"play_id":"8a755b0c-96c4-47b7-b472-2dbfed266bf2","local_time":"20210121124618","is_ascension_mode":true,"campfire_choices":[{"data":"RobotSpaceExplorer:StunGrenade","floor":6.0,"key":"SMITH"},{"floor":8.0,"key":"REST"},{"floor":11.0,"key":"REST"},{"data":"RobotSpaceExplorer:PlasmaMissile","floor":15.0,"key":"SMITH"},{"data":"RobotSpaceExplorer:Comet","floor":25.0,"key":"SMITH"},{"floor":30.0,"key":"REST"},{"data":"RobotSpaceExplorer:FranticSearch","floor":32.0,"key":"SMITH"},{"data":"infinitespire:OneForAll","floor":40,"key":"SMITH"},{"data":"RobotSpaceExplorer:Multitool","floor":42,"key":"SMITH"}],"circlet_count":0,"master_deck":["RobotSpaceExplorer:Strike","RobotSpaceExplorer:Strike","RobotSpaceExplorer:Strike","RobotSpaceExplorer:Defend","RobotSpaceExplorer:Defend","RobotSpaceExplorer:Defend","RobotSpaceExplorer:Scan","RobotSpaceExplorer:StunGrenade+1","RobotSpaceExplorer:Jetpack+1","RobotSpaceExplorer:FranticSearch+1","RobotSpaceExplorer:ScrapToss","RobotSpaceExplorer:ScrapMissile","RobotSpaceExplorer:PlasmaMissile+1","RobotSpaceExplorer:Comet+1","RobotSpaceExplorer:Fix","RobotSpaceExplorer:ShovelStrike+1","RobotSpaceExplorer:Multitool+1","RobotSpaceExplorer:Scanner","Whirlwind+1","hubris:ReadiedAction","infinitespire:OneForAll+1","RobotSpaceExplorer:SurgingShield+1","Demonic Infusion","RobotSpaceExplorer:Smokescreen+1"],"relics":["RobotSpaceExplorer:RoboCore","hubris:GlazedTorus","RobotSpaceExplorer:SlideRule","RobotSpaceExplorer:SearchSpecs","aspiration:TomeofQuesting","Spirit Poop","Guard_Bracelet","PreservedInsect","Ornamental Fan","jedi:hotpepper","MutagenicStrength","FaceOfCleric","Happy Flower","Bottled Flame","Power_Wrist","Oddly Smooth Stone","Simple Rune","FossilizedHelix","aspiration:IroncladSkillbook","BargainBundle","RobotSpaceExplorer:ClockworkSextant","Blue Doll","hubris:TinFlute","wanderingMiniBosses:AbyssPearl","Ring of Fangs"],"acts_visited":["Exordium","TheCity","TheBeyond"],"potions_floor_usage":[50],"damage_taken":[{"damage":10.0,"enemies":"2 Louse","floor":1.0,"turns":2.0},{"damage":9.0,"enemies":"infinitespire:Voidling","floor":5.0,"turns":3.0},{"damage":23.0,"enemies":"Gremlin Nob","floor":7.0,"turns":5.0},{"damage":8.0,"enemies":"Lagavulin","floor":10.0,"turns":5.0},{"damage":0.0,"enemies":"Cultist","floor":12.0,"turns":3.0},{"damage":8.0,"enemies":"The Guardian","floor":16.0,"turns":9.0},{"damage":1.0,"enemies":"2 Thieves","floor":18.0,"turns":3.0},{"damage":2.0,"enemies":"3 Byrds","floor":22.0,"turns":3.0},{"damage":1.0,"enemies":"Replay:Snechameleon","floor":23.0,"turns":3.0},{"damage":0.0,"enemies":"Centurion and Healer","floor":24.0,"turns":3.0},{"damage":0.0,"enemies":"Snecko","floor":27.0,"turns":2.0},{"damage":13.0,"enemies":"Slavers","floor":29.0,"turns":2.0},{"damage":12.0,"enemies":"Book of Stabbing","floor":31.0,"turns":3.0},{"damage":22.0,"enemies":"Pondfish","floor":33.0,"turns":7.0},{"damage":0.0,"enemies":"3 Shapes","floor":35.0,"turns":2.0},{"damage":0,"enemies":"Orb Walker","floor":36,"turns":3},{"damage":10,"enemies":"3 Darklings","floor":37,"turns":2},{"damage":9,"enemies":"Nightmare","floor":41,"turns":5},{"damage":22,"enemies":"4 Shapes","floor":44,"turns":6},{"damage":0,"enemies":"Jaw Worm Horde","floor":46,"turns":1},{"damage":0,"enemies":"Transient","floor":47,"turns":6},{"damage":24,"enemies":"hubris:GrandSnecko","floor":50,"turns":10}],"seed_played":"8362439857266505030","potions_obtained":[{"floor":1.0,"key":"CultistPotion"},{"floor":7.0,"key":"LifebloodPotion"},{"floor":16.0,"key":"Block Potion"},{"floor":29.0,"key":"jedi:wingpotion"},{"floor":31.0,"key":"FearPotion"}],"is_trial":false,"path_per_floor":["M","$","?","?","M","R","E","R","T","E","R","M","$","?","R","B",null,"M","?","$","?","M","E","M","R","T","M","?","E","R","E","R","B",null,"M","M","M","$","T","R","NM","R","T","M","?","M","M","?","R_BF","B",null],"character_chosen":"RobotSpaceExplorer","items_purchased":["RobotSpaceExplorer:SlideRule","RobotSpaceExplorer:PlasmaMissile","BargainBundle","hubris:ReadiedAction","infinitespire:OneForAll","RobotSpaceExplorer:SurgingShield+1","DuplicationPotion"],"campfire_rested":3,"item_purchase_floors":[0,13,38,38,38,38,38],"current_hp_per_floor":[40,40,40,40,31,31,8,30,30,22,44,44,44,62,62,54,56,55,55,55,55,54,54,59,59,59,60,60,48,61,54,54,37,63,64,65,60,60,60,60,60,60,60,53,53,58,69,69,70,55],"gold":241,"neow_bonus":"","is_daily":false,"chose_seed":false,"campfire_upgraded":6,"win_rate":0.0,"timestamp":1611258378,"path_taken":["M","$","?","?","?","R","E","R","T","E","R","M","?","?","R","BOSS","M","?","$","?","?","E","M","R","T","M","?","E","R","E","R","BOSS","M","?","M","$","?","R","NM","R","T","M","?","M","M","?","R_BF","BOSS"],"items_purchased_type":["Relic","Card","Relic","Card","Card","Card","Potion"],"build_version":"2020-12-22","purchased_purges":3,"victory":true,"max_hp_per_floor":[75,75,75,75,75,75,75,75,75,75,75,75,75,75,75,75,56,56,56,56,56,57,58,59,59,59,60,60,61,61,62,62,63,63,64,65,66,66,66,66,67,67,67,68,68,69,70,70,70,71],"relic_stats":{"FaceOfCleric":15,"Happy Flower":[17],"counters":[41,153],"Ornamental Fan":[160],"PreservedInsect":222,"obtain_stats":[{"RobotSpaceExplorer:ClockworkSextant":39,"RobotSpaceExplorer:SlideRule":0,"Nilry\u0027s Codex":28,"Spirit Poop":4,"aspiration:TomeofQuesting":3,"Blue Doll":41,"wanderingMiniBosses:AbyssPearl":47,"Power_Wrist":11,"Pet Ghost":9,"aspiration:RitualStick":19,"hubris:Icosahedron":24,"Ring of Fangs":48,"FaceOfCleric":21,"jedi:matchstick":4,"RobotSpaceExplorer:SearchSpecs":0,"Replay:Bottled Snecko":26,"hubris:TinFlute":43,"hubris:GlazedTorus":0,"BargainBundle":38,"NeowsBlessing":0,"Happy Flower":23,"ReplayTheSpireMod:CursedCoin":4,"Golden Idol":14,"aspiration:RunicSpoon":34,"Oddly Smooth Stone":29,"RobotSpaceExplorer:RoboCore":0,"PreservedInsect":9,"Letter Opener":43,"aspiration:IroncladSkillbook":34,"Bottled Flame":26,"jedi:hotpepper":17,"Ornamental Fan":10,"MutagenicStrength":19,"Simple Rune":31,"Snack Pack":21,"Gem_Box":17,"Guard_Bracelet":7,"FossilizedHelix":33},{"RobotSpaceExplorer:ClockworkSextant":36,"RobotSpaceExplorer:SlideRule":19,"Nilry\u0027s Codex":10,"Spirit Poop":20,"aspiration:TomeofQuesting":20,"Blue Doll":37,"wanderingMiniBosses:AbyssPearl":40,"Power_Wrist":6,"Pet Ghost":5,"aspiration:RitualStick":9,"hubris:Icosahedron":10,"Ring of Fangs":40,"FaceOfCleric":26,"jedi:matchstick":2,"RobotSpaceExplorer:SearchSpecs":19,"Replay:Bottled Snecko":10,"hubris:TinFlute":37,"hubris:GlazedTorus":19,"BargainBundle":36,"NeowsBlessing":0,"Happy Flower":28,"ReplayTheSpireMod:CursedCoin":2,"Golden Idol":7,"aspiration:RunicSpoon":12,"Oddly Smooth Stone":31,"RobotSpaceExplorer:RoboCore":0,"PreservedInsect":22,"Letter Opener":16,"aspiration:IroncladSkillbook":33,"Bottled Flame":29,"jedi:hotpepper":25,"Ornamental Fan":23,"MutagenicStrength":26,"Simple Rune":32,"Snack Pack":10,"Gem_Box":8,"Guard_Bracelet":22,"FossilizedHelix":33},{"RobotSpaceExplorer:ClockworkSextant":125,"RobotSpaceExplorer:SlideRule":65,"Nilry\u0027s Codex":31,"Spirit Poop":67,"aspiration:TomeofQuesting":67,"Blue Doll":130,"wanderingMiniBosses:AbyssPearl":143,"Power_Wrist":18,"Pet Ghost":11,"aspiration:RitualStick":29,"hubris:Icosahedron":31,"Ring of Fangs":143,"FaceOfCleric":95,"jedi:matchstick":2,"RobotSpaceExplorer:SearchSpecs":65,"Replay:Bottled Snecko":31,"hubris:TinFlute":130,"hubris:GlazedTorus":65,"BargainBundle":125,"NeowsBlessing":0,"Happy Flower":101,"ReplayTheSpireMod:CursedCoin":2,"Golden Idol":19,"aspiration:RunicSpoon":42,"Oddly Smooth Stone":108,"RobotSpaceExplorer:RoboCore":0,"PreservedInsect":75,"Letter Opener":54,"aspiration:IroncladSkillbook":118,"Bottled Flame":104,"jedi:hotpepper":92,"Ornamental Fan":80,"MutagenicStrength":95,"Simple Rune":111,"Snack Pack":31,"Gem_Box":26,"Guard_Bracelet":75,"FossilizedHelix":118}]},"card_choices":[{"not_picked":["RobotSpaceExplorer:Discharger","RobotSpaceExplorer:Reload"],"picked":"RobotSpaceExplorer:StunGrenade","floor":1.0},{"not_picked":["RobotSpaceExplorer:GlueShot","RobotSpaceExplorer:SurgingShield"],"picked":"RobotSpaceExplorer:Jetpack","floor":5.0},{"not_picked":["RobotSpaceExplorer:SwiftStep","RobotSpaceExplorer:SlimeMissile"],"picked":"RobotSpaceExplorer:FranticSearch","floor":7.0},{"not_picked":["RobotSpaceExplorer:PowerGlove","RobotSpaceExplorer:Blitz"],"picked":"RobotSpaceExplorer:ScrapToss","floor":10.0},{"not_picked":["RobotSpaceExplorer:FrostMissile","RobotSpaceExplorer:Ammunition"],"picked":"RobotSpaceExplorer:ScrapMissile","floor":12.0},{"not_picked":["RobotSpaceExplorer:ChargingLaser","RobotSpaceExplorer:Multitool"],"picked":"RobotSpaceExplorer:Comet","floor":16.0},{"not_picked":["RobotSpaceExplorer:Electropulse","RobotSpaceExplorer:FranticSearch+1","RobotSpaceExplorer:SlimeMissile"],"picked":"SKIP","floor":18.0},{"not_picked":["RobotSpaceExplorer:FreezeRay+1","RobotSpaceExplorer:Pulsar+1","RobotSpaceExplorer:JunkDive"],"picked":"SKIP","floor":22.0},{"not_picked":["RobotSpaceExplorer:LuckyStrike","RobotSpaceExplorer:ScrapMissile+1"],"picked":"RobotSpaceExplorer:Fix","floor":23.0},{"not_picked":["RobotSpaceExplorer:FranticSearch","RobotSpaceExplorer:MiniDrones"],"picked":"RobotSpaceExplorer:ShovelStrike+1","floor":24.0},{"not_picked":["RobotSpaceExplorer:PlasmaMissile","RobotSpaceExplorer:GlueShot"],"picked":"RobotSpaceExplorer:Multitool","floor":27.0},{"not_picked":["RobotSpaceExplorer:Counterblock","RobotSpaceExplorer:TurboDodge+1"],"picked":"RobotSpaceExplorer:Exploration","floor":29.0},{"not_picked":["RobotSpaceExplorer:MiniDrones","RobotSpaceExplorer:ShovelStrike","RobotSpaceExplorer:ImprovisedAttack+1"],"picked":"SKIP","floor":31.0},{"not_picked":["RobotSpaceExplorer:BlastShield","RobotSpaceExplorer:DroneSwarm"],"picked":"RobotSpaceExplorer:Scanner","floor":33.0},{"not_picked":["Anger","RobotSpaceExplorer:ImprovisedAttack","jedi:hate+1"],"picked":"Whirlwind+1","floor":35},{"not_picked":["Ghostly Armor","RobotSpaceExplorer:SwiftStep+1","Hemokinesis","Anger+1"],"picked":"SKIP","floor":36},{"not_picked":["Combust","Rampage","RobotSpaceExplorer:Pulsar+1","Metallicize+1"],"picked":"SKIP","floor":37},{"not_picked":["Power Through+1","hubris:ReadiedAction+1","ReplayTheSpireMod:Muscle Training"],"picked":"Demonic Infusion","floor":41},{"not_picked":["RobotSpaceExplorer:IronShell","Body Slam","RobotSpaceExplorer:MetalStrike+1","RobotSpaceExplorer:ImprovisedAttack+1"],"picked":"SKIP","floor":44},{"not_picked":["RobotSpaceExplorer:FranticSearch","RobotSpaceExplorer:MetalStrike","ReplayTheSpireMod:Strike From Hell"],"picked":"RobotSpaceExplorer:Smokescreen+1","floor":46},{"not_picked":["RobotSpaceExplorer:JunkDive","Armaments","Twin Strike+1","Reckless Charge+1"],"picked":"SKIP","floor":47}],"player_experience":272798,"relics_obtained":[{"floor":7.0,"key":"Guard_Bracelet"},{"floor":9.0,"key":"PreservedInsect"},{"floor":10.0,"key":"Ornamental Fan"},{"floor":23.0,"key":"Happy Flower"},{"floor":26.0,"key":"Bottled Flame"},{"floor":29.0,"key":"Oddly Smooth Stone"},{"floor":31.0,"key":"Simple Rune"},{"floor":33.0,"key":"FossilizedHelix"},{"floor":39,"key":"RobotSpaceExplorer:ClockworkSextant"},{"floor":41,"key":"Blue Doll"},{"floor":43,"key":"hubris:TinFlute"},{"floor":47,"key":"wanderingMiniBosses:AbyssPearl"},{"floor":48,"key":"Ring of Fangs"}],"event_choices":[{"damage_healed":0.0,"max_hp_gain":0.0,"max_hp_loss":0.0,"gold_gain":0.0,"event_name":"Big Fish","player_choice":"Box","floor":3.0,"gold_loss":0.0,"damage_taken":0.0,"relics_obtained":["aspiration:TomeofQuesting"],"cards_obtained":["Regret"]},{"cards_removed":["Regret"],"damage_healed":0.0,"max_hp_gain":0.0,"max_hp_loss":0.0,"gold_gain":0.0,"event_name":"Bonfire Elementals","player_choice":"Offered Curse","floor":4.0,"gold_loss":0.0,"damage_taken":0.0,"relics_obtained":["Spirit Poop"]},{"damage_healed":18.0,"max_hp_gain":0.0,"max_hp_loss":0.0,"gold_gain":0.0,"event_name":"The Cleric","player_choice":"Healed","floor":14.0,"gold_loss":35.0,"damage_taken":0.0},{"damage_healed":0.0,"max_hp_gain":0.0,"max_hp_loss":0.0,"gold_gain":0.0,"event_name":"Drug Dealer","player_choice":"Inject Mutagens","floor":19.0,"gold_loss":0.0,"damage_taken":0.0,"relics_obtained":["MutagenicStrength"]},{"damage_healed":0.0,"max_hp_gain":0.0,"max_hp_loss":0.0,"gold_gain":0.0,"event_name":"FaceTrader","player_choice":"Trade","floor":21.0,"gold_loss":0.0,"damage_taken":0.0,"relics_obtained":["FaceOfCleric"]},{"damage_healed":0.0,"max_hp_gain":0.0,"max_hp_loss":0.0,"gold_gain":0.0,"event_name":"WeMeetAgain","player_choice":"Gave Potion","floor":28.0,"gold_loss":0.0,"damage_taken":0.0,"relics_obtained":["Power_Wrist"]}],"is_beta":false,"boss_relics":[{"not_picked":["hubris:BlackHole","hubris:GrandSneckoEye"],"picked":"jedi:hotpepper"},{"not_picked":["aspiration:RandomNobGenerator","Honey Jar"],"picked":"aspiration:IroncladSkillbook"}],"items_purged_floors":[2,20,38],"is_endless":false,"potions_floor_spawned":[1,7,16,18,29,31,46,47],"ascension_level":1}}