{"host":"04hh9gplt9wkfmr1","time":1611250165,"event":{"mods":["AchievementEnabler","BaseMod","Colored Map","KOR Keyword Fix","Minty Spire (QoL Compilation)","Rare Cards Sparkle","SuperFastMode"],"gold_per_floor":[17,32,49,49,49,49,87,87,87,111,135,169,185,216,216,344,344,364,384,152,152,152,196,196,232,259,259,297,297,297,316,316,444,444,465,12,28,49,0,0,64,64,64,64,78,78,141,156,156,156],"floor_reached":51,"language":"KOR","playtime":1582,"items_purged":["Strike_G"],"score":1015,"play_id":"57a6107d-5590-4387-a1b1-6bf358534382","local_time":"20210122022925","is_ascension_mode":true,"campfire_choices":[{"floor":6.0,"key":"REST"},{"data":"Catalyst","floor":8.0,"key":"SMITH"},{"data":"Well Laid Plans","floor":15.0,"key":"SMITH"},{"data":"Corpse Explosion","floor":24.0,"key":"SMITH"},{"data":"1","floor":27.0,"key":"LIFT"},{"data":"2","floor":29.0,"key":"LIFT"},{"data":"3","floor":32.0,"key":"LIFT"},{"data":"Noxious Fumes","floor":40.0,"key":"SMITH"},{"data":"Venomology","floor":42,"key":"SMITH"},{"data":"Footwork","floor":44,"key":"SMITH"},{"data":"Unload","floor":46,"key":"SMITH"},{"data":"Neutralize","floor":49,"key":"SMITH"}],"circlet_count":0,"master_deck":["Strike_G+1","Defend_G+1","Defend_G+1","Defend_G+1","Survivor","Neutralize+1","Deadly Poison","Backflip","Poisoned Stab","PiercingWail","Catalyst+1","PiercingWail","Well Laid Plans+1","PiercingWail","Escape Plan","Corpse Explosion+1","Catalyst+1","Deadly Poison+1","Poisoned Stab","Unload+1","Glass Knife+1","Adrenaline+1","Doppelganger+1","PiercingWail+1","Noxious Fumes+1","Venomology+1","Bane+1","Footwork+1","Noxious Fumes+1","Catalyst+1"],"relics":["Ring of the Snake","Golden Idol","HornCleat","MealTicket","Pear","Pocketwatch","Velvet Choker","DollysMirror","Girya","Ancient Tea Set","Centennial Puzzle","Bottled Flame","Ninja Scroll","Astrolabe","Thread and Needle","Red Mask","Lizard Tail","Pantograph","Turnip"],"acts_visited":["Exordium","TheCity","TheBeyond"],"potions_floor_usage":[48,50,50,50,50,50],"damage_taken":[{"damage":2.0,"enemies":"Small Slimes","floor":1.0,"turns":5.0},{"damage":0.0,"enemies":"2 Louse","floor":2.0,"turns":3.0},{"damage":3.0,"enemies":"Jaw Worm","floor":3.0,"turns":4.0},{"damage":10.0,"enemies":"Gremlin Nob","floor":7.0,"turns":4.0},{"damage":10.0,"enemies":"Large Slime","floor":10.0,"turns":7.0},{"damage":2.0,"enemies":"Blue Slaver","floor":11.0,"turns":3.0},{"damage":12.0,"enemies":"3 Sentries","floor":12.0,"turns":13.0},{"damage":0.0,"enemies":"3 Louse","floor":13.0,"turns":3.0},{"damage":0.0,"enemies":"Gremlin Nob","floor":14.0,"turns":3.0},{"damage":25.0,"enemies":"The Guardian","floor":16.0,"turns":10.0},{"damage":0.0,"enemies":"3 Byrds","floor":18.0,"turns":2.0},{"damage":4.0,"enemies":"Shell Parasite","floor":19.0,"turns":5.0},{"damage":2.0,"enemies":"Book of Stabbing","floor":23.0,"turns":8.0},{"damage":6.0,"enemies":"Gremlin Leader","floor":25.0,"turns":5.0},{"damage":1.0,"enemies":"Slavers","floor":28.0,"turns":3.0},{"damage":0.0,"enemies":"3 Cultists","floor":31.0,"turns":2.0},{"damage":3.0,"enemies":"Collector","floor":33.0,"turns":5.0},{"damage":0.0,"enemies":"Orb Walker","floor":35.0,"turns":3.0},{"damage":0.0,"enemies":"3 Darklings","floor":37.0,"turns":1.0},{"damage":6.0,"enemies":"Maw","floor":38.0,"turns":5.0},{"damage":0.0,"enemies":"2 Orb Walkers","floor":41.0,"turns":2.0},{"damage":24,"enemies":"4 Shapes","floor":45,"turns":6},{"damage":0,"enemies":"Mind Bloom Boss Battle","floor":47,"turns":3},{"damage":0,"enemies":"3 Darklings","floor":48,"turns":4},{"damage":58,"enemies":"Time Eater","floor":50,"turns":6}],"seed_played":"1908934473517350607","potions_obtained":[{"floor":1.0,"key":"DistilledChaos"},{"floor":11.0,"key":"LiquidBronze"},{"floor":13.0,"key":"Energy Potion"},{"floor":14.0,"key":"EntropicBrew"},{"floor":18.0,"key":"SkillPotion"},{"floor":19.0,"key":"GhostInAJar"},{"floor":31.0,"key":"DistilledChaos"},{"floor":35.0,"key":"SmokeBomb"},{"floor":37.0,"key":"Block Potion"},{"floor":41,"key":"SkillPotion"}],"is_trial":false,"path_per_floor":["M","M","M","?","?","R","E","R","T","M","M","E","M","E","R","B",null,"M","M","$","?","?","E","R","E","T","R","E","R","?","M","R","B",null,"M","$","M","M","?","R","?","R","T","R","M","R","?","M","R","B",null],"character_chosen":"THE_SILENT","items_purchased":["DollysMirror","Noxious Fumes","Venomology","Thread and Needle"],"campfire_rested":1,"item_purchase_floors":[20,36,36,36],"current_hp_per_floor":[61,61,58,41,41,62,52,52,52,42,40,38,38,38,38,13,63,63,59,74,74,74,72,72,66,66,66,65,65,65,65,65,62,76,76,80,80,74,74,74,74,74,74,74,50,50,75,75,75,22],"gold":156,"neow_bonus":"REMOVE_TWO","is_daily":false,"chose_seed":false,"campfire_upgraded":8,"win_rate":0.0,"timestamp":1611250165,"path_taken":["M","M","M","?","?","R","E","R","T","M","M","E","M","E","R","BOSS","M","M","$","?","?","E","R","E","T","R","E","R","?","?","R","BOSS","M","$","M","M","?","R","?","R","T","R","M","R","?","M","R","BOSS"],"items_purchased_type":["Relic","Card","Card","Relic"],"build_version":"2020-12-22","purchased_purges":1,"victory":true,"max_hp_per_floor":[70,70,70,70,70,70,70,70,70,70,70,80,80,80,80,80,80,80,80,80,80,80,80,80,80,80,80,80,80,80,80,80,80,80,80,80,80,80,80,80,80,80,80,80,80,80,80,80,80,80],"card_choices":[{"not_picked":["Blade Dance","Poisoned Stab"],"picked":"Deadly Poison","floor":1.0},{"not_picked":["Acrobatics","Flying Knee"],"picked":"Backflip","floor":2.0},{"not_picked":["Acrobatics","Outmaneuver"],"picked":"Poisoned Stab","floor":3.0},{"not_picked":["Dash","Bane"],"picked":"Catalyst","floor":7.0},{"not_picked":["Prepared","Deflect"],"picked":"PiercingWail","floor":10.0},{"not_picked":["Blade Dance","Underhanded Strike"],"picked":"Well Laid Plans","floor":11.0},{"not_picked":["Outmaneuver","Underhanded Strike","Phantasmal Killer"],"picked":"SKIP","floor":12.0},{"not_picked":["Infinite Blades","Slice"],"picked":"PiercingWail","floor":13.0},{"not_picked":["Quick Slash","Grand Finale"],"picked":"Escape Plan","floor":14.0},{"not_picked":["Doppelganger","Malaise"],"picked":"Corpse Explosion","floor":16.0},{"not_picked":["Acrobatics+1","Sucker Punch","Endless Agony+1"],"picked":"SKIP","floor":18.0},{"not_picked":["Outmaneuver","Tactician+1","Cloak And Dagger"],"picked":"SKIP","floor":19.0},{"not_picked":["Predator","Outmaneuver+1"],"picked":"Deadly Poison+1","floor":23.0},{"not_picked":["Well Laid Plans","Backflip","Dagger Spray"],"picked":"SKIP","floor":25.0},{"not_picked":["Grand Finale","Dagger Spray+1"],"picked":"Backstab","floor":28.0},{"not_picked":["Backstab","All Out Attack"],"picked":"Poisoned Stab","floor":31.0},{"not_picked":["Storm of Steel","Phantasmal Killer"],"picked":"Unload","floor":33.0},{"not_picked":["Dagger Throw","Slice"],"picked":"PiercingWail+1","floor":35.0},{"not_picked":["Sucker Punch+1","Prepared"],"picked":"Bane+1","floor":37.0},{"not_picked":["Dodge and Roll","Bane"],"picked":"Footwork","floor":38.0},{"not_picked":["Skewer","Dagger Spray","Sucker Punch+1"],"picked":"SKIP","floor":45},{"not_picked":["Dash","Outmaneuver+1"],"picked":"Noxious Fumes+1","floor":47},{"not_picked":["Bane+1","Underhanded Strike"],"picked":"Catalyst+1","floor":48}],"player_experience":66306,"relics_obtained":[{"floor":7.0,"key":"HornCleat"},{"floor":9.0,"key":"MealTicket"},{"floor":12.0,"key":"Pear"},{"floor":14.0,"key":"Pocketwatch"},{"floor":23.0,"key":"Girya"},{"floor":25.0,"key":"Ancient Tea Set"},{"floor":26.0,"key":"Centennial Puzzle"},{"floor":28.0,"key":"Bottled Flame"},{"floor":41,"key":"Lizard Tail"},{"floor":43,"key":"Pantograph"},{"floor":47,"key":"Turnip"}],"event_choices":[{"damage_healed":0.0,"max_hp_gain":0.0,"max_hp_loss":0.0,"gold_gain":0.0,"event_name":"Golden Idol","player_choice":"Take Damage","floor":4.0,"gold_loss":0.0,"damage_taken":17.0,"relics_obtained":["Golden Idol"]},{"damage_healed":0.0,"max_hp_gain":0.0,"max_hp_loss":0.0,"gold_gain":0.0,"cards_transformed":["Strike_G"],"event_name":"Living Wall","player_choice":"Change","floor":5.0,"gold_loss":0.0,"damage_taken":0.0,"cards_obtained":["PiercingWail"]},{"damage_healed":0.0,"max_hp_gain":0.0,"max_hp_loss":0.0,"gold_gain":0.0,"event_name":"Back to Basics","player_choice":"Simplicity","floor":21.0,"gold_loss":0.0,"damage_taken":0.0,"cards_upgraded":["Strike_G","Defend_G","Defend_G","Defend_G","Defend_G","Defend_G"]},{"damage_healed":0.0,"max_hp_gain":0.0,"max_hp_loss":0.0,"gold_gain":0.0,"event_name":"Cursed Tome","player_choice":"Ignored","floor":22.0,"gold_loss":0.0,"damage_taken":0.0},{"damage_healed":0.0,"max_hp_gain":0.0,"max_hp_loss":0.0,"gold_gain":0.0,"event_name":"The Mausoleum","player_choice":"Opened","floor":30.0,"gold_loss":0.0,"damage_taken":0.0,"relics_obtained":["Ninja Scroll"]},{"damage_healed":0.0,"max_hp_gain":0.0,"max_hp_loss":0.0,"gold_gain":0.0,"event_name":"Tomb of Lord Red Mask","player_choice":"Paid","floor":39.0,"gold_loss":49.0,"damage_taken":0.0,"relics_obtained":["Red Mask"]},{"damage_healed":0.0,"max_hp_gain":0.0,"max_hp_loss":0.0,"gold_gain":0.0,"event_name":"Mysterious Sphere","player_choice":"Fight","floor":41.0,"gold_loss":0.0,"damage_taken":0.0},{"damage_healed":0,"gold_gain":0,"player_choice":"Fight","damage_taken":0,"max_hp_gain":0,"max_hp_loss":0,"event_name":"MindBloom","floor":47,"gold_loss":0}],"is_beta":false,"boss_relics":[{"not_picked":["Tiny House","SlaversCollar"],"picked":"Velvet Choker"},{"not_picked":["Ring of the Serpent","Fusion Hammer"],"picked":"Astrolabe"}],"items_purged_floors":[20],"is_endless":false,"potions_floor_spawned":[1,11,13,14,18,19,31,35,37,41],"ascension_level":6}}