{"host":"gqhy17d1xpb1p3ki","time":1611210326,"event":{"mods":["2.2 Compatiblity","AchievementEnabler","BaseMod","Bestiary","Colored Map","Colored Powertips","Curses Come First","Downfall","Duelist Mod","Hermit","Marisa????????","Minty Spire (QoL Compilation)","Rare Cards Sparkle","Shop Mod","StSLib","The Animator","The Bug Knight","The Cursed","The Disciple","The Hierophant","The Necromancer","The Runesmith","The Servant 0.9.4","Yuri Mod"],"gold_per_floor":[99,119,130,141,103,103,182,192,192,207,207,217,217,243,259,259,259],"floor_reached":16,"language":"ENG","playtime":1504,"items_purged":[],"score":94,"play_id":"36be3ce9-722a-48d9-9c8a-ee94693d65e7","local_time":"20210121012526","is_ascension_mode":false,"campfire_choices":[{"data":"GearUp","floor":1,"key":"SMITH"},{"data":"BestPractice","floor":6,"key":"SMITH"},{"data":"Contraction","floor":11,"key":"SMITH"},{"data":"Luminosity","floor":13,"key":"SMITH"}],"circlet_count":0,"master_deck":["Strike_S","Strike_S","Strike_S","Defend_S","Defend_S","Defend_S","Defend_S","KidneyShot","Exchange","GearUp+1","BestPractice+1","Luminosity+1","FastForward","Desolation","Rearm","Contraction+1","Foresight","Ricochet","SurpressingFire","FlawlessForm"],"relics":["Uniform","Pantograph","Odd Mushroom"],"acts_visited":["Exordium"],"potions_floor_usage":[16,16],"damage_taken":[{"damage":0,"enemies":"Jaw Worm","floor":2,"turns":6},{"damage":0,"enemies":"Cultist","floor":3,"turns":4},{"damage":0,"enemies":"2 Louse","floor":4,"turns":4},{"damage":0,"enemies":"downfall:FleeingMerchant","floor":5,"turns":4},{"damage":7,"enemies":"Large Slime","floor":8,"turns":8},{"damage":16,"enemies":"Lots of Slimes","floor":10,"turns":6},{"damage":6,"enemies":"3 Louse","floor":12,"turns":5},{"damage":1,"enemies":"The Mushroom Lair","floor":14,"turns":6},{"damage":0,"enemies":"2 Fungi Beasts","floor":15,"turns":3},{"damage":79,"enemies":"DF_ARCHETYPE_STREAMLINE","floor":16,"turns":20}],"seed_played":"3895778545632820579","potions_obtained":[{"floor":2,"key":"AttackPotion"},{"floor":3,"key":"bronze:BurnAndBuffPotion"},{"floor":4,"key":"Guardian:BlockOnCardUsePotion"},{"floor":9,"key":"ColorlessPotion"}],"is_trial":false,"path_per_floor":["R","M","M","M","$","R","T","M","?","M","R","M","R","?","M","B"],"character_chosen":"THE_SERVANT","items_purchased":["Rearm"],"campfire_rested":0,"item_purchase_floors":[5],"current_hp_per_floor":[65,65,65,65,65,65,65,58,58,42,42,36,36,35,35,0,0],"gold":259,"neow_bonus":"TRANSFORM_CARD","is_daily":false,"chose_seed":false,"campfire_upgraded":4,"win_rate":0.0,"timestamp":1611210326,"path_taken":["R","M","M","M","$","R","T","M","?","?","R","M","R","?","M","BOSS"],"items_purchased_type":["Card"],"build_version":"2020-12-22","purchased_purges":0,"victory":false,"max_hp_per_floor":[65,65,65,65,65,65,65,65,65,65,65,65,65,65,65,65,65],"card_choices":[{"not_picked":["Foresight","SpecialFormula"],"picked":"BestPractice","floor":2},{"not_picked":["ShatteredReality","RealityMarble"],"picked":"Luminosity","floor":3},{"not_picked":["Read","Shuttle"],"picked":"FastForward","floor":4},{"not_picked":["Spin","Alleviate"],"picked":"Desolation","floor":5},{"not_picked":["Revamp","Rearm"],"picked":"Contraction","floor":8},{"not_picked":["Unruled","Revamp"],"picked":"Foresight","floor":10},{"not_picked":["Defy","Rewind"],"picked":"Ricochet","floor":12},{"not_picked":["Spin","Unruled"],"picked":"SurpressingFire","floor":14},{"not_picked":["Spin","Ricochet"],"picked":"FlawlessForm","floor":15}],"player_experience":415213,"relics_obtained":[{"floor":7,"key":"Pantograph"},{"floor":14,"key":"Odd Mushroom"}],"event_choices":[{"damage_healed":0,"gold_gain":0,"player_choice":"Got Potions","damage_taken":0,"max_hp_gain":0,"max_hp_loss":0,"event_name":"Lab","floor":9,"gold_loss":0},{"damage_healed":0,"gold_gain":0,"player_choice":"Fought Mushrooms","damage_taken":0,"max_hp_gain":0,"max_hp_loss":0,"event_name":"Mushrooms","floor":14,"gold_loss":0}],"is_beta":false,"boss_relics":[],"items_purged_floors":[],"is_endless":false,"potions_floor_spawned":[2,3,4],"killed_by":"DF_ARCHETYPE_STREAMLINE","ascension_level":0}}