{"host":"8efry9zhj4tjp5kw","time":1611260747,"event":{"mods":["Act Like it!","Aspiration","Bard","BaseMod","Beaked The Cultist","Colored Map","Colored Powertips","Conspire","Downfall","Glutton Mod","Halation","Hallownest","Hermit","Highlight Path","Hubris","Infinite Spire","Jedi Mod","Jorbs\u0027s Wanderer Trilogy","Koishi","Mad Scientist","Marisa????????","Mimic Mod","Minty Spire (QoL Compilation)","Reworked Bosses","Shop Mod","StSLib","The Administrix","The Construct","The Disciple","The Elementalist","The Factory","The Jungle","The Mystic","The Necromancer","The Runesmith","The Servant 0.9.4","Unceasing Turn Reminder"],"gold_per_floor":[99,118,137,187,206,218,287,300,200,200,214,243,266,283,295,396,396,396,407,317,317,317,350,350,364,364,38,64,98,98,113,133,234,234,134,119,119,19,29,45,68,68,68,81,93,109,9,22,36,36,36,66,66,66,66,66],"floor_reached":57,"language":"ENG","playtime":3649,"items_purged":["champ:Strike","champ:Strike"],"score":1298,"play_id":"6fe31e5b-46da-4814-993f-9fb9dc590693","local_time":"20210121212547","is_ascension_mode":false,"campfire_choices":[{"data":"champ:FanOfKnives","floor":9,"key":"SMITH"},{"floor":35,"key":"RECALL"},{"data":"champ:Improvising","floor":42,"key":"SMITH"},{"data":"champ:AdrenalArmor","floor":47,"key":"SMITH"},{"data":"champ:IronFortress","floor":54,"key":"SMITH"}],"circlet_count":0,"master_deck":["champ:Strike","champ:Defend","champ:Defend","champ:Defend","champ:Defend","champ:Execute","champ:Taunt+1","champ:Backstep","champ:FanOfKnives+1","champ:RecklessLeap","champ:Encircle","champ:VampiricStrike","champ:AdrenalArmor+1","champ:HoldFirm","champ:HoldFirm","champ:FanOfKnives+1","champ:BerserkerStyle","champ:AdrenalArmor","champ:VampiricStrike","champ:IronFortress+1","champ:Improvising+1","champ:Duel+1","champ:BringItOn+1"],"relics":["champ:ChampionCrown","aspiration:ArtOfWarUpgrade","downfall:HeartBlessingBlue","Lantern","hubris:OldNail","Velvet Choker","FaceOfCleric","conspire:Flyswatter","aspiration:HiddenCompartment","hubris:SlimyHat","hubris:MysteriousPyramids","jedi:archwizardhat","aspiration:PoetsPen_weak","downfall:HeartBlessingGreen","infinitespire:Lucky Rock","downfall:HeartBlessingRed","Pantograph"],"acts_visited":["Exordium","TheCity","TheBeyond","TheEnding"],"potions_floor_usage":[14,16,16,28,33,56,56],"damage_taken":[{"damage":13.0,"enemies":"Small Slimes","floor":2.0,"turns":4.0},{"damage":10,"enemies":"2 Louse","floor":3,"turns":3},{"damage":0,"enemies":"Jaw Worm","floor":5,"turns":5},{"damage":32,"enemies":"Exordium Wildlife","floor":6,"turns":5},{"damage":11,"enemies":"2 Fungi Beasts","floor":8,"turns":3},{"damage":3,"enemies":"3 Louse","floor":11,"turns":3},{"damage":38,"enemies":"3 Sentries","floor":12,"turns":7},{"damage":10,"enemies":"Lots of Slimes","floor":14,"turns":2},{"damage":20,"enemies":"Blue Slaver","floor":15,"turns":4},{"damage":34,"enemies":"IC_STATUS_ARCHETYPE","floor":16,"turns":5},{"damage":5,"enemies":"Shell Parasite","floor":19,"turns":4},{"damage":15,"enemies":"downfall:FleeingMerchant","floor":20,"turns":4},{"damage":81,"enemies":"Nightmare","floor":23,"turns":11},{"damage":35,"enemies":"3 Byrds","floor":25,"turns":5},{"damage":10,"enemies":"downfall:FleeingMerchant","floor":27,"turns":4},{"damage":74,"enemies":"Slavers","floor":28,"turns":6},{"damage":17,"enemies":"Snake Plant","floor":29,"turns":7},{"damage":30,"enemies":"Snake Plant","floor":31,"turns":4},{"damage":0,"enemies":"3 Cultists","floor":32,"turns":3},{"damage":29,"enemies":"DF_ARCHETYPE_CLAW","floor":33,"turns":6},{"damage":40,"enemies":"downfall:FleeingMerchant","floor":36,"turns":4},{"damage":13,"enemies":"3 Shapes","floor":39,"turns":1},{"damage":10,"enemies":"3 Darklings","floor":40,"turns":2},{"damage":40,"enemies":"Maw","floor":44,"turns":4},{"damage":0,"enemies":"Sphere and 2 Shapes","floor":45,"turns":1},{"damage":90,"enemies":"Transient","floor":46,"turns":5},{"damage":15,"enemies":"Maw","floor":48,"turns":4},{"damage":0,"enemies":"Spire Growth","floor":49,"turns":2},{"damage":38,"enemies":"SI_POISON_ARCHETYPE","floor":50,"turns":5},{"damage":61,"enemies":"downfall:CharBossMerchant","floor":52,"turns":4},{"damage":88,"enemies":"downfall:NeowBoss","floor":55,"turns":9},{"damage":102,"enemies":"downfall:NeowBossFinal","floor":56,"turns":7}],"seed_played":"-6402248295846676334","potions_obtained":[{"floor":11,"key":"hexamod:SoulburnPotion"},{"floor":12,"key":"champ:OpenerPotion"},{"floor":15,"key":"SteroidPotion"},{"floor":16,"key":"DistilledChaos"},{"floor":31,"key":"Guardian:BlockOnCardUsePotion"},{"floor":32,"key":"Strength Potion"},{"floor":33,"key":"SpeedPotion"},{"floor":39,"key":"PowerPotion"},{"floor":40,"key":"Energy Potion"}],"is_trial":false,"path_per_floor":["R","M","M","?","M","M","T","M","R","?","M","E","T","M","M","B",null,"R","M","$","?","?","NM","T","M","?","$","E","MIM","?","M","M","B",null,"R","$","?","NS","M","M","T","R","?","M","M","M","R","M","M","B",null,"E","$","R","B","B",null],"character_chosen":"THE_CHAMP","items_purchased":["champ:BerserkerStyle","hubris:SlimyHat"],"campfire_rested":0,"item_purchase_floors":[27,27],"current_hp_per_floor":[90,87,87,87,87,80,80,79,89,89,86,73,73,73,73,59,100,100,95,95,95,95,65,65,66,66,67,53,54,54,53,54,55,108,108,109,109,109,107,108,108,108,108,104,105,106,106,107,108,106,117,100,100,100,115,46],"gold":66,"neow_bonus":"RANDOM_COMMON_RELIC","is_daily":false,"chose_seed":false,"campfire_upgraded":4,"win_rate":0.0,"timestamp":1611260747,"path_taken":["R","M","M","?","M","M","T","M","R","?","M","E","?","?","M","BOSS","R","M","$","?","?","NM","T","?","?","$","E","?","?","?","M","BOSS","R","?","?","NS","M","M","T","R","?","M","M","M","R","M","M","BOSS","E","$","R","BOSS","BOSS"],"items_purchased_type":["Card","Relic"],"build_version":"2020-12-22","purchased_purges":2,"victory":true,"max_hp_per_floor":[90,90,90,90,90,90,90,90,100,100,100,100,100,100,100,100,100,100,100,100,100,100,101,101,102,102,103,104,105,105,106,107,108,108,108,109,109,109,110,111,111,111,111,112,113,114,114,115,116,117,117,118,118,118,119,120],"card_choices":[{"not_picked":["champ:CalledShot","champ:ViciousMockery"],"picked":"champ:Backstep","floor":2},{"not_picked":["champ:Parry","champ:PreciseThrust"],"picked":"champ:FanOfKnives","floor":3},{"not_picked":["champ:DancingMaster","champ:Endure"],"picked":"champ:RecklessLeap","floor":5},{"not_picked":["champ:BringItOn","champ:AdrenalArmor"],"picked":"champ:Encircle","floor":6},{"not_picked":["champ:CrownThrow","champ:Haymaker","champ:BerserkersShout"],"picked":"SKIP","floor":8},{"not_picked":["champ:Backstep","champ:SetATrap"],"picked":"champ:VampiricStrike","floor":11},{"not_picked":["champ:FocusedDefense","champ:BladeFlurry","champ:TornadoPunch"],"picked":"SKIP","floor":12},{"not_picked":["champ:RecklessLeap","champ:EnGarde"],"picked":"champ:AdrenalArmor","floor":14},{"not_picked":["champ:PerfectedStrike","champ:FalseCounter","champ:EndlessRage"],"picked":"SKIP","floor":15},{"not_picked":["champ:DancingMaster","champ:Devastate"],"picked":"champ:HoldFirm","floor":16},{"not_picked":["champ:FlashCut","champ:EnGarde+1"],"picked":"champ:BringItOn+1","floor":19},{"not_picked":["champ:RecklessLeap+1","champ:PerfectedStrike"],"picked":"champ:FanOfKnives+1","floor":20},{"not_picked":["champ:PreciseThrust","champ:EnragedBash+1"],"picked":"champ:HoldFirm","floor":23},{"not_picked":["champ:GutPunch","champ:SetATrap+1"],"picked":"champ:FanOfKnives+1","floor":25},{"not_picked":["champ:FlashCut","champ:Encircle+1","champ:CalledShot"],"picked":"SKIP","floor":27},{"not_picked":["champ:ShieldThrow","champ:GladiatorStyle"],"picked":"champ:AdrenalArmor","floor":28},{"not_picked":["champ:PreciseThrust","champ:BringItOn","champ:RisingSlash"],"picked":"SKIP","floor":31},{"not_picked":["champ:AdrenalArmor","champ:FaceSlap"],"picked":"champ:IronFortress","floor":32},{"not_picked":["champ:GladiatorForm","champ:ShieldThrow"],"picked":"champ:Improvising","floor":33},{"not_picked":["champ:Backstep+1","champ:Circumvent+1","champ:PerfectedStrike+1"],"picked":"SKIP","floor":36},{"not_picked":["champ:GutPunch","champ:FalseCounter+1","champ:Circumvent"],"picked":"SKIP","floor":39},{"not_picked":["champ:CalledShot+1","champ:SkillfulDodge+1","champ:IronFortress"],"picked":"SKIP","floor":40},{"not_picked":["champ:PreemptiveStrike","champ:Backstep","champ:EnGarde"],"picked":"SKIP","floor":44},{"not_picked":["champ:PreciseThrust+1","champ:FlashCut"],"picked":"champ:Duel+1","floor":45},{"not_picked":["champ:PerfectedStrike+1","champ:ShieldThrow"],"picked":"champ:BringItOn+1","floor":46},{"not_picked":["champ:SetATrap+1","champ:FlashCut+1","champ:EndlessRage"],"picked":"SKIP","floor":48},{"not_picked":["champ:AdrenalArmor+1","champ:FanOfKnives","champ:BringItOn+1"],"picked":"SKIP","floor":49},{"not_picked":["champ:BerserkersShout+1","champ:TornadoPunch+1","champ:RisingSlash"],"picked":"SKIP","floor":52}],"player_experience":1102851,"relics_obtained":[{"floor":12,"key":"Lantern"},{"floor":13,"key":"hubris:OldNail"},{"floor":23,"key":"conspire:Flyswatter"},{"floor":24,"key":"aspiration:HiddenCompartment"},{"floor":28,"key":"hubris:MysteriousPyramids"},{"floor":29,"key":"jedi:archwizardhat"},{"floor":41,"key":"infinitespire:Lucky Rock"},{"floor":52,"key":"Pantograph"}],"event_choices":[{"damage_healed":0,"gold_gain":0,"player_choice":"Trade","damage_taken":0,"relics_obtained":["FaceOfCleric"],"max_hp_gain":0,"max_hp_loss":0,"event_name":"FaceTrader","floor":22,"gold_loss":0},{"damage_healed":0,"gold_gain":0,"player_choice":"Forge","damage_taken":0,"max_hp_gain":0,"max_hp_loss":0,"event_name":"Accursed Blacksmith","floor":43,"gold_loss":0,"cards_upgraded":["champ:Taunt"]}],"is_beta":false,"boss_relics":[{"not_picked":["SacredBark","halation:LoveArrow"],"picked":"Velvet Choker"},{"not_picked":["halation:Prosthetics","hubris:CrackedHourglass"],"picked":"aspiration:PoetsPen_weak"}],"items_purged_floors":[20,27],"is_endless":false,"potions_floor_spawned":[11,12,15,16,31,32,33,39,40,49],"ascension_level":0}}