{"host":"d3wn6ylxoasccvbu","time":1611195127,"event":{"mods":["BaseMod","Better Debug","Downfall","Minty Spire (QoL Compilation)","StSLib"],"gold_per_floor":[129,176,207,207,27,52,52,94,118,118,36,73,73,133,133,228,228,272,322,247,247,147,191,191,216,216,258,271,346,346,150,150,252,252,265,33,33,53,64,97,123,123,147,147,182,182,40,51,51,51],"floor_reached":51,"language":"ENG","playtime":3677,"items_purged":["Strike_R","downfall:Bewildered","Strike_R","Defend_R"],"score":716,"play_id":"22ab5367-d092-4ba1-902c-e81a84be8b57","local_time":"20210120211207","is_ascension_mode":false,"campfire_choices":[{"data":"Inflame","floor":7,"key":"SMITH"},{"data":"Shrug It Off","floor":10,"key":"SMITH"},{"data":"True Grit","floor":15,"key":"SMITH"},{"data":"Heavy Blade","floor":24,"key":"SMITH"},{"data":"Rupture","floor":32,"key":"SMITH"},{"floor":42,"key":"REST"},{"data":"Sword Boomerang","floor":44,"key":"SMITH"},{"data":"Pommel Strike","floor":46,"key":"SMITH"},{"data":"Shockwave","floor":49,"key":"SMITH"}],"circlet_count":0,"master_deck":["Defend_R","Defend_R","Defend_R","Bash+1","HandOfGreed+1","Shockwave+1","Pommel Strike+1","Rupture+1","Inflame+1","Shrug It Off+1","Feel No Pain","True Grit+1","Reaper","Reaper","Heavy Blade+1","Thunderclap+1","Offering","Sword Boomerang+1","Offering","Limit Break+1","Ghostly Armor","Headbutt+1","Hemokinesis+1","Offering"],"relics":["Burning Blood","Orichalcum","Strange Spoon","MealTicket","Regal Pillow","Sozu","Red Mask","sneckomod:BabySnecko","Pear","Prayer Wheel","Tiny Chest","Empty Cage","Toy Ornithopter","Bronze Scales","Whetstone","Ancient Tea Set"],"acts_visited":["Exordium","TheCity","TheBeyond"],"potions_floor_usage":[16,19,40],"damage_taken":[{"damage":1,"enemies":"Cultist","floor":1,"turns":3},{"damage":1,"enemies":"Small Slimes","floor":3,"turns":5},{"damage":8,"enemies":"Gremlin Nob","floor":6,"turns":4},{"damage":1,"enemies":"2 Louse","floor":8,"turns":2},{"damage":0,"enemies":"Exordium Thugs","floor":12,"turns":4},{"damage":1,"enemies":"Exordium Wildlife","floor":14,"turns":5},{"damage":8,"enemies":"Slime Boss","floor":16,"turns":8},{"damage":8,"enemies":"Shell Parasite","floor":18,"turns":5},{"damage":27,"enemies":"Masked Bandits","floor":19,"turns":5},{"damage":3,"enemies":"3 Byrds","floor":23,"turns":6},{"damage":38,"enemies":"Book of Stabbing","floor":25,"turns":6},{"damage":17,"enemies":"Snake Plant","floor":27,"turns":5},{"damage":10,"enemies":"Snecko","floor":28,"turns":3},{"damage":26,"enemies":"Slavers","floor":29,"turns":5},{"damage":30,"enemies":"Champ","floor":33,"turns":6},{"damage":26,"enemies":"Orb Walker","floor":35,"turns":4},{"damage":34,"enemies":"3 Darklings","floor":38,"turns":4},{"damage":56,"enemies":"4 Shapes","floor":39,"turns":6},{"damage":69,"enemies":"Nemesis","floor":40,"turns":7},{"damage":28,"enemies":"Giant Head","floor":45,"turns":6},{"damage":20,"enemies":"Maw","floor":48,"turns":5},{"damage":79,"enemies":"Awakened One","floor":50,"turns":6}],"seed_played":"950955737679977952","potions_obtained":[{"floor":8,"key":"bronze:BurnAndBuffPotion"},{"floor":12,"key":"DuplicationPotion"},{"floor":14,"key":"BloodPotion"}],"is_trial":false,"path_per_floor":["M","T","M","?","$","E","R","M","T","R","$","M","?","M","R","B",null,"M","?","$","?","$","M","R","E","T","M","M","E","?","$","R","B",null,"M","$","?","M","M","E","T","R","T","R","E","R","$","M","R","B",null],"character_chosen":"IRONCLAD","items_purchased":["Strange Spoon","Rupture","Feel No Pain","True Grit","Offering","Ghostly Armor","Offering"],"campfire_rested":1,"item_purchase_floors":[5,5,11,11,31,36,47],"current_hp_per_floor":[72,72,72,72,72,70,70,72,72,72,72,72,72,72,72,72,72,70,55,70,70,72,72,72,50,50,48,56,71,71,82,82,77,82,68,82,82,66,80,33,33,72,72,72,82,82,82,82,82,69],"gold":51,"neow_bonus":"RANDOM_COLORLESS_2","is_daily":false,"chose_seed":false,"campfire_upgraded":8,"win_rate":0.0,"timestamp":1611195127,"path_taken":["M","?","M","?","$","E","R","M","T","R","$","M","?","?","R","BOSS","M","?","$","?","$","M","R","E","T","M","M","E","?","$","R","BOSS","M","$","?","M","?","E","?","R","T","R","E","R","?","M","R","BOSS"],"items_purchased_type":["Relic","Card","Card","Card","Card","Card","Card"],"build_version":"2020-12-22","purchased_purges":4,"victory":true,"max_hp_per_floor":[72,72,72,72,72,72,72,72,72,72,72,72,72,72,72,72,72,72,72,72,72,72,72,72,82,82,82,82,82,82,82,82,82,82,82,82,82,82,82,82,82,82,82,82,82,82,82,82,82,82],"card_choices":[{"not_picked":["Transmutation","The Bomb"],"picked":"HandOfGreed","floor":0},{"not_picked":["Clothesline","Battle Trance"],"picked":"Shockwave","floor":1},{"not_picked":["Dropkick","Clash"],"picked":"Pommel Strike","floor":3},{"not_picked":["Flex","Fire Breathing"],"picked":"Inflame","floor":6},{"not_picked":["Anger","Thunderclap"],"picked":"Shrug It Off","floor":8},{"not_picked":["Heavy Blade","Dark Embrace"],"picked":"Reaper","floor":12},{"not_picked":["Spot Weakness","Flame Barrier","Warcry"],"picked":"SKIP","floor":14},{"not_picked":["Demon Form","Berserk"],"picked":"Reaper","floor":16},{"not_picked":["Shrug It Off","Clash"],"picked":"Heavy Blade","floor":18},{"not_picked":["Dual Wield","Seeing Red"],"picked":"Thunderclap","floor":19},{"not_picked":["Metallicize","Anger+1","Heavy Blade"],"picked":"SKIP","floor":23},{"not_picked":["Body Slam","Inflame"],"picked":"Offering","floor":25},{"not_picked":["Anger+1","Carnage","Dark Embrace"],"picked":"SKIP","floor":27},{"not_picked":["Armaments","Thunderclap+1","Perfected Strike"],"picked":"SKIP","floor":27},{"not_picked":["Heavy Blade","Intimidate","Searing Blow"],"picked":"SKIP","floor":28},{"not_picked":["Shrug It Off+1","Blood for Blood","Reaper"],"picked":"SKIP","floor":28},{"not_picked":["Blood for Blood","Power Through"],"picked":"Sword Boomerang","floor":29},{"not_picked":["Juggernaut","Offering"],"picked":"Limit Break","floor":33},{"not_picked":["Searing Blow+1","Iron Wave+1","Entrench+1"],"picked":"SKIP","floor":35},{"not_picked":["Thunderclap+1","Intimidate+1","Wild Strike"],"picked":"SKIP","floor":35},{"not_picked":["Power Through","Blood for Blood+1","Flex+1"],"picked":"SKIP","floor":38},{"not_picked":["Rupture","Dropkick+1","Flex"],"picked":"SKIP","floor":38},{"not_picked":["Dual Wield","Perfected Strike","Clash"],"picked":"SKIP","floor":39},{"not_picked":["Heavy Blade","Headbutt+1","Pommel Strike+1"],"picked":"SKIP","floor":39},{"not_picked":["Heavy Blade","Pommel Strike+1"],"picked":"Headbutt+1","floor":39},{"not_picked":["Dual Wield","Perfected Strike","Clash"],"picked":"SKIP","floor":39},{"not_picked":["Evolve","Rupture"],"picked":"Hemokinesis+1","floor":40},{"not_picked":["Rampage+1","Entrench","Burning Pact"],"picked":"SKIP","floor":45},{"not_picked":["Spot Weakness+1","Anger+1","Wild Strike"],"picked":"SKIP","floor":48},{"not_picked":["Iron Wave+1","Anger+1","Sword Boomerang"],"picked":"SKIP","floor":48}],"player_experience":75048,"relics_obtained":[{"floor":2,"key":"Orichalcum"},{"floor":6,"key":"MealTicket"},{"floor":9,"key":"Regal Pillow"},{"floor":19,"key":"Red Mask"},{"floor":25,"key":"Pear"},{"floor":26,"key":"Prayer Wheel"},{"floor":29,"key":"Tiny Chest"},{"floor":40,"key":"Toy Ornithopter"},{"floor":41,"key":"Bronze Scales"},{"floor":43,"key":"Whetstone"},{"floor":45,"key":"Ancient Tea Set"}],"event_choices":[{"damage_healed":0,"gold_gain":0,"player_choice":"Grow","damage_taken":0,"max_hp_gain":0,"max_hp_loss":0,"event_name":"Living Wall","floor":4,"gold_loss":0,"cards_upgraded":["HandOfGreed"]},{"cards_removed":["Strike_R"],"damage_healed":0,"gold_gain":0,"player_choice":"Offered Basic","damage_taken":0,"max_hp_gain":0,"max_hp_loss":0,"event_name":"Bonfire Elementals","floor":13,"gold_loss":0},{"damage_healed":0,"gold_gain":0,"player_choice":"Fought Bandits","damage_taken":0,"max_hp_gain":0,"max_hp_loss":0,"event_name":"Masked Bandits","floor":19,"gold_loss":0},{"damage_healed":0,"gold_gain":0,"player_choice":"0 cards matched","damage_taken":0,"max_hp_gain":0,"max_hp_loss":0,"event_name":"Match and Keep!","floor":30,"gold_loss":0,"cards_obtained":[]},{"damage_healed":0,"gold_gain":0,"player_choice":"Forge","damage_taken":0,"max_hp_gain":0,"max_hp_loss":0,"event_name":"Accursed Blacksmith","floor":37,"gold_loss":0,"cards_upgraded":["Limit Break"]}],"is_beta":false,"boss_relics":[{"not_picked":["SlaversCollar","SacredBark"],"picked":"Sozu"},{"not_picked":["Tiny House","Calling Bell"],"picked":"Empty Cage"}],"items_purged_floors":[20,22,31,36],"is_endless":false,"potions_floor_spawned":[8,12,14,18,23,25,29,33,40,45],"ascension_level":0}}