{"host":"snn1c4qsf0fj7fzf","time":1611210623,"event":{"mods":["AchievementEnabler","Act Like it!","Aspiration","Astrologer","Bard","BaseMod","Colored Powertips","Gensokyo","Gremlin Mod","Hallownest","Hermit","HololiveMod","Hubris","Infinite Spire","Lobotomy","LobotomyExtend","Marisa????????","Minty Spire (QoL Compilation)","Random Character Button","Rare Cards Sparkle","Reimu??????","Replay The Spire","Shop Mod","StSLib","The Administrix","The Animator","The Bug Knight","The Cursed","The Gatherer","The Hierophant","The Poker Player"],"gold_per_floor":[114,130,150,165,182,182,182],"floor_reached":6,"language":"ENG","playtime":536,"items_purged":[],"score":42,"play_id":"7ec7c711-6f0a-451d-a0e0-d0bc680a0eec","local_time":"20210121143023","is_ascension_mode":true,"campfire_choices":[],"circlet_count":0,"master_deck":["SpecialBullet","SpecialBullet","SpecialBullet","SpecialBullet","SpecialBullet","SpecialBullet","SpecialBullet","SpecialBullet","ControlCode","WelfareCode","CentralCode","Wellcheers","Laetitia_ego","OSAHOGD","TT2Protocol","Scorched","Adoration"],"relics":["CogitoBucket","aspiration:Nostalgia","Gatherer:AlchemyBag","LetterFromLob"],"acts_visited":["Hallownest:Greenpath"],"potions_floor_usage":[],"damage_taken":[{"damage":0,"enemies":"Hallownest:monsterHuskWarrior","floor":1,"turns":2},{"damage":5,"enemies":"Hallownest:2_Baldur","floor":2,"turns":2},{"damage":4,"enemies":"Hallownest:2_Tiktiks_and_1_Crawlid","floor":3,"turns":2},{"damage":10,"enemies":"Hallownest:2_Tiktiks_1_Baldur_1_Crawlid","floor":4,"turns":3},{"damage":19,"enemies":"Hallownest:1_Baldur_1_Crawlid_1_Warrior","floor":5,"turns":4},{"damage":48,"enemies":"Hallownest:eliteVengeflyKing","floor":6,"turns":6}],"seed_played":"5379250794158470567","potions_obtained":[{"floor":1,"key":"BlessingOfTheForge"},{"floor":3,"key":"Fire Potion"}],"is_trial":false,"path_per_floor":["M","M","M","M","M","E"],"character_chosen":"Angela","items_purchased":[],"campfire_rested":0,"item_purchase_floors":[],"current_hp_per_floor":[70,65,67,57,45,0,0],"gold":182,"neow_bonus":"NOSTALGIA","is_daily":false,"chose_seed":false,"campfire_upgraded":0,"win_rate":0.0,"timestamp":1611210623,"path_taken":["M","M","M","M","M","E"],"items_purchased_type":[],"build_version":"2020-12-22","purchased_purges":0,"victory":false,"max_hp_per_floor":[70,70,70,70,70,70,70],"card_choices":[{"not_picked":["MHz","VoidDream"],"picked":"Wellcheers","floor":1},{"not_picked":["Diffraction"],"picked":"Laetitia_ego","floor":1},{"not_picked":["FairyFestival","UniverseFragment"],"picked":"OSAHOGD","floor":2},{"not_picked":["Horn","FourthMatchFlame"],"picked":"SKIP","floor":2},{"not_picked":["MHz","Bloodbath"],"picked":"Scorched","floor":3},{"not_picked":["Amita"],"picked":"Adoration","floor":3},{"not_picked":["WristCuter","Pinks"],"picked":"SKIP","floor":4},{"not_picked":["FourthMatchFlame","Noise"],"picked":"SKIP","floor":5}],"player_experience":349367,"relics_obtained":[{"floor":1,"key":"LetterFromLob"}],"event_choices":[],"is_beta":false,"boss_relics":[],"items_purged_floors":[],"is_endless":false,"potions_floor_spawned":[1,3],"killed_by":"Hallownest:eliteVengeflyKing","ascension_level":1}}