{"host":"haq22x9zdvtvc76a","time":1611270112,"event":{"mods":["BaseMod","Downfall","Minty Spire (QoL Compilation)","StSLib"],"gold_per_floor":[99,111,128,148,163,190,213,223,253,53,53,53,38,38,57,57,57,57],"floor_reached":16,"language":"ENG","playtime":1010,"items_purged":[],"score":144,"play_id":"bdf09cba-e828-4b82-b267-a29426bc2c68","local_time":"20210121180152","is_ascension_mode":true,"campfire_choices":[{"floor":1,"key":"RECALL"},{"data":"champ:EnragedBash","floor":10,"key":"SMITH"},{"data":"champ:StanceDance","floor":12,"key":"SMITH"}],"circlet_count":0,"master_deck":["champ:Strike","champ:Strike","champ:Strike","champ:Strike","champ:Defend","champ:Defend","champ:Defend","champ:Defend","champ:Execute","champ:Taunt+1","champ:FaceSlap","champ:GutPunch","champ:FlashCut","champ:FaceSlap","champ:EnragedBash+1","champ:AdrenalArmor","champ:StanceDance+1","champ:EnGarde","champ:RageSigil"],"relics":["champ:ChampionCrown","Omamori","PreservedInsect","champ:DefensiveTrainingManual","downfall:HeartBlessingRed","downfall:HeartBlessingGreen","downfall:BrokenWingStatue"],"acts_visited":["Exordium"],"potions_floor_usage":[5,9,16],"damage_taken":[{"damage":10,"enemies":"Cultist","floor":2,"turns":4},{"damage":1,"enemies":"Jaw Worm","floor":3,"turns":3},{"damage":0,"enemies":"2 Louse","floor":4,"turns":2},{"damage":22,"enemies":"Exordium Thugs","floor":5,"turns":4},{"damage":39,"enemies":"Gremlin Nob","floor":6,"turns":4},{"damage":5,"enemies":"Blue Slaver","floor":8,"turns":3},{"damage":25,"enemies":"Lagavulin","floor":9,"turns":5},{"damage":35,"enemies":"downfall:FleeingMerchant","floor":13,"turns":4},{"damage":10,"enemies":"2 Fungi Beasts","floor":15,"turns":2},{"damage":80,"enemies":"WA_ARCHETYPE_RETAIN","floor":16,"turns":7}],"seed_played":"5230001706761366289","potions_obtained":[{"floor":2,"key":"SkillPotion"},{"floor":4,"key":"champ:OpenerPotion"},{"floor":5,"key":"Guardian:BlockOnCardUsePotion"}],"is_trial":false,"path_per_floor":["R","M","M","M","M","E","T","M","E","R","T","R","$","?","M","B"],"character_chosen":"THE_CHAMP","items_purchased":[],"campfire_rested":0,"item_purchase_floors":[],"current_hp_per_floor":[90,90,89,89,77,58,58,58,58,58,58,58,53,53,53,0,0,0],"gold":57,"neow_bonus":"UPGRADE_CARD","is_daily":false,"chose_seed":false,"campfire_upgraded":2,"win_rate":0.0,"timestamp":1611270112,"path_taken":["R","M","M","M","M","E","T","M","E","R","?","R","$","?","M","BOSS"],"items_purchased_type":[],"build_version":"2020-12-22","purchased_purges":0,"victory":false,"max_hp_per_floor":[90,90,90,90,90,90,90,90,90,90,90,90,90,90,90,90,90,90],"card_choices":[{"not_picked":["champ:DeathBlow","champ:Encircle"],"picked":"champ:FaceSlap","floor":2},{"not_picked":["champ:FancyFootwork","champ:Circumvent"],"picked":"champ:GutPunch","floor":3},{"not_picked":["champ:ArenaPreparation","champ:GutPunch"],"picked":"champ:FlashCut","floor":4},{"not_picked":["champ:Shatter","champ:EnGarde"],"picked":"champ:FaceSlap","floor":5},{"not_picked":["champ:Shatter","champ:BringItOn"],"picked":"champ:EnragedBash","floor":6},{"not_picked":["champ:Circumvent","champ:DancingMaster"],"picked":"champ:AdrenalArmor","floor":8},{"not_picked":["champ:HeartStrike","champ:ShieldWall"],"picked":"champ:StanceDance","floor":9},{"not_picked":["champ:BerserkerStyle","champ:DefensiveShout"],"picked":"champ:EnGarde","floor":13},{"not_picked":["champ:EndlessRage","champ:SkillfulDodge"],"picked":"champ:RageSigil","floor":15}],"player_experience":1636507,"relics_obtained":[{"floor":6,"key":"Omamori"},{"floor":7,"key":"PreservedInsect"},{"floor":9,"key":"champ:DefensiveTrainingManual"}],"event_choices":[],"is_beta":false,"boss_relics":[],"items_purged_floors":[],"is_endless":false,"potions_floor_spawned":[2,4,5],"killed_by":"WA_ARCHETYPE_RETAIN","ascension_level":1}}