{"host":"xj2wyr3bqqv4irjd","time":1611231112,"event":{"mods":["Act Like it!","Aspiration","BaseMod","Gensokyo","Koishi","Lobotomy","LobotomyExtend","Marisa£®ÏF”Í°°ƒß¿Ì…≥£©","Minty Spire (QoL Compilation)","Quick Restart","Rare Cards Sparkle","Reimu£®≤©¿ˆ¡È√Œ£©","Remilia£®¿Ÿ√◊¿Ú—«£©","Replay The Spire","SIMod","StSLib","The Alterego","The Servant 0.9.4","WarShipGirlsR/’ΩΩ¢…Ÿ≈ÆR mod","Yakumo Yukari mod","Youmu£®ªÍ∆«—˝√Œ£©"],"gold_per_floor":[115,115,127,52,72,107,107,124,124,150,150,170,199,217,217,321,321,335,185,201,219,219,219,239,239,293,328,356,384,416,428,469,496,539,623,647,149,149,164,192,192,293,293],"floor_reached":18,"language":"ZHS","playtime":3022,"items_purged":["Hallucinations","Strike_S","Strike_S"],"score":582,"play_id":"b67aa42c-a844-48ea-a224-358e6176fa73","local_time":"20210121201152","is_ascension_mode":true,"campfire_choices":[{"data":"FlawlessForm","floor":7.0,"key":"SMITH"},{"data":"FloweringNight","floor":23.0,"key":"SMITH"},{"data":"BottledTime","floor":25.0,"key":"SMITH"},{"data":"Deadline","floor":12,"key":"SMITH"},{"data":"Exchange","floor":15,"key":"SMITH"}],"circlet_count":0,"master_deck":["Defend_S","Defend_S","Defend_S","Defend_S","KidneyShot+1","Exchange+1","AbeCurse","Ricochet+1","FlawlessForm+1","BottledTime+1","StarChef","Deadline+1","DoubleEdge+1","Duplication+1","BottledTime+1","BottledTime+1","SpecialFormula+1","FloweringNight+1","Enlightenment+1","Enlightenment+1","FlawlessForm+1","Snipe+1","Moondial+1","InstantArmor+1","Read+1","SpecialFormula+1","BottledTime+1","FloweringNight+1","Manipulate+1","LightFlow"],"relics":["Uniform","Abe\u0027s Treasure","Iron Hammer","Toxic Egg 2","Blue Doll","Sundial","Sozu","MawBank","LetterFromLob","Meat on the Bone","Torii","Shuriken","Matryoshka","DollysMirror","Whetstone"],"acts_visited":["Exordium","TheCity"],"potions_floor_usage":[],"damage_taken":[{"damage":10.0,"enemies":"Cultist","floor":1.0,"turns":4.0},{"damage":0.0,"enemies":"2 Louse","floor":3.0,"turns":2.0},{"damage":0.0,"enemies":"Jaw Worm","floor":5.0,"turns":4.0},{"damage":14.0,"enemies":"Gremlin Nob","floor":6.0,"turns":6.0},{"damage":10.0,"enemies":"Gremlin Gang","floor":8.0,"turns":3.0},{"damage":1.0,"enemies":"3 Sentries","floor":10.0,"turns":6.0},{"damage":0.0,"enemies":"2 Fungi Beasts","floor":12.0,"turns":2.0},{"damage":0.0,"enemies":"Gremlin Nob","floor":13.0,"turns":2.0},{"damage":0.0,"enemies":"3 Louse","floor":14.0,"turns":2.0},{"damage":26.0,"enemies":"Hexaghost","floor":16.0,"turns":9.0},{"damage":1.0,"enemies":"Shell Parasite","floor":18.0,"turns":3.0},{"damage":0.0,"enemies":"Spheric Guardian","floor":20.0,"turns":3.0},{"damage":12.0,"enemies":"Chosen and Byrds","floor":21.0,"turns":5.0},{"damage":0.0,"enemies":"3 Cultists","floor":24.0,"turns":5.0},{"damage":0.0,"enemies":"2 Louse","floor":1.0,"turns":1.0},{"damage":0.0,"enemies":"Jaw Worm","floor":2.0,"turns":2.0},{"damage":0.0,"enemies":"Cultist","floor":3.0,"turns":2.0},{"damage":0.0,"enemies":"3 Louse","floor":4.0,"turns":2.0},{"damage":0,"enemies":"Replay:BlueRogue","floor":6,"turns":5},{"damage":0,"enemies":"Exordium Wildlife","floor":7,"turns":2},{"damage":0,"enemies":"Lagavulin","floor":8,"turns":4},{"damage":0,"enemies":"Red Slaver","floor":10,"turns":2},{"damage":0,"enemies":"Exordium Thugs","floor":13,"turns":2},{"damage":0,"enemies":"3 Sentries","floor":14,"turns":4},{"damage":0,"enemies":"The Guardian","floor":16,"turns":6}],"seed_played":"4008241699677373387","potions_obtained":[{"floor":1.0,"key":"LiquidMemories"},{"floor":3.0,"key":"GamblersBrew"},{"floor":8.0,"key":"Fire Potion"},{"floor":10.0,"key":"Block Potion"},{"floor":12.0,"key":"Fruit Juice"}],"is_trial":false,"path_per_floor":["M","?","M","$","M","E","R","M","T","E","?","M","E","M","R","B",null,"M","$","M","M","?","R","M","R","T","E","M","M","M","M","?","E","M","E","T","M","$","R","M","E","R","B",null,null],"character_chosen":"THE_SERVANT","items_purchased":["Enlightenment+1","Matryoshka","DollysMirror"],"campfire_rested":0,"item_purchase_floors":[19,11,11],"current_hp_per_floor":[55,55,55,55,55,41,41,31,31,30,30,30,30,30,49,31,70,69,69,70,62,62,62,70,70,70,70,70,70,70,70,70,70,70,70,70,70,70,70,70,70,70,70],"gold":293,"neow_bonus":"CURSED_BOSS_RELIC","is_daily":false,"chose_seed":false,"campfire_upgraded":5,"win_rate":0.0,"timestamp":1611231112,"path_taken":["M","?","M","$","?","E","R","M","T","E","?","M","E","M","R","BOSS","M","$","M","M","?","R","M","R","T","E","M","M","M","M","?","E","M","E","T","M","?","R","?","E","R","BOSS"],"items_purchased_type":["Card","Relic","Relic"],"build_version":"2020-12-22","purchased_purges":3,"victory":true,"max_hp_per_floor":[65,65,65,65,65,65,65,65,65,65,65,65,65,65,65,65,70,70,70,70,70,70,70,70,70,70,70,70,70,70,70,70,70,70,70,70,70,70,70,70,70,70,70],"card_choices":[{"not_picked":["Deadline","Replace"],"picked":"Ricochet","floor":1.0},{"not_picked":["TimeWarp","Unruled"],"picked":"StarChef","floor":3.0},{"not_picked":["TimeTheft","Ricochet","Read"],"picked":"SKIP","floor":5.0},{"not_picked":["Rewind","Deadline","Ricochet"],"picked":"SKIP","floor":6.0},{"not_picked":["Rewind","Ricochet"],"picked":"Deadline","floor":6.0},{"not_picked":["Unruled","DoubleEdge","Deny"],"picked":"SKIP","floor":8.0},{"not_picked":["Unruled","Deny"],"picked":"DoubleEdge","floor":8.0},{"not_picked":["Deny+1","FastForward+1"],"picked":"Duplication+1","floor":10.0},{"not_picked":["Replace+1","DoubleEdge","Defy+1"],"picked":"SKIP","floor":12.0},{"not_picked":["FastForward+1","Defy+1"],"picked":"BottledTime+1","floor":13.0},{"not_picked":["FastForward+1","ShatteredReality"],"picked":"SpecialFormula+1","floor":14.0},{"not_picked":["Solidify+1","Duplication+1"],"picked":"FloweringNight","floor":16.0},{"not_picked":["DoubleEdge","SilverBlades+1","Collapse"],"picked":"SKIP","floor":18.0},{"not_picked":["Defy+1","ShatteredReality+1","DoubleEdge"],"picked":"SKIP","floor":20.0},{"not_picked":["Defy+1","ShatteredReality+1","DoubleEdge"],"picked":"SKIP","floor":20.0},{"not_picked":["Unruled","TimeTheft+1","FanOfKnives"],"picked":"SKIP","floor":21.0},{"not_picked":["Alleviate+1","Unruled"],"picked":"Snipe+1","floor":24.0},{"not_picked":["Dilation+1","InstantArmor+1"],"picked":"Moondial+1","floor":1.0},{"not_picked":["Deadline+1","Starlight","Rewind+1"],"picked":"SKIP","floor":2.0},{"not_picked":["Unruled","Revamp+1","FastForward+1"],"picked":"SKIP","floor":3.0},{"not_picked":["Rewind+1","Potential"],"picked":"InstantArmor+1","floor":4.0},{"not_picked":["Contraction+1","Reset+1","Read+1"],"picked":"SKIP","floor":6},{"not_picked":["ReturningBlade","WasteNot"],"picked":"SpecialFormula+1","floor":7},{"not_picked":["Read+1","Deny+1","Potential"],"picked":"SKIP","floor":8},{"not_picked":["Shuttle+1","Misdirection+1"],"picked":"BottledTime+1","floor":10},{"not_picked":["Unruled","Revamp+1","Alleviate+1"],"picked":"SKIP","floor":13},{"not_picked":["Ricochet","ShiftingGears+1"],"picked":"Manipulate+1","floor":14},{"not_picked":["PendulumOfEternity","SoulSculpture"],"picked":"LightFlow","floor":16}],"player_experience":567616,"relics_obtained":[{"floor":1.0,"key":"LetterFromLob"},{"floor":6.0,"key":"Iron Hammer"},{"floor":9.0,"key":"Toxic Egg 2"},{"floor":10.0,"key":"Blue Doll"},{"floor":13.0,"key":"Sundial"},{"floor":26.0,"key":"MawBank"},{"floor":1.0,"key":"LetterFromLob"},{"floor":6,"key":"Meat on the Bone"},{"floor":8,"key":"Torii"},{"floor":9,"key":"Shuriken"},{"floor":14,"key":"Whetstone"}],"event_choices":[{"damage_healed":0.0,"max_hp_gain":0.0,"max_hp_loss":0.0,"gold_gain":0.0,"event_name":"Match and Keep!","player_choice":"2 cards matched","floor":2.0,"gold_loss":0.0,"damage_taken":0.0,"cards_obtained":["FlawlessForm","BottledTime"]},{"damage_healed":0.0,"max_hp_gain":0.0,"max_hp_loss":0.0,"gold_gain":0.0,"cards_transformed":["Strike_S"],"event_name":"Living Wall","player_choice":"Change","floor":11.0,"gold_loss":0.0,"damage_taken":0.0,"cards_obtained":["BottledTime"]},{"damage_healed":0.0,"max_hp_gain":0.0,"max_hp_loss":0.0,"gold_gain":0.0,"event_name":"Duplicator","player_choice":"Copied","floor":22.0,"gold_loss":0.0,"damage_taken":0.0,"cards_obtained":["FlawlessForm"]},{"damage_healed":0.0,"max_hp_gain":0.0,"max_hp_loss":0.0,"gold_gain":0.0,"cards_transformed":["Strike_S"],"event_name":"Transmorgrifier","player_choice":"Transformed","floor":5.0,"gold_loss":0.0,"damage_taken":0.0,"cards_obtained":["Read"]}],"is_beta":false,"boss_relics":[{"not_picked":["Fusion Hammer","aspiration:FutureDiary"],"picked":"Sozu"}],"items_purged_floors":[4,19,11],"is_endless":false,"potions_floor_spawned":[1,3,8,10,12,24,4,6,7,8,16],"ascension_level":2}}