{"host":"hcfgv6p6h0ubjkk0","time":1611207250,"event":{"mods":["AchievementEnabler","BaseMod","Beaked The Cultist","Highlight Path","Minty Spire (QoL Compilation)","Quick Restart","StSLib","The Cursed","The Elementalist","The Forsaken","The Poker Player"],"gold_per_floor":[114,124,49,65,11,11,37,37,61,61,76,76,76,76,76,181,181,193,193,243,253,268,268,268],"floor_reached":23,"language":"ENG","playtime":884,"items_purged":["theForsaken:TheForsaken_Strike"],"score":189,"play_id":"77adb3d6-f72c-48b0-9dac-1342fc0dcdae","local_time":"20210121053410","is_ascension_mode":false,"campfire_choices":[{"data":"theForsaken:FuryStrikes","floor":6,"key":"SMITH"},{"data":"theForsaken:Penitence","floor":8,"key":"SMITH"},{"floor":13,"key":"REST"},{"data":"theForsaken:Thunderbolt","floor":15,"key":"SMITH"}],"circlet_count":0,"master_deck":["theForsaken:TheForsaken_Strike","theForsaken:TheForsaken_Strike","theForsaken:TheForsaken_Strike","theForsaken:TheForsaken_Defend","theForsaken:TheForsaken_Defend","theForsaken:TheForsaken_Defend","theForsaken:TheForsaken_Defend","theForsaken:Smite","theForsaken:Penitence+1","theForsaken:Bolster","theForsaken:Thunderbolt+1","theForsaken:FuryStrikes+1","theForsaken:MagicWeapon+1","theForsaken:DarkRift","theForsaken:Mantra","theForsaken:QuickAttack"],"relics":["theForsaken:JudgementScales","NeowsBlessing","Potion Belt","Strawberry","Regal Pillow","beaked:SacredDeck"],"acts_visited":["Exordium","TheCity"],"potions_floor_usage":[16],"damage_taken":[{"damage":0,"enemies":"Small Slimes","floor":1,"turns":1},{"damage":0,"enemies":"Cultist","floor":2,"turns":1},{"damage":0,"enemies":"Jaw Worm","floor":4,"turns":1},{"damage":20,"enemies":"Gremlin Nob","floor":7,"turns":4},{"damage":31,"enemies":"Gremlin Gang","floor":11,"turns":6},{"damage":12,"enemies":"Slime Boss","floor":16,"turns":14},{"damage":50,"enemies":"Chosen","floor":18,"turns":6},{"damage":31,"enemies":"3 Byrds","floor":21,"turns":6},{"damage":98,"enemies":"Centurion and Healer","floor":22,"turns":15},{"damage":53,"enemies":"Slavers","floor":23,"turns":6}],"seed_played":"2169145776044622147","potions_obtained":[{"floor":2,"key":"Fire Potion"},{"floor":16,"key":"Fruit Juice"}],"is_trial":false,"path_per_floor":["M","M","$","M","$","R","E","R","T","$","M","?","R","?","R","B",null,"M","?","?","M","M","E"],"character_chosen":"THE_FORSAKEN","items_purchased":["theForsaken:FuryStrikes"],"campfire_rested":1,"item_purchase_floors":[5],"current_hp_per_floor":[65,65,65,65,65,65,47,47,54,54,28,10,46,46,46,48,77,62,62,62,67,41,0,0],"gold":268,"neow_bonus":"THREE_ENEMY_KILL","is_daily":false,"chose_seed":false,"campfire_upgraded":3,"win_rate":0.0,"timestamp":1611207250,"path_taken":["M","M","$","M","$","R","E","R","T","$","M","?","R","?","R","BOSS","M","?","?","M","?","E"],"items_purchased_type":["Card"],"build_version":"2020-12-22","purchased_purges":1,"victory":false,"max_hp_per_floor":[65,65,65,65,65,65,65,65,72,72,72,72,72,72,72,77,77,77,77,77,77,77,77,77],"card_choices":[{"not_picked":["theForsaken:NobleSacrifice","theForsaken:BattleHymn"],"picked":"theForsaken:Bolster","floor":1},{"not_picked":["theForsaken:FatRoll","theForsaken:HymnOfPatience"],"picked":"theForsaken:Thunderbolt","floor":2},{"not_picked":["theForsaken:BlessedWeapon","theForsaken:CreepingInfection","theForsaken:Tranquility"],"picked":"SKIP","floor":4},{"not_picked":["theForsaken:NobleSacrifice","theForsaken:ChargeAttack","theForsaken:SolarFlare"],"picked":"SKIP","floor":7},{"not_picked":["theForsaken:Eulogy","theForsaken:Thunderbolt"],"picked":"theForsaken:MagicWeapon","floor":11},{"not_picked":["theForsaken:Confusion","theForsaken:SpreadingPlague"],"picked":"theForsaken:DarkRift","floor":16},{"not_picked":["theForsaken:ShieldBash","theForsaken:DarkBargain"],"picked":"theForsaken:QuickAttack","floor":18},{"not_picked":["theForsaken:ShieldBash","theForsaken:StoreUp","theForsaken:BattleHymn"],"picked":"SKIP","floor":21},{"not_picked":["theForsaken:NobleSacrifice","theForsaken:PowerUp","theForsaken:SiphonStrike+1"],"picked":"SKIP","floor":22}],"player_experience":129294,"relics_obtained":[{"floor":7,"key":"Potion Belt"},{"floor":9,"key":"Strawberry"}],"event_choices":[{"damage_healed":0,"gold_gain":0,"player_choice":"Success","damage_taken":18,"relics_obtained":["Regal Pillow"],"max_hp_gain":0,"max_hp_loss":0,"event_name":"Scrap Ooze","floor":12,"gold_loss":0},{"damage_healed":0,"gold_gain":0,"player_choice":"Upgraded","damage_taken":0,"max_hp_gain":0,"max_hp_loss":0,"event_name":"Upgrade Shrine","floor":14,"gold_loss":0,"cards_upgraded":["theForsaken:MagicWeapon"]},{"damage_healed":0,"gold_gain":0,"player_choice":"Ignored","damage_taken":0,"max_hp_gain":0,"max_hp_loss":0,"event_name":"Ghosts","floor":19,"gold_loss":0},{"damage_healed":0,"gold_gain":100,"player_choice":"Bet on Murderer","damage_taken":0,"max_hp_gain":0,"max_hp_loss":0,"event_name":"The Joust","floor":20,"gold_loss":50}],"is_beta":false,"boss_relics":[{"not_picked":["SacredBark","theForsaken:ArmorOfThorns"],"picked":"beaked:SacredDeck"}],"items_purged_floors":[3],"is_endless":false,"potions_floor_spawned":[2,16],"killed_by":"Slavers","ascension_level":0}}