{"host":"ww43e47uorvpc6ve","time":1611267389,"event":{"mods":["Astrologer","BaseMod","Colored Map","Colored Powertips","Googly Eyes","Infinite Spire","Minty Spire (QoL Compilation)","Replay The Spire","Reworked Bosses","StSLib","The Hierophant","The Mystic"],"gold_per_floor":[109,109,109,30,46,46,82,99,151,151,151],"floor_reached":10,"language":"ENG","playtime":370,"items_purged":[],"score":91,"play_id":"f489ed3a-e268-4d77-af80-f441cd5c317d","local_time":"20210122011629","is_ascension_mode":false,"campfire_choices":[{"data":"hierophant:FieryStrike","floor":6,"key":"SMITH"}],"circlet_count":0,"master_deck":["hierophant:Strike_Hierophant","hierophant:Strike_Hierophant","hierophant:Strike_Hierophant","hierophant:Strike_Hierophant","hierophant:Punish","hierophant:Defend_Hierophant","hierophant:Defend_Hierophant","hierophant:Defend_Hierophant","hierophant:Defend_Hierophant","hierophant:ChurchCoffers","hierophant:OrnateBuckler+1","hierophant:FieryStrike+1","hierophant:FlamingChariot","hierophant:FlamingChariot","hierophant:PassingBell"],"relics":["hierophant:PropheticMaskRelic","NeowsBlessing","Ring of Fangs","ReplayTheSpireMod:Ring of Challenge","Replay:Mystery Machine","infinitespire:Beetle Shell"],"acts_visited":["Exordium"],"potions_floor_usage":[],"damage_taken":[{"damage":0,"enemies":"Small Slimes","floor":1,"turns":1},{"damage":0,"enemies":"Jaw Worm","floor":5,"turns":1},{"damage":0,"enemies":"Gremlin Nob","floor":7,"turns":1},{"damage":0,"enemies":"Cultist","floor":8,"turns":3},{"damage":25,"enemies":"Lagavulin","floor":10,"turns":4}],"seed_played":"-1398192787965394041","potions_obtained":[{"floor":7,"key":"FearPotion"}],"is_trial":false,"path_per_floor":["M","?","?","$","M","R","E","M","T","E"],"character_chosen":"HIEROPHANT","items_purchased":["hierophant:FieryStrike","hierophant:FlamingChariot"],"campfire_rested":0,"item_purchase_floors":[4,4],"current_hp_per_floor":[75,75,75,75,75,75,75,75,75,50,50],"gold":151,"neow_bonus":"THREE_ENEMY_KILL","is_daily":false,"chose_seed":false,"campfire_upgraded":1,"win_rate":0.0,"timestamp":1611267389,"path_taken":["M","?","?","$","?","R","E","M","T","E"],"items_purchased_type":["Card","Card"],"build_version":"2020-12-22","purchased_purges":0,"victory":false,"max_hp_per_floor":[75,75,75,75,75,75,75,75,75,75,75],"card_choices":[{"not_picked":["hierophant:PassingBell","hierophant:Community"],"picked":"hierophant:OrnateBuckler","floor":1},{"not_picked":["hierophant:Prophecy","hierophant:Zeal","hierophant:AuricBeam"],"picked":"SKIP","floor":5},{"not_picked":["hierophant:MintersHammer","hierophant:Charity"],"picked":"hierophant:PassingBell","floor":7},{"not_picked":["hierophant:Empathy","hierophant:OrnateBuckler","hierophant:Remorse"],"picked":"SKIP","floor":8}],"player_experience":2034,"relics_obtained":[{"floor":2,"key":"Ring of Fangs"},{"floor":2,"key":"ReplayTheSpireMod:Ring of Challenge"},{"floor":7,"key":"Replay:Mystery Machine"},{"floor":9,"key":"infinitespire:Beetle Shell"}],"event_choices":[{"damage_healed":0,"gold_gain":0,"player_choice":"Upgraded","damage_taken":0,"max_hp_gain":0,"max_hp_loss":0,"event_name":"Upgrade Shrine","floor":3,"gold_loss":0,"cards_upgraded":["hierophant:OrnateBuckler"]}],"is_beta":false,"boss_relics":[],"items_purged_floors":[],"is_endless":false,"potions_floor_spawned":[7],"killed_by":"Lagavulin","ascension_level":0}}