{"host":"gobyjzz6xbwq9f9i","time":1611270794,"event":{"mods":["AchievementEnabler","BaseMod","Bestiary","Colored Map","Minty Spire (QoL Compilation)"],"gold_per_floor":[12,26,26,26,26,26,60,71,71,71,71,84,128,153,153,284,284,300,225,246,246,246,246,19,19,19,19,57,57,83,102,102,206,206,226,226,226,235,256,256,295,295,331,331,359,379,10,53,53,53],"floor_reached":51,"language":"ENG","playtime":4522,"items_purged":[],"score":1114,"play_id":"b9dff346-619b-4366-b509-b68432e8c742","local_time":"20210121151314","is_ascension_mode":true,"campfire_choices":[{"data":"Footwork","floor":6.0,"key":"SMITH"},{"data":"Glass Knife","floor":10.0,"key":"SMITH"},{"data":"Neutralize","floor":15.0,"key":"SMITH"},{"data":"Malaise","floor":23.0,"key":"SMITH"},{"data":"Noxious Fumes","floor":25.0,"key":"SMITH"},{"data":"Envenom","floor":29.0,"key":"SMITH"},{"data":"Doppelganger","floor":32,"key":"SMITH"},{"data":"Adrenaline","floor":40,"key":"SMITH"},{"data":"Calculated Gamble","floor":42,"key":"SMITH"},{"data":"Dodge and Roll","floor":44,"key":"SMITH"},{"data":"Good Instincts","floor":49,"key":"SMITH"}],"circlet_count":0,"master_deck":["AscendersBane","Survivor","Neutralize+1","Backstab","Footwork+1","Glass Knife+1","PiercingWail","Dagger Throw","PiercingWail","Prepared","Malaise+1","Envenom+1","Concentrate","Heel Hook","Unload","Calculated Gamble+1","Unload","Distraction","Doppelganger+1","Venomology","Footwork+1","PiercingWail","Noxious Fumes+1","Malaise+1","Noxious Fumes+1","Dodge and Roll+1","Dodge and Roll+1","Adrenaline+1","PiercingWail","Good Instincts","Acrobatics+1","Concentrate+1","Regret","Good Instincts+1","Cloak And Dagger+1"],"relics":["Ring of the Snake","Pocketwatch","Bottled Tornado","Bloody Idol","Unceasing Top","Pandora\u0027s Box","DollysMirror","Bird Faced Urn","CeramicFish","Cursed Key","Oddly Smooth Stone","Orichalcum","Ornamental Fan","ClockworkSouvenir","Art of War","Ginger"],"acts_visited":["Exordium","TheCity","TheBeyond"],"potions_floor_usage":[33,33,45,46,50,50],"damage_taken":[{"damage":0.0,"enemies":"Jaw Worm","floor":1.0,"turns":6.0},{"damage":2.0,"enemies":"Cultist","floor":2.0,"turns":4.0},{"damage":22.0,"enemies":"3 Sentries","floor":7.0,"turns":16.0},{"damage":3.0,"enemies":"2 Louse","floor":8.0,"turns":2.0},{"damage":5.0,"enemies":"Blue Slaver","floor":12.0,"turns":4.0},{"damage":1.0,"enemies":"Gremlin Nob","floor":13.0,"turns":3.0},{"damage":5.0,"enemies":"Looter","floor":14.0,"turns":2.0},{"damage":10.0,"enemies":"The Guardian","floor":16.0,"turns":16.0},{"damage":2.0,"enemies":"Chosen","floor":18.0,"turns":4.0},{"damage":21.0,"enemies":"Spheric Guardian","floor":20.0,"turns":5.0},{"damage":36.0,"enemies":"Gremlin Leader","floor":28.0,"turns":7.0},{"damage":15.0,"enemies":"Cultist and Chosen","floor":30.0,"turns":7.0},{"damage":0,"enemies":"Centurion and Healer","floor":31,"turns":6},{"damage":24,"enemies":"Automaton","floor":33,"turns":11},{"damage":0,"enemies":"3 Darklings","floor":35,"turns":5},{"damage":13,"enemies":"Orb Walker","floor":39,"turns":5},{"damage":20,"enemies":"Reptomancer","floor":41,"turns":8},{"damage":2,"enemies":"Nemesis","floor":45,"turns":9},{"damage":2,"enemies":"Sphere and 2 Shapes","floor":46,"turns":6},{"damage":12,"enemies":"Reptomancer","floor":48,"turns":8},{"damage":44,"enemies":"Awakened One","floor":50,"turns":18}],"seed_played":"-7546430510196771172","potions_obtained":[{"floor":1.0,"key":"EntropicBrew"},{"floor":8.0,"key":"GamblersBrew"},{"floor":13.0,"key":"LiquidBronze"},{"floor":16.0,"key":"FairyPotion"},{"floor":30.0,"key":"GhostInAJar"},{"floor":33,"key":"SteroidPotion"},{"floor":45,"key":"EssenceOfSteel"}],"is_trial":false,"path_per_floor":["M","M","$","?","$","R","E","M","T","R","?","M","E","M","R","B",null,"M","?","M","?","?","R","$","R","T","?","E","R","M","M","R","B",null,"M","?","?","?","M","R","E","R","T","R","E","M","$","E","R","B",null],"character_chosen":"THE_SILENT","items_purchased":["Noxious Fumes","DollysMirror","ClockworkSouvenir","Good Instincts","Art of War"],"campfire_rested":0,"item_purchase_floors":[24,24,47,47,47],"current_hp_per_floor":[77,75,75,75,75,75,53,50,50,50,29,24,23,18,18,8,65,63,63,42,42,42,42,42,42,42,42,26,26,31,53,53,51,76,84,84,84,84,84,84,76,76,84,84,84,84,84,84,84,44],"gold":53,"neow_bonus":"TWENTY_PERCENT_HP_BONUS","is_daily":false,"chose_seed":false,"campfire_upgraded":11,"win_rate":0.0,"timestamp":1611270794,"path_taken":["M","M","$","?","?","R","E","?","T","R","?","M","E","M","R","BOSS","M","?","M","?","?","R","$","R","T","?","E","R","M","?","R","BOSS","M","?","?","?","M","R","E","R","T","R","E","M","$","E","R","BOSS"],"items_purchased_type":["Card","Relic","Relic","Card","Relic"],"build_version":"2020-12-22","purchased_purges":0,"victory":true,"max_hp_per_floor":[84,84,84,84,84,84,84,84,84,84,84,84,84,84,84,84,84,84,84,84,84,84,84,84,84,84,84,84,84,84,84,84,84,84,84,84,84,84,84,84,84,84,84,84,84,84,84,84,84,84],"card_choices":[{"not_picked":["Expertise","Sucker Punch"],"picked":"Backstab","floor":1.0},{"not_picked":["Slice","Bane"],"picked":"Footwork","floor":2.0},{"not_picked":["Blade Dance","Backflip"],"picked":"Glass Knife","floor":7.0},{"not_picked":["Acrobatics","Distraction"],"picked":"PiercingWail","floor":8.0},{"not_picked":["Deflect","Acrobatics"],"picked":"Dagger Throw","floor":12.0},{"not_picked":["Setup","Cloak And Dagger"],"picked":"PiercingWail","floor":13.0},{"not_picked":["Expertise","Slice"],"picked":"Prepared","floor":14.0},{"not_picked":["A Thousand Cuts","Storm of Steel"],"picked":"Malaise","floor":16.0},{"not_picked":["PiercingWail","Finisher"],"picked":"Footwork","floor":18.0},{"not_picked":["Dagger Spray","Cloak And Dagger"],"picked":"PiercingWail","floor":20.0},{"not_picked":["Setup","Underhanded Strike"],"picked":"Noxious Fumes+1","floor":28.0},{"not_picked":["Finisher+1","Riddle With Holes"],"picked":"Dodge and Roll+1","floor":30.0},{"not_picked":["Slice","Outmaneuver"],"picked":"Dodge and Roll","floor":31},{"not_picked":["Glass Knife","Malaise"],"picked":"Adrenaline","floor":33},{"not_picked":["Blade Dance+1","Accuracy+1"],"picked":"PiercingWail","floor":35},{"not_picked":["Violence","Forethought"],"picked":"Good Instincts","floor":38},{"not_picked":["Slice+1","Quick Slash"],"picked":"Acrobatics+1","floor":39},{"not_picked":["Backflip","Outmaneuver+1"],"picked":"Concentrate+1","floor":41},{"not_picked":["Flechettes+1","Deadly Poison","PiercingWail"],"picked":"SKIP","floor":45},{"not_picked":["Underhanded Strike+1","Blade Dance+1","Bane+1"],"picked":"SKIP","floor":46},{"not_picked":["Dagger Throw+1","Acrobatics"],"picked":"Cloak And Dagger+1","floor":48}],"player_experience":1105384,"relics_obtained":[{"floor":7.0,"key":"Pocketwatch"},{"floor":9.0,"key":"Bottled Tornado"},{"floor":13.0,"key":"Unceasing Top"},{"floor":26.0,"key":"Bird Faced Urn"},{"floor":28.0,"key":"CeramicFish"},{"floor":41,"key":"Oddly Smooth Stone"},{"floor":43,"key":"Orichalcum"},{"floor":45,"key":"Ornamental Fan"},{"floor":48,"key":"Ginger"}],"event_choices":[{"damage_healed":0.0,"max_hp_gain":0.0,"max_hp_loss":0.0,"gold_gain":0.0,"event_name":"Wheel of Change","player_choice":"Cursed","floor":4.0,"gold_loss":0.0,"damage_taken":0.0,"cards_obtained":["Decay"]},{"damage_healed":0.0,"max_hp_gain":0.0,"max_hp_loss":0.0,"gold_gain":0.0,"event_name":"Golden Idol","player_choice":"Take Damage","floor":11.0,"gold_loss":0.0,"damage_taken":21.0,"relics_obtained":["Golden Idol"]},{"cards_removed":["Decay"],"damage_healed":0.0,"max_hp_gain":0.0,"max_hp_loss":0.0,"gold_gain":0.0,"event_name":"Beggar","player_choice":"Gave Gold","floor":19.0,"gold_loss":75.0,"damage_taken":0.0},{"damage_healed":0.0,"max_hp_gain":0.0,"max_hp_loss":0.0,"gold_gain":0.0,"event_name":"Vampires","player_choice":"Ignored","floor":21.0,"gold_loss":0.0,"damage_taken":0.0},{"damage_healed":0.0,"max_hp_gain":0.0,"max_hp_loss":0.0,"gold_gain":0.0,"event_name":"Forgotten Altar","player_choice":"Gave Idol","floor":22.0,"relics_lost":["Golden Idol"],"gold_loss":0.0,"damage_taken":0.0,"relics_obtained":["Bloody Idol"]},{"damage_healed":0.0,"max_hp_gain":0.0,"max_hp_loss":0.0,"gold_gain":0.0,"event_name":"Accursed Blacksmith","player_choice":"Forge","floor":27.0,"gold_loss":0.0,"damage_taken":0.0,"cards_upgraded":["Footwork"]},{"damage_healed":0,"gold_gain":0,"player_choice":"Ignored","damage_taken":0,"max_hp_gain":0,"max_hp_loss":0,"event_name":"Mysterious Sphere","floor":36,"gold_loss":0},{"cards_removed":["Caltrops"],"damage_healed":0,"gold_gain":0,"player_choice":"Removed Power","damage_taken":0,"max_hp_gain":0,"max_hp_loss":0,"event_name":"Falling","floor":37,"gold_loss":0},{"damage_healed":0,"gold_gain":0,"player_choice":"Memory 1","damage_taken":0,"max_hp_gain":0,"max_hp_loss":0,"event_name":"SensoryStone","floor":38,"gold_loss":0}],"is_beta":false,"boss_relics":[{"not_picked":["Calling Bell","Fusion Hammer"],"picked":"Pandora\u0027s Box"},{"not_picked":["SlaversCollar","Runic Pyramid"],"picked":"Cursed Key"}],"items_purged_floors":[],"is_endless":false,"potions_floor_spawned":[1,8,13,16,30,31,33,35,39,45,46],"ascension_level":10}}