{"host":"syozzdlzcqop4jia","time":1611268406,"event":{"mods":["BaseMod","Colored Powertips","Minty Spire (QoL Compilation)","Quick Restart"],"gold_per_floor":[109,119,136,136,136,136,136,136,182,194,226,242,242,141,141,236,236,247,247,92,105,5,5,5,22,76,107,206,219,30,30,30,30,30],"floor_reached":33,"language":"ENG","playtime":2313,"items_purged":["Strike_R","Strike_R"],"score":289,"play_id":"d46e2436-8637-41d5-8a50-5e6c3235907a","local_time":"20210121233326","is_ascension_mode":true,"campfire_choices":[{"data":"Twin Strike","floor":6,"key":"SMITH"},{"data":"Anger","floor":8,"key":"SMITH"},{"floor":13,"key":"REST"},{"data":"Infernal Blade","floor":15,"key":"SMITH"},{"data":"Carnage","floor":23,"key":"SMITH"},{"floor":32,"key":"REST"}],"circlet_count":0,"master_deck":["Strike_R","Strike_R","Strike_R","Defend_R","Defend_R","Defend_R","Defend_R","Bash","Anger+1","Carnage+1","Twin Strike+1","Clash","Carnage+1","Infernal Blade+1","Wild Strike","Immolate+1","Armaments+1","Twin Strike+1","The Bomb"],"relics":["Black Blood","NeowsBlessing","Darkstone Periapt","Lantern","Paper Frog","TheAbacus","Centennial Puzzle","PreservedInsect","Enchiridion"],"acts_visited":["Exordium","TheCity"],"potions_floor_usage":[25,27],"damage_taken":[{"damage":0,"enemies":"Small Slimes","floor":1,"turns":1},{"damage":0,"enemies":"2 Louse","floor":2,"turns":1},{"damage":0,"enemies":"Cultist","floor":3,"turns":1},{"damage":14,"enemies":"Red Slaver","floor":10,"turns":2},{"damage":22,"enemies":"3 Sentries","floor":11,"turns":6},{"damage":11,"enemies":"Lots of Slimes","floor":12,"turns":3},{"damage":57,"enemies":"Hexaghost","floor":16,"turns":5},{"damage":6,"enemies":"Spheric Guardian","floor":18,"turns":3},{"damage":18,"enemies":"2 Thieves","floor":21,"turns":3},{"damage":7,"enemies":"3 Cultists","floor":25,"turns":5},{"damage":10,"enemies":"Gremlin Leader","floor":27,"turns":6},{"damage":25,"enemies":"Centurion and Healer","floor":29,"turns":4},{"damage":58,"enemies":"Champ","floor":33,"turns":8}],"seed_played":"-5707654888080806316","potions_obtained":[{"floor":2,"key":"Block Potion"},{"floor":3,"key":"ElixirPotion"},{"floor":10,"key":"Swift Potion"},{"floor":11,"key":"Block Potion"},{"floor":21,"key":"Explosive Potion"}],"is_trial":false,"path_per_floor":["M","M","M","?","?","R","?","R","T","M","E","M","R","$","R","B",null,"M","?","$","M","$","R","$","M","T","E","?","M","$","?","R","B"],"character_chosen":"IRONCLAD","items_purchased":["Wild Strike","TheAbacus","The Bomb"],"campfire_rested":2,"item_purchase_floors":[14,20,30],"current_hp_per_floor":[80,80,80,80,85,85,82,82,82,74,58,53,78,78,78,27,85,85,85,85,79,79,79,79,84,84,85,85,72,72,56,81,23,23],"gold":30,"neow_bonus":"THREE_ENEMY_KILL","is_daily":false,"chose_seed":false,"campfire_upgraded":4,"win_rate":0.0,"timestamp":1611268406,"path_taken":["M","M","M","?","?","R","?","R","T","M","E","M","R","$","R","BOSS","M","?","?","?","$","R","?","M","T","E","?","M","$","?","R","BOSS"],"items_purchased_type":["Card","Relic","Card"],"build_version":"2020-12-22","purchased_purges":2,"victory":false,"max_hp_per_floor":[80,80,80,80,85,85,85,85,85,85,85,85,85,85,85,85,85,85,85,85,85,85,85,85,85,85,85,85,85,85,85,85,85,85],"card_choices":[{"not_picked":["True Grit","Entrench"],"picked":"Anger","floor":1},{"not_picked":["Warcry","Sword Boomerang"],"picked":"Carnage","floor":2},{"not_picked":["Hemokinesis","Perfected Strike"],"picked":"Twin Strike","floor":3},{"not_picked":["Havoc","Searing Blow"],"picked":"Clash","floor":10},{"not_picked":["Hemokinesis","Sword Boomerang"],"picked":"Carnage","floor":11},{"not_picked":["Armaments","Wild Strike"],"picked":"Infernal Blade","floor":12},{"not_picked":["Barricade","Impervious"],"picked":"Immolate","floor":16},{"not_picked":["Sword Boomerang","Cleave"],"picked":"Armaments+1","floor":18},{"not_picked":["Wild Strike","Shrug It Off","Body Slam+1"],"picked":"SKIP","floor":21},{"not_picked":["Wild Strike","Shrug It Off","Body Slam+1"],"picked":"SKIP","floor":21},{"not_picked":["Havoc","True Grit+1","Perfected Strike"],"picked":"SKIP","floor":25},{"not_picked":["Entrench","Flex"],"picked":"Twin Strike+1","floor":27},{"not_picked":["Flame Barrier","Headbutt","Spot Weakness+1"],"picked":"SKIP","floor":29}],"player_experience":329171,"relics_obtained":[{"floor":9,"key":"Lantern"},{"floor":11,"key":"Paper Frog"},{"floor":26,"key":"Centennial Puzzle"},{"floor":27,"key":"PreservedInsect"},{"floor":31,"key":"Enchiridion"}],"event_choices":[{"damage_healed":0,"gold_gain":0,"player_choice":"Grow","damage_taken":0,"max_hp_gain":0,"max_hp_loss":0,"event_name":"Living Wall","floor":4,"gold_loss":0,"cards_upgraded":["Carnage"]},{"damage_healed":0,"gold_gain":0,"player_choice":"Donut","damage_taken":0,"max_hp_gain":5,"max_hp_loss":0,"event_name":"Big Fish","floor":5,"gold_loss":0},{"damage_healed":0,"gold_gain":0,"player_choice":"Success","damage_taken":3,"relics_obtained":["Darkstone Periapt"],"max_hp_gain":0,"max_hp_loss":0,"event_name":"Scrap Ooze","floor":7,"gold_loss":0},{"damage_healed":0,"gold_gain":0,"player_choice":"Upgraded","damage_taken":0,"max_hp_gain":0,"max_hp_loss":0,"event_name":"Upgrade Shrine","floor":19,"gold_loss":0,"cards_upgraded":["Immolate"]},{"damage_healed":0,"gold_gain":99,"player_choice":"Stole From Cult","damage_taken":0,"max_hp_gain":0,"max_hp_loss":0,"event_name":"Nest","floor":28,"gold_loss":0},{"damage_healed":0,"gold_gain":0,"player_choice":"Obtained Book","damage_taken":16,"max_hp_gain":0,"max_hp_loss":0,"event_name":"Cursed Tome","floor":31,"gold_loss":0}],"is_beta":false,"boss_relics":[{"not_picked":["Ectoplasm","Runic Dome"],"picked":"Black Blood"}],"items_purged_floors":[14,22],"is_endless":false,"potions_floor_spawned":[2,3,10,11,21],"killed_by":"Champ","ascension_level":2}}