{"host":"zrg8yzdwi219jxzu","time":1611207737,"event":{"mods":["BaseMod","Minty Spire (QoL Compilation)"],"gold_per_floor":[114,130,55,55,15,42,61,94,94,126,146,175,193,212,212,311,311,330,34,34,45,45,45,45],"floor_reached":23,"language":"ENG","playtime":849,"items_purged":["Strike_R","Strike_R"],"score":265,"play_id":"dbbc915b-c9f0-47a9-aa4b-b44bac6fd83f","local_time":"20210121004217","is_ascension_mode":true,"campfire_choices":[{"data":"1","floor":15,"key":"LIFT"}],"circlet_count":0,"master_deck":["Strike_R","Strike_R","Strike_R","Defend_R","Defend_R","Defend_R","Bash","Bludgeon","Flame Barrier+1","Cleave","Shrug It Off","Rupture","Feed","Limit Break","CurseOfTheBell","Demon Form","Mayhem","Writhe"],"relics":["Burning Blood","Smiling Mask","Bird Faced Urn","Eternal Feather","Matryoshka","Girya","Calling Bell","Red Skull","Meat on the Bone","Calipers","Ancient Tea Set"],"acts_visited":["Exordium","TheCity"],"potions_floor_usage":[6,8,12,12,18,23,23],"damage_taken":[{"damage":6,"enemies":"Small Slimes","floor":1,"turns":2},{"damage":0,"enemies":"2 Louse","floor":2,"turns":3},{"damage":15,"enemies":"Lagavulin","floor":6,"turns":3},{"damage":1,"enemies":"Cultist","floor":7,"turns":3},{"damage":5,"enemies":"3 Sentries","floor":8,"turns":6},{"damage":12,"enemies":"Gremlin Nob","floor":10,"turns":4},{"damage":6,"enemies":"Looter","floor":11,"turns":4},{"damage":24,"enemies":"Lagavulin","floor":12,"turns":6},{"damage":2,"enemies":"3 Louse","floor":13,"turns":2},{"damage":17,"enemies":"Exordium Thugs","floor":14,"turns":5},{"damage":35,"enemies":"Slime Boss","floor":16,"turns":13},{"damage":15,"enemies":"3 Byrds","floor":18,"turns":7},{"damage":38,"enemies":"Shell Parasite","floor":21,"turns":9},{"damage":63,"enemies":"Slavers","floor":23,"turns":3}],"seed_played":"779062733394615914","potions_obtained":[{"floor":1,"key":"Strength Potion"},{"floor":2,"key":"Ancient Potion"},{"floor":5,"key":"SneckoOil"},{"floor":5,"key":"Fire Potion"},{"floor":11,"key":"SpeedPotion"},{"floor":12,"key":"Block Potion"},{"floor":16,"key":"Dexterity Potion"},{"floor":18,"key":"Dexterity Potion"}],"is_trial":false,"path_per_floor":["M","M","$","?","?","E","M","E","T","E","M","E","M","M","R","B",null,"M","$","?","M","?","E"],"character_chosen":"IRONCLAD","items_purchased":["Demon Form","Mayhem"],"campfire_rested":0,"item_purchase_floors":[19,19],"current_hp_per_floor":[80,80,80,80,80,71,76,77,77,71,71,53,60,49,55,28,83,74,74,74,56,56,0,0],"gold":45,"neow_bonus":"TRANSFORM_CARD","is_daily":false,"chose_seed":false,"campfire_upgraded":0,"win_rate":0.0,"timestamp":1611207737,"path_taken":["M","M","$","?","?","E","?","E","T","E","M","E","M","M","R","BOSS","M","$","?","M","?","E"],"items_purchased_type":["Card","Card"],"build_version":"2020-12-22","purchased_purges":2,"victory":false,"max_hp_per_floor":[80,80,80,80,80,80,80,80,80,80,80,80,83,83,83,83,83,83,83,83,83,83,83,83],"card_choices":[{"not_picked":["Rage","Sword Boomerang"],"picked":"Flame Barrier","floor":1},{"not_picked":["Fire Breathing","Power Through"],"picked":"Cleave","floor":2},{"not_picked":["Headbutt","Twin Strike"],"picked":"Shrug It Off","floor":6},{"not_picked":["Anger","Twin Strike","Wild Strike"],"picked":"SKIP","floor":7},{"not_picked":["Wild Strike","Warcry"],"picked":"Rupture","floor":8},{"not_picked":["Fiend Fire","Thunderclap","Headbutt"],"picked":"SKIP","floor":10},{"not_picked":["Wild Strike","Pommel Strike","Body Slam"],"picked":"SKIP","floor":11},{"not_picked":["Entrench","Reckless Charge"],"picked":"Feed","floor":12},{"not_picked":["Twin Strike","Clothesline","Pommel Strike"],"picked":"SKIP","floor":13},{"not_picked":["Whirlwind","Feel No Pain","Clothesline"],"picked":"SKIP","floor":14},{"not_picked":["Exhume","Brutality"],"picked":"Limit Break","floor":16},{"not_picked":["Havoc","Whirlwind","Thunderclap"],"picked":"SKIP","floor":18},{"not_picked":["Dropkick","Iron Wave","Clothesline"],"picked":"SKIP","floor":21}],"player_experience":114110,"relics_obtained":[{"floor":6,"key":"Smiling Mask"},{"floor":8,"key":"Bird Faced Urn"},{"floor":9,"key":"Eternal Feather"},{"floor":10,"key":"Matryoshka"},{"floor":12,"key":"Girya"},{"floor":17,"key":"Red Skull"},{"floor":17,"key":"Meat on the Bone"},{"floor":17,"key":"Calipers"}],"event_choices":[{"damage_healed":0,"gold_gain":0,"player_choice":"Grow","damage_taken":0,"max_hp_gain":0,"max_hp_loss":0,"event_name":"Living Wall","floor":4,"gold_loss":0,"cards_upgraded":["Flame Barrier"]},{"damage_healed":0,"gold_gain":0,"player_choice":"Bought 3 Potions","damage_taken":0,"max_hp_gain":0,"max_hp_loss":0,"event_name":"The Woman in Blue","floor":5,"gold_loss":0},{"damage_healed":0,"gold_gain":0,"player_choice":"Opened","damage_taken":0,"relics_obtained":["Ancient Tea Set"],"max_hp_gain":0,"max_hp_loss":0,"event_name":"The Mausoleum","floor":20,"gold_loss":0,"cards_obtained":["Writhe"]},{"damage_healed":0,"gold_gain":0,"player_choice":"0 cards matched","damage_taken":0,"max_hp_gain":0,"max_hp_loss":0,"event_name":"Match and Keep!","floor":22,"gold_loss":0,"cards_obtained":[]}],"is_beta":false,"boss_relics":[{"not_picked":["Snecko Eye","Velvet Choker"],"picked":"Calling Bell"}],"items_purged_floors":[3,19],"is_endless":false,"potions_floor_spawned":[1,2,11,12,16,18],"killed_by":"Slavers","ascension_level":4}}