{"host":"840yoaz69lavfcgt","time":1611204513,"event":{"mods":["BaseMod","Colored Powertips","DeckTracker","Highlight Path","Minty Spire (QoL Compilation)","Synergy Search"],"gold_per_floor":[118,128,143,160,180,212,212,223,223,238,205,205,216,181,181,283,283,300,300,283,283,283],"floor_reached":21,"language":"ENG","playtime":1413,"items_purged":[],"score":185,"play_id":"9c21f2d7-11f0-4e35-a61a-1767a89b55f9","local_time":"20210120234833","is_ascension_mode":false,"campfire_choices":[{"floor":7.0,"key":"REST"},{"floor":12.0,"key":"REST"},{"data":"Zap","floor":15.0,"key":"SMITH"}],"circlet_count":0,"master_deck":["Strike_B","Strike_B","Strike_B","Strike_B","Defend_B","Defend_B","Defend_B","Defend_B","Zap+1","Dualcast","All For One","Ball Lightning","Leap","Steam Power","Coolheaded","Sweeping Beam","All For One","Stack","Rebound","Conserve Battery","Creative AI+1","CurseOfTheBell","Coolheaded+1","Beam Cell","Sweeping Beam"],"relics":["Cracked Core","Orichalcum","Frozen Egg 2","Calling Bell","Ancient Tea Set","Meat on the Bone","Ice Cream"],"acts_visited":["Exordium","TheCity"],"potions_floor_usage":[16],"damage_taken":[{"damage":0.0,"enemies":"Small Slimes","floor":1.0,"turns":4.0},{"damage":3.0,"enemies":"2 Louse","floor":2.0,"turns":2.0},{"damage":6.0,"enemies":"Jaw Worm","floor":3.0,"turns":3.0},{"damage":2.0,"enemies":"Blue Slaver","floor":4.0,"turns":3.0},{"damage":6.0,"enemies":"Red Slaver","floor":5.0,"turns":5.0},{"damage":41.0,"enemies":"Gremlin Nob","floor":6.0,"turns":5.0},{"damage":10.0,"enemies":"2 Fungi Beasts","floor":8.0,"turns":3.0},{"damage":0.0,"enemies":"Blue Slaver","floor":10.0,"turns":3.0},{"damage":5.0,"enemies":"3 Louse","floor":13.0,"turns":2.0},{"damage":51,"enemies":"Slime Boss","floor":16,"turns":12},{"damage":24,"enemies":"Chosen","floor":18,"turns":6},{"damage":22,"enemies":"2 Thieves","floor":20,"turns":4},{"damage":44,"enemies":"Masked Bandits","floor":21,"turns":3}],"seed_played":"4486800899071523806","potions_obtained":[{"floor":1.0,"key":"SneckoOil"},{"floor":4.0,"key":"Block Potion"},{"floor":8.0,"key":"SmokeBomb"},{"floor":16,"key":"SteroidPotion"}],"is_trial":false,"path_per_floor":["M","M","M","M","M","E","R","M","T","M","?","R","M","?","R","B",null,"M","?","M","?"],"character_chosen":"DEFECT","items_purchased":[],"campfire_rested":2,"item_purchase_floors":[],"current_hp_per_floor":[75,72,66,64,58,17,39,29,29,29,29,51,46,64,64,13,75,51,51,41,0,0],"gold":283,"neow_bonus":"ONE_RANDOM_RARE_CARD","is_daily":false,"chose_seed":false,"campfire_upgraded":1,"win_rate":0.0,"timestamp":1611204513,"path_taken":["M","M","M","M","M","E","R","M","T","M","?","R","M","?","R","BOSS","M","?","M","?"],"items_purchased_type":[],"build_version":"2020-12-22","purchased_purges":0,"victory":false,"max_hp_per_floor":[75,75,75,75,75,75,75,75,75,75,75,75,75,75,75,75,75,75,75,75,75,75],"card_choices":[{"not_picked":["Chill","Sweeping Beam"],"picked":"Ball Lightning","floor":1.0},{"not_picked":["Steam","Coolheaded"],"picked":"Leap","floor":2.0},{"not_picked":["Skim","Cold Snap"],"picked":"Steam Power","floor":3.0},{"not_picked":["Sweeping Beam","Ball Lightning"],"picked":"Coolheaded","floor":4.0},{"not_picked":["Consume","Hello World"],"picked":"Sweeping Beam","floor":5.0},{"not_picked":["Sunder","Fission"],"picked":"All For One","floor":6.0},{"not_picked":["Sweeping Beam","Fusion"],"picked":"Stack","floor":8.0},{"not_picked":["Reprogram","Ball Lightning"],"picked":"Rebound","floor":10.0},{"not_picked":["Go for the Eyes","Leap"],"picked":"Conserve Battery","floor":13.0},{"not_picked":["Core Surge","All For One"],"picked":"Creative AI+1","floor":16},{"not_picked":["Hologram+1","Turbo"],"picked":"Coolheaded+1","floor":18},{"not_picked":["Sunder","Chaos"],"picked":"Sweeping Beam","floor":20}],"player_experience":238132,"relics_obtained":[{"floor":6.0,"key":"Orichalcum"},{"floor":9.0,"key":"Frozen Egg 2"},{"floor":17,"key":"Ancient Tea Set"},{"floor":17,"key":"Meat on the Bone"},{"floor":17,"key":"Ice Cream"}],"event_choices":[{"damage_healed":0.0,"max_hp_gain":0.0,"max_hp_loss":0.0,"gold_gain":0.0,"event_name":"World of Goop","player_choice":"Left Gold","floor":11.0,"gold_loss":33.0,"damage_taken":0.0},{"damage_healed":18.0,"max_hp_gain":0.0,"max_hp_loss":0.0,"gold_gain":0.0,"event_name":"The Cleric","player_choice":"Healed","floor":14.0,"gold_loss":35.0,"damage_taken":0.0},{"damage_healed":0,"gold_gain":0,"player_choice":"Read","damage_taken":0,"max_hp_gain":0,"max_hp_loss":0,"event_name":"The Library","floor":19,"gold_loss":0,"cards_obtained":["Beam Cell"]},{"damage_healed":0,"gold_gain":0,"player_choice":"Fought Bandits","damage_taken":0,"max_hp_gain":0,"max_hp_loss":0,"event_name":"Masked Bandits","floor":21,"gold_loss":0}],"is_beta":false,"boss_relics":[{"not_picked":["Empty Cage","Pandora\u0027s Box"],"picked":"Calling Bell"}],"items_purged_floors":[],"is_endless":false,"potions_floor_spawned":[1,4,8,16],"killed_by":"Masked Bandits","ascension_level":0}}