{"host":"oehe2dxjvdgux73m","time":1611243351,"event":{"mods":["AchievementEnabler","BaseMod","Colored Map","Colored Powertips","DeckTracker","Keyboard Shortcuts","Minty Spire (QoL Compilation)","Permanent Neow","Quick Restart","StSLib","SuperFastMode"],"gold_per_floor":[113,126,51,64,80,80,94,94,94,19,44,44,44,62,62,134,134,145,145,165,177,197,197,197],"floor_reached":23,"language":"KOR","playtime":773,"items_purged":["Strike_R"],"score":341,"play_id":"dc9c94cd-bbf6-4ffa-9be9-1d3f4d3c7bbb","local_time":"20210122003551","is_ascension_mode":true,"campfire_choices":[{"data":"Armaments","floor":6.0,"key":"SMITH"},{"data":"Corruption","floor":12.0,"key":"SMITH"},{"data":"Pommel Strike","floor":15.0,"key":"SMITH"}],"circlet_count":0,"master_deck":["AscendersBane","Strike_R","Strike_R","Defend_R","Defend_R","Defend_R","Defend_R","Bash","Corruption+1","Pommel Strike+1","Clothesline","Armaments+1","Shrug It Off","Shockwave+1","Battle Trance+1","Impervious+1","CurseOfTheBell","Battle Trance+1","Seeing Red+1"],"relics":["Burning Blood","Toxic Egg 2","Shuriken","Calling Bell","Strawberry","HornCleat","FossilizedHelix"],"acts_visited":["Exordium","TheCity"],"potions_floor_usage":[22,22],"damage_taken":[{"damage":9.0,"enemies":"2 Louse","floor":1.0,"turns":4.0},{"damage":21.0,"enemies":"Small Slimes","floor":2.0,"turns":4.0},{"damage":15.0,"enemies":"Jaw Worm","floor":4.0,"turns":4.0},{"damage":24.0,"enemies":"3 Louse","floor":5.0,"turns":5.0},{"damage":9.0,"enemies":"Exordium Wildlife","floor":7.0,"turns":6.0},{"damage":28.0,"enemies":"Gremlin Nob","floor":11.0,"turns":5.0},{"damage":0.0,"enemies":"Blue Slaver","floor":14.0,"turns":4.0},{"damage":15.0,"enemies":"Slime Boss","floor":16.0,"turns":9.0},{"damage":13.0,"enemies":"3 Byrds","floor":18.0,"turns":8.0},{"damage":8.0,"enemies":"Spheric Guardian","floor":20.0,"turns":6.0},{"damage":7.0,"enemies":"Snecko","floor":21.0,"turns":6.0},{"damage":17,"enemies":"Shelled Parasite and Fungi","floor":22,"turns":7},{"damage":29,"enemies":"Slavers","floor":23,"turns":5}],"seed_played":"-5441150944222048826","potions_obtained":[{"floor":4.0,"key":"Dexterity Potion"},{"floor":11.0,"key":"Strength Potion"},{"floor":16.0,"key":"BloodPotion"},{"floor":21.0,"key":"BlessingOfTheForge"}],"is_trial":false,"path_per_floor":["M","M","?","M","M","R","M","?","T","$","E","R","?","M","R","B",null,"M","?","M","M","M","E"],"character_chosen":"IRONCLAD","items_purchased":[],"campfire_rested":0,"item_purchase_floors":[],"current_hp_per_floor":[65,50,50,41,23,23,20,45,45,45,23,23,16,22,22,13,67,60,60,58,73,62,33,33],"gold":197,"neow_bonus":"ONE_RANDOM_RARE_CARD","is_daily":false,"chose_seed":false,"campfire_upgraded":3,"win_rate":0.0,"timestamp":1611243351,"path_taken":["M","M","?","M","M","R","M","?","T","?","E","R","?","M","R","BOSS","M","?","M","M","M","E"],"items_purchased_type":[],"build_version":"2020-12-22","purchased_purges":1,"victory":false,"max_hp_per_floor":[75,75,75,75,75,75,75,75,75,75,75,75,75,75,75,75,82,82,82,82,82,82,82,82],"card_choices":[{"not_picked":["Clothesline","Warcry"],"picked":"Pommel Strike","floor":1.0},{"not_picked":["Sentinel","Anger"],"picked":"Clothesline","floor":2.0},{"not_picked":["Havoc","Uppercut"],"picked":"Armaments","floor":4.0},{"not_picked":["Perfected Strike","Feel No Pain"],"picked":"Shrug It Off","floor":5.0},{"not_picked":["Corruption","Rupture","Flex"],"picked":"SKIP","floor":7.0},{"not_picked":["Pommel Strike","Flex+1"],"picked":"Shockwave+1","floor":11.0},{"not_picked":["Flex+1","Pommel Strike"],"picked":"Battle Trance+1","floor":14.0},{"not_picked":["Bludgeon","Demon Form"],"picked":"Impervious+1","floor":16.0},{"not_picked":["Flex+1","Pommel Strike","Cleave"],"picked":"SKIP","floor":18.0},{"not_picked":["Shockwave+1","Iron Wave"],"picked":"Battle Trance+1","floor":20.0},{"not_picked":["Perfected Strike","Exhume+1"],"picked":"Seeing Red+1","floor":21.0},{"not_picked":["Anger+1","Headbutt","Seeing Red+1"],"picked":"SKIP","floor":22}],"player_experience":293198,"relics_obtained":[{"floor":9.0,"key":"Toxic Egg 2"},{"floor":11.0,"key":"Shuriken"},{"floor":17.0,"key":"Strawberry"},{"floor":17.0,"key":"HornCleat"},{"floor":17.0,"key":"FossilizedHelix"}],"event_choices":[{"cards_removed":["Strike_R"],"damage_healed":0.0,"max_hp_gain":0.0,"max_hp_loss":0.0,"gold_gain":0.0,"event_name":"The Cleric","player_choice":"Card Removal","floor":3.0,"gold_loss":75.0,"damage_taken":0.0},{"damage_healed":25.0,"max_hp_gain":0.0,"max_hp_loss":0.0,"gold_gain":0.0,"event_name":"Big Fish","player_choice":"Banana","floor":8.0,"gold_loss":0.0,"damage_taken":0.0},{"cards_removed":["Strike_R"],"damage_healed":0.0,"max_hp_gain":0.0,"max_hp_loss":0.0,"gold_gain":0.0,"event_name":"Golden Wing","player_choice":"Card Removal","floor":13.0,"gold_loss":0.0,"damage_taken":7.0},{"damage_healed":0.0,"max_hp_gain":0.0,"max_hp_loss":0.0,"gold_gain":0.0,"event_name":"Vampires","player_choice":"Ignored","floor":19.0,"gold_loss":0.0,"damage_taken":0.0}],"is_beta":false,"boss_relics":[{"not_picked":["SlaversCollar","Runic Cube"],"picked":"Calling Bell"}],"items_purged_floors":[10],"is_endless":false,"potions_floor_spawned":[4,11,14,16,21],"killed_by":"Slavers","ascension_level":15}}