{"host":"n6qxj7a4gnapjcui","time":1611251567,"event":{"mods":["2.2 Compatiblity","AchievementEnabler","BaseMod","Colored Map","Minty Spire (QoL Compilation)","Random Character Button","Rare Cards Sparkle"],"gold_per_floor":[118,137,148,159,178,189,224,224,248,278,228,31,31,41,41,136,186,199,199,10,10,86,86,86],"floor_reached":23,"language":"POL","playtime":1363,"items_purged":["Strike_R"],"score":283,"play_id":"67d99838-fc2c-4040-9e40-7e4420ac0847","local_time":"20210121185247","is_ascension_mode":true,"campfire_choices":[{"data":"Armaments","floor":8,"key":"SMITH"},{"data":"Bloodletting","floor":15,"key":"SMITH"}],"circlet_count":0,"master_deck":["Strike_R","Strike_R","Strike_R","Defend_R","Defend_R","Defend_R","Defend_R","Bash","Reckless Charge","Hemokinesis","Dropkick","Rampage","Flex","Armaments+1","Thunderclap","True Grit","Bloodletting+1","Berserk+1","Flex","Cleave+1","Disarm"],"relics":["Burning Blood","Sundial","Regal Pillow","Meat on the Bone","Tiny Chest","Tiny House","Membership Card","CultistMask","Mummified Hand"],"acts_visited":["Exordium","TheCity"],"potions_floor_usage":[7,7,10,16,23],"damage_taken":[{"damage":6,"enemies":"Cultist","floor":1,"turns":3},{"damage":9,"enemies":"Jaw Worm","floor":2,"turns":3},{"damage":0,"enemies":"2 Louse","floor":3,"turns":2},{"damage":8,"enemies":"Exordium Thugs","floor":4,"turns":3},{"damage":8,"enemies":"2 Fungi Beasts","floor":5,"turns":4},{"damage":14,"enemies":"Blue Slaver","floor":6,"turns":4},{"damage":2,"enemies":"Gremlin Nob","floor":7,"turns":2},{"damage":19,"enemies":"3 Sentries","floor":10,"turns":6},{"damage":16,"enemies":"Red Slaver","floor":14,"turns":2},{"damage":37,"enemies":"Hexaghost","floor":16,"turns":9},{"damage":51,"enemies":"Shell Parasite","floor":18,"turns":10},{"damage":107,"enemies":"Book of Stabbing","floor":23,"turns":8}],"seed_played":"3823054400172327458","potions_obtained":[{"floor":2,"key":"AttackPotion"},{"floor":4,"key":"FearPotion"},{"floor":7,"key":"AttackPotion"},{"floor":13,"key":"FairyPotion"},{"floor":13,"key":"FairyPotion"},{"floor":13,"key":"Swift Potion"},{"floor":17,"key":"HeartOfIron"}],"is_trial":false,"path_per_floor":["M","M","M","M","M","M","E","R","T","E","?","$","?","M","R","B",null,"M","?","$","?","T","E"],"character_chosen":"IRONCLAD","items_purchased":["BlessingOfTheForge","Tiny Chest","Membership Card"],"campfire_rested":0,"item_purchase_floors":[12,12,20],"current_hp_per_floor":[88,85,88,86,84,76,80,80,80,67,67,67,67,57,57,38,81,48,48,48,48,48,0,0],"gold":86,"neow_bonus":"TEN_PERCENT_HP_BONUS","is_daily":false,"chose_seed":false,"campfire_upgraded":2,"win_rate":0.0,"timestamp":1611251567,"path_taken":["M","M","M","M","M","?","E","R","T","E","?","$","?","M","R","BOSS","M","?","$","?","?","E"],"items_purchased_type":["Potion","Relic","Relic"],"build_version":"2020-12-22","purchased_purges":1,"victory":false,"max_hp_per_floor":[88,88,88,88,88,88,88,88,88,88,88,88,88,88,88,88,93,93,93,93,93,93,93,93],"card_choices":[{"not_picked":["Iron Wave","Heavy Blade"],"picked":"Reckless Charge","floor":1},{"not_picked":["Havoc","Anger"],"picked":"Hemokinesis","floor":2},{"not_picked":["Twin Strike","Spot Weakness"],"picked":"Dropkick","floor":3},{"not_picked":["Perfected Strike","Anger"],"picked":"Rampage","floor":4},{"not_picked":["Anger","Sword Boomerang"],"picked":"Flex","floor":5},{"not_picked":["Cleave","Anger"],"picked":"Armaments","floor":6},{"not_picked":["Exhume","Havoc"],"picked":"Thunderclap","floor":7},{"not_picked":["Shrug It Off","Iron Wave"],"picked":"True Grit","floor":10},{"not_picked":["Searing Blow","Twin Strike"],"picked":"Bloodletting","floor":14},{"not_picked":["Reaper","Brutality"],"picked":"Berserk","floor":16},{"not_picked":["Perfected Strike","Havoc"],"picked":"Flex","floor":17},{"not_picked":["Warcry","Perfected Strike"],"picked":"Cleave+1","floor":18}],"player_experience":280166,"relics_obtained":[{"floor":7,"key":"Sundial"},{"floor":9,"key":"Regal Pillow"},{"floor":10,"key":"Meat on the Bone"},{"floor":22,"key":"Mummified Hand"}],"event_choices":[{"cards_removed":["Strike_R"],"damage_healed":0,"gold_gain":0,"player_choice":"Card Removal","damage_taken":0,"max_hp_gain":0,"max_hp_loss":0,"event_name":"The Cleric","floor":11,"gold_loss":50},{"damage_healed":0,"gold_gain":0,"player_choice":"Got Potions","damage_taken":0,"max_hp_gain":0,"max_hp_loss":0,"event_name":"Lab","floor":13,"gold_loss":0},{"damage_healed":0,"gold_gain":0,"player_choice":"Read","damage_taken":0,"max_hp_gain":0,"max_hp_loss":0,"event_name":"The Library","floor":19,"gold_loss":0,"cards_obtained":["Disarm"]},{"damage_healed":0,"gold_gain":0,"player_choice":"Trade","damage_taken":0,"relics_obtained":["CultistMask"],"max_hp_gain":0,"max_hp_loss":0,"event_name":"FaceTrader","floor":21,"gold_loss":0}],"is_beta":false,"boss_relics":[{"not_picked":["Snecko Eye","Sozu"],"picked":"Tiny House"}],"items_purged_floors":[20],"is_endless":false,"potions_floor_spawned":[2,4,7,14],"killed_by":"Book of Stabbing","ascension_level":5}}