{"host":"5a3ojr29q3aeapfp","time":1611244826,"event":{"mods":["ATMod(∞¢Ë™Mod)","BaseMod","CapriCore","Colored Powertips","Downfall","GungeonMod","Hermit","Highlight Path","Koishi","Minty Spire (QoL Compilation)","Quick Restart","Remilia£®¿Ÿ√◊¿Ú—«£©","Spicy Shops","StSLib","The Cursed","The Immortal","The Marked","Youmu£®ªÍ∆«—˝√Œ£©","°æ“≈ŒÔø®≈∆°øREMEMod"],"gold_per_floor":[113,125,125,75,29,54,71,98,98,209,209,221,221,237,237,336,336,352,363,382,83,95,122,122,157,157,172,201,291,303,313,313,409,409,426,444,444,459,509,542,542,552,552,580,44,79,0,0,0,0],"floor_reached":51,"language":"ZHS","playtime":4383,"items_purged":[],"score":942,"play_id":"53c022a4-ae38-46df-9fba-54098abb6380","local_time":"20210122000026","is_ascension_mode":false,"campfire_choices":[{"data":"Mayhem","floor":13,"key":"SMITH"},{"data":"REME_Fury","floor":15,"key":"SMITH"},{"floor":24,"key":"REST"},{"data":"Barricade","floor":32,"key":"SMITH"},{"data":"AT_BreakingExtremeWeapon","floor":41,"key":"SMITH"},{"data":"AT_DiedThrough","floor":49,"key":"SMITH"}],"circlet_count":0,"master_deck":["Strike_R+1","Strike_R+1","Strike_R","Defend_R","Defend_R","Defend_R","Defend_R","Bash","Mayhem+1","AT_FamilyPortrait","Metallicize","AT_DiedThrough+1","Cleave","REME_Fury+1","Fire Breathing","Demon Form","Heavy Blade","REME_Scribble+1","Bloodletting+1","Sword Boomerang+1","Dropkick+1","Spot Weakness+1","Barricade+1","Cleave","Reaper","Cleave+1","Madness","Madness","AT_BreakingExtremeWeapon+1","REME_ACTH","Hemokinesis+1","Power Through+1","Seeing Red+1"],"relics":["Black Blood","REME_ComplimentaryCards","AT_ATBox","Bag of Marbles","AT_EbonyIvory","Lizard Tail","DemoMod:OrangeGuonStone","AntiCross","DemoMod:WhiteGuonStone","AT_BellDemon","HandDrill","DemoMod:LamentConfigurum","REME_LimitBreaker","Anchor","DemoMod:VorpalBullet","Red Skull","REME_LowDesire","DemoMod:ClearGuonStone","Happy Flower","Orichalcum","White Beast Statue","DemoMod:MonsterBlood","AT_GuinsooRageblade","Thread and Needle","Charon\u0027s Ashes","Bottled Tornado","Whetstone","AT_ChloranthyRing","Question Card","Blood Vial","StoneCalendar","Red Mask"],"acts_visited":["Exordium","TheCity","TheBeyond"],"potions_floor_usage":[10,16,16,22,33,35,38,46],"damage_taken":[{"damage":1,"enemies":"Cultist","floor":1,"turns":3},{"damage":0,"enemies":"Small Slimes","floor":2,"turns":1},{"damage":21,"enemies":"Gremlin Nob","floor":6,"turns":4},{"damage":0,"enemies":"2 Louse","floor":7,"turns":2},{"damage":17,"enemies":"3 Sentries","floor":8,"turns":7},{"damage":20,"enemies":"Gremlin Nob","floor":10,"turns":4},{"damage":7,"enemies":"Lots of Slimes","floor":12,"turns":3},{"damage":4,"enemies":"Large Slime","floor":14,"turns":3},{"damage":14,"enemies":"The Guardian","floor":16,"turns":5},{"damage":0,"enemies":"Chosen","floor":18,"turns":3},{"damage":31,"enemies":"2 Thieves","floor":19,"turns":3},{"damage":15,"enemies":"Centurion and Healer","floor":20,"turns":4},{"damage":18,"enemies":"Sentry and Sphere","floor":22,"turns":4},{"damage":36,"enemies":"Slavers","floor":23,"turns":4},{"damage":30,"enemies":"Book of Stabbing","floor":25,"turns":4},{"damage":17,"enemies":"Shelled Parasite and Fungi","floor":27,"turns":3},{"damage":23,"enemies":"Slavers","floor":28,"turns":4},{"damage":3,"enemies":"Cultist and Chosen","floor":30,"turns":2},{"damage":0,"enemies":"3 Cultists","floor":31,"turns":2},{"damage":18,"enemies":"Automaton","floor":33,"turns":5},{"damage":2,"enemies":"3 Darklings","floor":35,"turns":3},{"damage":46,"enemies":"3 Shapes","floor":36,"turns":4},{"damage":31,"enemies":"Transient","floor":38,"turns":5},{"damage":0,"enemies":"Mind Bloom Boss Battle","floor":39,"turns":4},{"damage":32,"enemies":"Nemesis","floor":40,"turns":3},{"damage":3,"enemies":"Spire Growth","floor":42,"turns":2},{"damage":2,"enemies":"Reptomancer","floor":44,"turns":3},{"damage":0,"enemies":"Nemesis","floor":46,"turns":1},{"damage":37,"enemies":"Time Eater","floor":50,"turns":7}],"seed_played":"-3313384980480863466","potions_obtained":[{"floor":2,"key":"Regen Potion"},{"floor":6,"key":"EssenceOfSteel"},{"floor":8,"key":"DemoMod:LeadSkinPotion"},{"floor":22,"key":"DuplicationPotion"},{"floor":28,"key":"bronze:BurnAndBuffPotion"},{"floor":31,"key":"champ:CounterPotion"},{"floor":36,"key":"ColorlessPotion"},{"floor":38,"key":"SteroidPotion"},{"floor":46,"key":"Fruit Juice"}],"is_trial":false,"path_per_floor":["M","M","?","?","$","E","M","E","T","E","?","M","R","M","R","B",null,"M","M","M","$","M","E","R","E","T","M","E","?","M","M","R","B",null,"M","M","?","M","?","E","R","M","T","E","$","E","?","?","R","B",null],"character_chosen":"IRONCLAD","items_purchased":["Cleave","AT_BellDemon","HandDrill","AT_ChloranthyRing","Question Card","Blood Vial"],"campfire_rested":1,"item_purchase_floors":[5,21,21,45,45,45],"current_hp_per_floor":[80,80,80,80,80,65,71,60,60,46,46,45,45,47,47,48,80,80,61,61,61,58,37,63,48,48,46,38,26,38,50,50,47,104,104,73,60,76,116,99,99,108,108,118,118,125,125,125,125,112],"gold":0,"neow_bonus":"RANDOM_COMMON_RELIC","is_daily":false,"chose_seed":false,"campfire_upgraded":5,"win_rate":0.0,"timestamp":1611244826,"path_taken":["M","M","?","?","$","E","M","E","T","E","?","M","R","M","R","BOSS","M","M","M","$","?","E","R","E","T","M","E","?","?","M","R","BOSS","M","M","?","M","?","E","R","?","T","E","$","E","?","?","R","BOSS"],"items_purchased_type":["Card","Relic","Relic","Relic","Relic","Relic"],"build_version":"2020-12-22","purchased_purges":0,"victory":true,"max_hp_per_floor":[80,80,80,80,80,80,80,80,80,80,80,80,80,80,80,80,80,80,80,83,83,86,89,89,92,92,95,98,98,101,101,101,104,104,104,107,107,117,117,120,120,120,120,120,120,125,125,125,125,125],"card_choices":[{"not_picked":["AT_BodySlamDance","Disarm"],"picked":"Metallicize","floor":1},{"not_picked":["Body Slam","Searing Blow"],"picked":"AT_DiedThrough","floor":2},{"not_picked":["AT_BodySlamDance","Shockwave"],"picked":"REME_Fury","floor":6},{"not_picked":["Iron Wave","Hemokinesis","AT_IchimonjiDouble"],"picked":"SKIP","floor":7},{"not_picked":["Iron Wave","AT_IchimonjiDouble","Anger"],"picked":"SKIP","floor":8},{"not_picked":["Power Through","Uppercut","Anger"],"picked":"SKIP","floor":10},{"not_picked":["Clash","Intimidate","Body Slam"],"picked":"SKIP","floor":12},{"not_picked":["Uppercut","Inflame"],"picked":"Fire Breathing","floor":14},{"not_picked":["REME_Fury","Offering"],"picked":"Demon Form","floor":16},{"not_picked":["AT_DiedThrough","Flex"],"picked":"Heavy Blade","floor":18},{"not_picked":["Warcry","Whirlwind+1"],"picked":"REME_Scribble+1","floor":19},{"not_picked":["Thunderclap","Flex"],"picked":"Bloodletting+1","floor":20},{"not_picked":["Metallicize+1","Blood for Blood"],"picked":"Sword Boomerang+1","floor":22},{"not_picked":["Pommel Strike","Sword Boomerang"],"picked":"Dropkick+1","floor":23},{"not_picked":["Body Slam","Dropkick"],"picked":"Spot Weakness+1","floor":25},{"not_picked":["True Grit","Flame Barrier+1","Hemokinesis"],"picked":"SKIP","floor":27},{"not_picked":["Shrug It Off+1","Sword Boomerang"],"picked":"Barricade","floor":28},{"not_picked":["DemoMod:BlackBlade","Warcry"],"picked":"Cleave","floor":30},{"not_picked":["Anger+1","Shockwave+1","Pommel Strike"],"picked":"SKIP","floor":31},{"not_picked":["Fiend Fire","REME_Fury"],"picked":"Reaper","floor":33},{"not_picked":["Anger","Heavy Blade","Trip"],"picked":"Cleave+1","floor":35},{"not_picked":["Metallicize+1","Anger","Rupture+1","REME_ProfessionalPlagiarism"],"picked":"SKIP","floor":36},{"not_picked":["Body Slam+1","Armaments","Carnage","Trip"],"picked":"SKIP","floor":38},{"not_picked":["Heavy Blade","AT_BodySlamDance","Seeing Red"],"picked":"AT_BreakingExtremeWeapon","floor":39},{"not_picked":["Heavy Blade","REME_Cut+1","REME_MagicPocketWatch"],"picked":"REME_ACTH","floor":40},{"not_picked":["Iron Wave+1","Twin Strike","The Bomb"],"picked":"Hemokinesis+1","floor":42},{"not_picked":["Thunderclap+1","Twin Strike+1","AT_FalsePromise"],"picked":"Power Through+1","floor":44},{"not_picked":["Armaments","Body Slam","Rampage","REME_TheoryOfElimination+1"],"picked":"Seeing Red+1","floor":46}],"player_experience":198455,"relics_obtained":[{"floor":6,"key":"Lizard Tail"},{"floor":8,"key":"DemoMod:OrangeGuonStone"},{"floor":9,"key":"AntiCross"},{"floor":10,"key":"DemoMod:WhiteGuonStone"},{"floor":23,"key":"DemoMod:LamentConfigurum"},{"floor":25,"key":"REME_LimitBreaker"},{"floor":26,"key":"Anchor"},{"floor":28,"key":"Red Skull"},{"floor":34,"key":"DemoMod:ClearGuonStone"},{"floor":34,"key":"Happy Flower"},{"floor":35,"key":"Orichalcum"},{"floor":36,"key":"White Beast Statue"},{"floor":38,"key":"DemoMod:MonsterBlood"},{"floor":39,"key":"Thread and Needle"},{"floor":40,"key":"Charon\u0027s Ashes"},{"floor":43,"key":"Bottled Tornado"},{"floor":44,"key":"Whetstone"},{"floor":46,"key":"StoneCalendar"}],"event_choices":[{"damage_healed":0,"gold_gain":0,"player_choice":"Box","damage_taken":0,"relics_obtained":["AT_EbonyIvory"],"max_hp_gain":0,"max_hp_loss":0,"event_name":"Big Fish","floor":3,"gold_loss":0,"cards_obtained":["Regret"]},{"cards_removed":["Regret"],"damage_healed":0,"gold_gain":0,"player_choice":"Card Removal","damage_taken":0,"max_hp_gain":0,"max_hp_loss":0,"event_name":"The Cleric","floor":4,"gold_loss":50},{"cards_removed":["Strike_R"],"damage_healed":0,"gold_gain":0,"player_choice":"Offered Basic","damage_taken":0,"max_hp_gain":0,"max_hp_loss":0,"event_name":"Bonfire Elementals","floor":11,"gold_loss":0},{"damage_healed":0,"gold_gain":90,"player_choice":"GOLD ","damage_taken":12,"max_hp_gain":0,"max_hp_loss":0,"event_name":"Knowing Skull","floor":29,"potions_obtained":[],"gold_loss":0,"cards_obtained":[]},{"damage_healed":0,"gold_gain":0,"player_choice":"Embrace Madness","damage_taken":13,"max_hp_gain":0,"max_hp_loss":0,"event_name":"Winding Halls","floor":37,"gold_loss":0,"cards_obtained":["Madness","Madness"]},{"damage_healed":0,"gold_gain":0,"player_choice":"Fight","damage_taken":0,"max_hp_gain":0,"max_hp_loss":0,"event_name":"MindBloom","floor":39,"gold_loss":0},{"damage_healed":0,"gold_gain":0,"player_choice":"Paid","damage_taken":0,"relics_obtained":["Red Mask"],"max_hp_gain":0,"max_hp_loss":0,"event_name":"Tomb of Lord Red Mask","floor":47,"gold_loss":79},{"cards_removed":["Strike_R"],"damage_healed":0,"gold_gain":0,"player_choice":"Removed Attack","damage_taken":0,"max_hp_gain":0,"max_hp_loss":0,"event_name":"Falling","floor":48,"gold_loss":0}],"is_beta":false,"boss_relics":[{"not_picked":["Busted Crown","bronze:MakeshiftBattery"],"picked":"Black Blood"},{"not_picked":["SlaversCollar","Snecko Eye"],"picked":"REME_LowDesire"}],"items_purged_floors":[],"is_endless":false,"potions_floor_spawned":[2,6,8,12,22,28,31,36,38,39,40,42,44,46],"ascension_level":0}}