{"host":"7l2t4psy44vpcd9q","time":1611246892,"event":{"mods":["AchievementEnabler","BaseMod","DeckTracker","Minty Spire (QoL Compilation)","SuperFastMode"],"gold_per_floor":[115,115,127,144,144,173,189,214,237,266,266,286,303,319,319,393,393,412,84,96,115,129,129,144,171,248,248,265,265,278,313,313,389,389,406,406,423,108,121,121,140,140,165,165,180,180,192,35,35,35,35],"floor_reached":52,"language":"KOR","playtime":3297,"items_purged":["Strike_P","Strike_P"],"score":1815,"play_id":"d5abc8a8-6f4b-499f-a72b-a3e24250e39f","local_time":"20210122013452","is_ascension_mode":true,"campfire_choices":[{"data":"Meditate","floor":11.0,"key":"SMITH"},{"data":"MentalFortress","floor":15.0,"key":"SMITH"},{"data":"SpiritShield","floor":23.0,"key":"SMITH"},{"floor":32.0,"key":"REST"},{"floor":40.0,"key":"REST"},{"data":"Eruption","floor":42.0,"key":"SMITH"},{"data":"Vault","floor":46.0,"key":"SMITH"},{"data":"TalkToTheHand","floor":49.0,"key":"SMITH"}],"circlet_count":0,"master_deck":["AscendersBane","Defend_P","Defend_P","Defend_P","Eruption+1","Vigilance","CrushJoints","TalkToTheHand+1","BowlingBash","FlurryOfBlows","CarveReality","Meditate+1","Indignation","MentalFortress+1","SashWhip","SpiritShield+1","Halt","FlurryOfBlows","TalkToTheHand","Halt","Perseverance","Decay","CutThroughFate+1","FearNoEvil","Vault+1","BowlingBash","TalkToTheHand","InnerPeace","Indignation+1"],"relics":["PureWater","CaptainsWheel","Shuriken","Bag of Preparation","Orichalcum","Smiling Mask","Runic Pyramid","Medical Kit","Girya","HornCleat","Sundial","Empty Cage","Akabeko","Art of War","Lee\u0027s Waffle"],"acts_visited":["Exordium","TheCity","TheBeyond"],"potions_floor_usage":[50],"damage_taken":[{"damage":1.0,"enemies":"Small Slimes","floor":1.0,"turns":3.0},{"damage":7.0,"enemies":"Cultist","floor":3.0,"turns":3.0},{"damage":0.0,"enemies":"Jaw Worm","floor":4.0,"turns":4.0},{"damage":2.0,"enemies":"3 Sentries","floor":6.0,"turns":5.0},{"damage":0.0,"enemies":"Exordium Wildlife","floor":7.0,"turns":2.0},{"damage":0.0,"enemies":"Lagavulin","floor":8.0,"turns":4.0},{"damage":4.0,"enemies":"3 Sentries","floor":10.0,"turns":3.0},{"damage":3.0,"enemies":"Blue Slaver","floor":12.0,"turns":4.0},{"damage":0.0,"enemies":"Large Slime","floor":13.0,"turns":2.0},{"damage":5.0,"enemies":"Gremlin Gang","floor":14.0,"turns":3.0},{"damage":13.0,"enemies":"Hexaghost","floor":16.0,"turns":7.0},{"damage":0.0,"enemies":"3 Byrds","floor":18.0,"turns":5.0},{"damage":0.0,"enemies":"Spheric Guardian","floor":20.0,"turns":4.0},{"damage":3.0,"enemies":"Snecko","floor":21.0,"turns":5.0},{"damage":6.0,"enemies":"Snake Plant","floor":22.0,"turns":6.0},{"damage":5.0,"enemies":"Sentry and Sphere","floor":24.0,"turns":5.0},{"damage":16.0,"enemies":"Slavers","floor":25.0,"turns":4.0},{"damage":0.0,"enemies":"Snecko","floor":28.0,"turns":5.0},{"damage":7.0,"enemies":"Shelled Parasite and Fungi","floor":30.0,"turns":4.0},{"damage":8.0,"enemies":"Book of Stabbing","floor":31.0,"turns":5.0},{"damage":28.0,"enemies":"Automaton","floor":33.0,"turns":8.0},{"damage":0.0,"enemies":"Orb Walker","floor":35.0,"turns":2.0},{"damage":1.0,"enemies":"3 Darklings","floor":37.0,"turns":4.0},{"damage":24.0,"enemies":"Sphere and 2 Shapes","floor":39.0,"turns":6.0},{"damage":8.0,"enemies":"Jaw Worm Horde","floor":41.0,"turns":4.0},{"damage":0.0,"enemies":"Maw","floor":45.0,"turns":6.0},{"damage":11.0,"enemies":"3 Darklings","floor":47.0,"turns":6.0},{"damage":30,"enemies":"Donu and Deca","floor":50,"turns":10},{"damage":36,"enemies":"Awakened One","floor":51,"turns":11}],"seed_played":"4004903638982492585","potions_obtained":[{"floor":3.0,"key":"FearPotion"},{"floor":4.0,"key":"Fire Potion"},{"floor":7.0,"key":"Ancient Potion"},{"floor":10.0,"key":"LiquidBronze"},{"floor":12.0,"key":"Fire Potion"},{"floor":18.0,"key":"Swift Potion"},{"floor":20.0,"key":"EntropicBrew"},{"floor":28.0,"key":"StancePotion"},{"floor":35.0,"key":"Weak Potion"},{"floor":39.0,"key":"ColorlessPotion"},{"floor":45.0,"key":"EssenceOfSteel"}],"is_trial":false,"path_per_floor":["M","?","M","M","?","E","M","E","T","E","R","M","M","M","R","B",null,"M","$","M","M","M","R","M","E","T","?","M","?","M","E","R","B",null,"M","?","M","$","M","R","M","R","T","?","M","R","M","$","R","B","B",null],"character_chosen":"WATCHER","items_purchased":["Medical Kit","Halt","Block Potion","Akabeko","BowlingBash","TalkToTheHand","Lee\u0027s Waffle"],"campfire_rested":2,"item_purchase_floors":[19,19,19,38,38,38,48],"current_hp_per_floor":[60,65,58,58,58,56,56,56,56,52,52,49,49,44,44,31,58,58,58,58,55,49,49,44,28,28,41,41,41,34,26,46,18,55,55,55,54,54,30,50,42,42,42,42,42,42,31,74,74,44,8],"gold":35,"neow_bonus":"ONE_RARE_RELIC","is_daily":false,"chose_seed":false,"campfire_upgraded":6,"win_rate":0.0,"timestamp":1611246892,"path_taken":["M","?","M","M","?","E","M","E","T","E","R","M","M","M","R","BOSS","M","$","?","M","M","R","M","E","T","?","M","?","M","E","R","BOSS","M","?","M","$","M","R","M","R","T","?","M","R","M","$","R","BOSS","BOSS"],"items_purchased_type":["Relic","Card","Potion","Relic","Card","Card","Relic"],"build_version":"2020-12-22","purchased_purges":2,"victory":true,"max_hp_per_floor":[62,67,67,67,67,67,67,67,67,67,67,67,67,67,67,67,67,67,67,67,67,67,67,67,67,67,67,67,67,67,67,67,67,67,67,67,67,67,67,67,67,67,67,67,67,67,67,74,74,74,74],"card_choices":[{"not_picked":["Prostrate","Study"],"picked":"CrushJoints","floor":1.0},{"not_picked":["Protect","Halt"],"picked":"TalkToTheHand","floor":3.0},{"not_picked":["Vengeance","Nirvana"],"picked":"BowlingBash","floor":4.0},{"not_picked":["DeusExMachina","BattleHymn"],"picked":"CarveReality","floor":6.0},{"not_picked":["FollowUp","Study","DeceiveReality"],"picked":"SKIP","floor":7.0},{"not_picked":["CutThroughFate","Wireheading"],"picked":"Meditate","floor":8.0},{"not_picked":["PathToVictory","ThirdEye"],"picked":"Indignation","floor":10.0},{"not_picked":["CutThroughFate","FollowUp"],"picked":"EmptyBody","floor":12.0},{"not_picked":["InnerPeace","DeceiveReality"],"picked":"MentalFortress","floor":13.0},{"not_picked":["CutThroughFate","PathToVictory"],"picked":"SashWhip","floor":14.0},{"not_picked":["Establishment","DeusExMachina"],"picked":"SpiritShield","floor":16.0},{"not_picked":["FollowUp","LikeWater","Study"],"picked":"SKIP","floor":18.0},{"not_picked":["Sanctity","BowlingBash","CrushJoints"],"picked":"SKIP","floor":20.0},{"not_picked":["EmptyBody","Perseverance"],"picked":"FlurryOfBlows","floor":21.0},{"not_picked":["Protect","Evaluate"],"picked":"TalkToTheHand","floor":22.0},{"not_picked":["Collect","SignatureMove","Study"],"picked":"SKIP","floor":24.0},{"not_picked":["CrushJoints","Consecrate"],"picked":"Halt","floor":25.0},{"not_picked":["Evaluate","Vengeance"],"picked":"Perseverance","floor":28.0},{"not_picked":["WindmillStrike","DeceiveReality"],"picked":"CutThroughFate+1","floor":30.0},{"not_picked":["Scrawl","Study"],"picked":"FearNoEvil","floor":31.0},{"not_picked":["Establishment","DeusExMachina"],"picked":"Vault","floor":33.0},{"not_picked":["EmptyFist","JustLucky","Fasting2+1"],"picked":"SKIP","floor":35.0},{"not_picked":["CrushJoints","Meditate","CutThroughFate"],"picked":"SKIP","floor":37.0},{"not_picked":["Fasting2","EmptyFist"],"picked":"InnerPeace","floor":39.0},{"not_picked":["CrushJoints","InnerPeace","SashWhip"],"picked":"SKIP","floor":41.0},{"not_picked":["LikeWater","MentalFortress"],"picked":"Indignation+1","floor":45.0},{"not_picked":["JustLucky","FollowUp","Indignation+1"],"picked":"SKIP","floor":47.0}],"player_experience":1274379,"relics_obtained":[{"floor":6.0,"key":"Shuriken"},{"floor":8.0,"key":"Bag of Preparation"},{"floor":9.0,"key":"Orichalcum"},{"floor":10.0,"key":"Smiling Mask"},{"floor":25.0,"key":"Girya"},{"floor":26.0,"key":"HornCleat"},{"floor":31.0,"key":"Sundial"},{"floor":43.0,"key":"Art of War"}],"event_choices":[{"damage_healed":0.0,"max_hp_gain":5.0,"max_hp_loss":0.0,"gold_gain":0.0,"event_name":"Big Fish","player_choice":"Donut","floor":2.0,"gold_loss":0.0,"damage_taken":0.0},{"damage_healed":0.0,"max_hp_gain":0.0,"max_hp_loss":0.0,"gold_gain":0.0,"cards_transformed":["Strike_P"],"event_name":"Transmorgrifier","player_choice":"Transformed","floor":5.0,"gold_loss":0.0,"damage_taken":0.0,"cards_obtained":["FlurryOfBlows"]},{"damage_healed":13.0,"max_hp_gain":0.0,"max_hp_loss":0.0,"gold_gain":0.0,"event_name":"The Library","player_choice":"Heal","floor":27.0,"gold_loss":0.0,"damage_taken":0.0},{"damage_healed":0.0,"max_hp_gain":0.0,"max_hp_loss":0.0,"gold_gain":0.0,"event_name":"Forgotten Altar","player_choice":"Smashed Altar","floor":29.0,"gold_loss":0.0,"damage_taken":0.0,"cards_obtained":["Decay"]},{"cards_removed":["EmptyBody"],"damage_healed":0.0,"max_hp_gain":0.0,"max_hp_loss":0.0,"gold_gain":0.0,"event_name":"Falling","player_choice":"Removed Skill","floor":36.0,"gold_loss":0.0,"damage_taken":0.0},{"damage_healed":0.0,"max_hp_gain":0.0,"max_hp_loss":0.0,"gold_gain":0.0,"event_name":"Mysterious Sphere","player_choice":"Ignored","floor":44.0,"gold_loss":0.0,"damage_taken":0.0}],"is_beta":false,"boss_relics":[{"not_picked":["HolyWater","VioletLotus"],"picked":"Runic Pyramid"},{"not_picked":["Calling Bell","Fusion Hammer"],"picked":"Empty Cage"}],"items_purged_floors":[19,38],"is_endless":false,"potions_floor_spawned":[3,4,7,10,12,18,20,24,28,35,39,45],"ascension_level":20}}