{"host":"urvvf8749ekcxo1a","time":1611269328,"event":{"mods":["AchievementEnabler","BaseMod","Better Sensory Stone","BetterRewards","Colored Powertips","Evolution","Gold Saver","Marisa????????","Minty Spire (QoL Compilation)","Quick Restart","StSLib","SuperFastMode","The Cursed","The Hierophant","The Saiyan","The Servant 0.9.4","The Wild Card"],"gold_per_floor":[214,234,247,247,247,247,265,276,276,276,289,314,63,338,338,440,440,458,95,120,120,137,137,156,156,156,156,156,156],"floor_reached":28,"language":"ENG","playtime":640,"items_purged":[],"score":218,"play_id":"bb43bbea-c992-4cc5-8c5b-3a74f8b61373","local_time":"20210121174848","is_ascension_mode":false,"campfire_choices":[{"data":"White Noise","floor":6.0,"key":"SMITH"},{"floor":10.0,"key":"REST"},{"floor":15.0,"key":"REST"},{"data":"Gash","floor":23,"key":"SMITH"},{"floor":25,"key":"REST"}],"circlet_count":0,"master_deck":["Cold Snap","Strike_B+1","Strike_B","Strike_B","Defend_B","Defend_B","Defend_B+1","Defend_B","Dualcast+1","White Noise+1","Go for the Eyes","Chaos+1","Pain","Go for the Eyes","Gash+1","Go for the Eyes","Regret","Amplify","Conserve Battery","Gash","Scrape","Clumsy","J.A.X.+1","Aggregate+1","Creative AI","Doubt"],"relics":["Cracked Core","EVO:Axolotl","WarpedTongs","StoneCalendar","WingedGreaves","Blue Candle","Cursed Key","Toxic Egg 2","War Paint","Symbiotic Virus"],"acts_visited":["Exordium","TheCity"],"potions_floor_usage":[28],"damage_taken":[{"damage":0.0,"enemies":"Cultist","floor":1.0,"turns":3.0},{"damage":2.0,"enemies":"2 Louse","floor":2.0,"turns":3.0},{"damage":8.0,"enemies":"Jaw Worm","floor":3.0,"turns":2.0},{"damage":19.0,"enemies":"Lots of Slimes","floor":7.0,"turns":5.0},{"damage":13.0,"enemies":"2 Fungi Beasts","floor":8.0,"turns":3.0},{"damage":4.0,"enemies":"Large Slime","floor":11.0,"turns":5.0},{"damage":25.0,"enemies":"Gremlin Nob","floor":12.0,"turns":4.0},{"damage":5.0,"enemies":"Hexaghost","floor":16.0,"turns":10.0},{"damage":18,"enemies":"Spheric Guardian","floor":18,"turns":5},{"damage":13,"enemies":"Shell Parasite","floor":22,"turns":5},{"damage":27,"enemies":"Snake Plant","floor":24,"turns":4},{"damage":45,"enemies":"3 Cultists","floor":28,"turns":4}],"seed_played":"1987671431415398325","potions_obtained":[{"floor":7.0,"key":"PowerPotion"},{"floor":8.0,"key":"DistilledChaos"},{"floor":11.0,"key":"BlessingOfTheForge"},{"floor":12.0,"key":"PowerPotion"},{"floor":22,"key":"DuplicationPotion"},{"floor":24,"key":"Block Potion"}],"is_trial":false,"path_per_floor":["M","M","M","?","?","R","M","M","T","R","M","E","$","?","R","B",null,"M","$","T","?","M","R","M","R","T","$","M"],"character_chosen":"DEFECT","items_purchased":["Blue Candle","Gash","Toxic Egg 2","Scrape"],"campfire_rested":3,"item_purchase_floors":[13,19,19,19],"current_hp_per_floor":[75,73,65,50,50,50,31,18,18,40,36,11,11,11,33,28,75,57,57,57,57,44,44,17,39,39,39,0,0],"gold":156,"neow_bonus":"TRANSFORM_CARD","is_daily":false,"chose_seed":false,"campfire_upgraded":2,"win_rate":0.0,"timestamp":1611269328,"path_taken":["M","?","M","?","?","R","?","M","T","R","M","E","?","?","R","BOSS","M","$","?","?","M","R","M","R","T","$","M"],"items_purchased_type":["Relic","Card","Relic","Card"],"build_version":"2020-12-22","purchased_purges":0,"victory":false,"max_hp_per_floor":[75,75,75,75,75,75,75,75,75,75,75,75,75,75,75,75,75,75,75,75,75,75,75,75,75,75,75,75,75],"card_choices":[{"not_picked":["Rebound","Coolheaded","Skim"],"picked":"SKIP","floor":1.0},{"not_picked":["Coolheaded","Lockon"],"picked":"Go for the Eyes","floor":2.0},{"not_picked":["Reinforced Body","Ball Lightning"],"picked":"Chaos","floor":3.0},{"not_picked":["Conserve Battery","Tempest"],"picked":"Go for the Eyes","floor":7.0},{"not_picked":["Hologram","Self Repair"],"picked":"Gash","floor":8.0},{"not_picked":["Steam","Rebound"],"picked":"Go for the Eyes","floor":11.0},{"not_picked":["Barrage","Auto Shields","Streamline"],"picked":"SKIP","floor":12.0},{"not_picked":["Fission","Machine Learning"],"picked":"Amplify","floor":16.0},{"not_picked":["Ball Lightning","Rebound+1"],"picked":"Conserve Battery","floor":18},{"not_picked":["Stack+1","Leap+1"],"picked":"Aggregate+1","floor":22},{"not_picked":["Stack+1","Barrage+1"],"picked":"Creative AI","floor":24}],"player_experience":130651,"relics_obtained":[{"floor":9.0,"key":"StoneCalendar"},{"floor":12.0,"key":"WingedGreaves"},{"floor":20,"key":"War Paint"},{"floor":26,"key":"Symbiotic Virus"}],"event_choices":[{"damage_healed":0.0,"max_hp_gain":0.0,"max_hp_loss":0.0,"gold_gain":0.0,"event_name":"Shining Light","player_choice":"Entered Light","floor":4.0,"gold_loss":0.0,"damage_taken":15.0,"cards_upgraded":["Strike_B","Dualcast"]},{"damage_healed":0.0,"max_hp_gain":0.0,"max_hp_loss":0.0,"gold_gain":0.0,"event_name":"Accursed Blacksmith","player_choice":"Rummage","floor":5.0,"gold_loss":0.0,"damage_taken":0.0,"relics_obtained":["WarpedTongs"],"cards_obtained":["Pain"]},{"damage_healed":0.0,"max_hp_gain":0.0,"max_hp_loss":0.0,"gold_gain":275.0,"event_name":"Golden Shrine","player_choice":"Desecrate","floor":14.0,"gold_loss":0.0,"damage_taken":0.0,"cards_obtained":["Regret"]},{"damage_healed":0,"gold_gain":0,"player_choice":"Obtain J.A.X.","damage_taken":0,"max_hp_gain":0,"max_hp_loss":0,"event_name":"Drug Dealer","floor":21,"gold_loss":0,"cards_obtained":["J.A.X."]}],"is_beta":false,"boss_relics":[{"not_picked":["Astrolabe","Coffee Dripper"],"picked":"Cursed Key"}],"items_purged_floors":[],"is_endless":false,"potions_floor_spawned":[7,8,11,12,22,24],"killed_by":"3 Cultists","ascension_level":0}}