{"host":"9cyo9hnjhojz9htx","time":1611237528,"event":{"mods":["ATMod(°¢èªMod)","BaseMod","Colored Powertips","Downfall","Hermit","Lobotomy","Minty Spire (QoL Compilation)","Spicy Shops","StSLib","The Blackbeard","The Gatherer","¡¾ÒÅÎï¿¨ÅÆ¡¿REMEMod"],"gold_per_floor":[110,110,43,62,81,113,113,143,168,168,168,168],"floor_reached":10,"language":"ZHS","playtime":900,"items_purged":[],"score":101,"play_id":"bb3f8587-81fc-4e60-87a3-d94a852c93f4","local_time":"20210121215848","daily_mods":["Heirloom","Time Dilation","Flight","Elite Swarm"],"is_ascension_mode":false,"metric_token":789,"campfire_choices":[{"data":"Gatherer:ColorfulGarden","floor":7,"key":"SMITH"}],"circlet_count":0,"master_deck":["Gatherer:Strike_Gatherer","Gatherer:Strike_Gatherer","Gatherer:Strike_Gatherer","Gatherer:Strike_Gatherer","Gatherer:Strike_Gatherer","Gatherer:Defend_Gatherer","Gatherer:Defend_Gatherer","Gatherer:Defend_Gatherer","Gatherer:Defend_Gatherer+1","Gatherer:Defend_Gatherer","Gatherer:Centralize+1","Gatherer:FlowerWhip","AT_WarpDrive","Gatherer:RecoveryHerb","Gatherer:PoisonMastery","Gatherer:ScherryThrow","Gatherer:BalancedGrowth","Gatherer:BambuSword","Gatherer:ColorfulGarden+1","Gatherer:Overflowing"],"relics":["Gatherer:AlchemyBag","AT_ATBox","REME_ComplimentaryCards","Bird Faced Urn","Pear","War Paint","AT_ChloranthyRing"],"acts_visited":["Exordium"],"potions_floor_usage":[5,8],"damage_taken":[{"damage":5,"enemies":"Small Slimes","floor":1,"turns":4},{"damage":0,"enemies":"Cultist","floor":4,"turns":2},{"damage":9,"enemies":"Jaw Worm","floor":5,"turns":2},{"damage":48,"enemies":"3 Sentries","floor":6,"turns":13},{"damage":35,"enemies":"Lagavulin","floor":8,"turns":8},{"damage":32,"enemies":"3 Sentries","floor":10,"turns":6}],"seed_played":"-2409616887171392122","potions_obtained":[{"floor":4,"key":"AttackPotion"},{"floor":6,"key":"BottledMiracle"}],"is_trial":true,"path_per_floor":["M","?","$","M","M","E","R","E","T","E"],"character_chosen":"THE_GATHERER","items_purchased":["Gatherer:PoisonMastery","Gatherer:ScherryThrow"],"campfire_rested":0,"item_purchase_floors":[3,3],"current_hp_per_floor":[67,82,82,82,73,44,44,21,21,0,0,0],"gold":168,"neow_bonus":"","is_daily":false,"chose_seed":false,"campfire_upgraded":1,"win_rate":0.0,"timestamp":1611237528,"path_taken":["M","?","?","?","M","E","R","E","T","E"],"items_purchased_type":["Card","Card"],"build_version":"2020-12-22","purchased_purges":0,"victory":false,"max_hp_per_floor":[72,82,82,82,82,92,92,92,92,92,92,92],"card_choices":[{"not_picked":["Gatherer:TacticalStrike","Gatherer:ScherryThrow"],"picked":"Gatherer:RecoveryHerb","floor":1},{"not_picked":["Gatherer:ScentOfRosmari","Gatherer:GatherMaterial"],"picked":"Gatherer:BalancedGrowth","floor":4},{"not_picked":["Gatherer:Convert","Gatherer:WoolGloves"],"picked":"Gatherer:BambuSword","floor":5},{"not_picked":["Gatherer:LuckyClover","Gatherer:GrowBook"],"picked":"Gatherer:ColorfulGarden","floor":6},{"not_picked":["Gatherer:CursedBlade","Gatherer:Examine"],"picked":"Gatherer:Overflowing","floor":8}],"player_experience":158676,"relics_obtained":[{"floor":6,"key":"Pear"},{"floor":8,"key":"War Paint"},{"floor":9,"key":"AT_ChloranthyRing"}],"event_choices":[{"cards_removed":["blackbeard:BountyHunter"],"damage_healed":5,"gold_gain":0,"player_choice":"Offered Rare","damage_taken":0,"max_hp_gain":10,"max_hp_loss":0,"event_name":"Bonfire Elementals","floor":2,"gold_loss":0}],"is_beta":false,"boss_relics":[],"items_purged_floors":[],"is_endless":true,"potions_floor_spawned":[4,6],"killed_by":"3 Sentries","ascension_level":0}}