{"host":"r10yh36zs2k9z1sa","time":1611236489,"event":{"mods":["Astrologer","BaseMod","Colored Map","Hermit","Marisa¡]Ãú«B¡@Å]²z¨F¡^","Minty Spire (QoL Compilation)","Permanent Neow","Remilia¡]Á¢¦Ì²ú?¡^","StSLib","The Animator","The Bug Knight","The Cursed","The Gatherer","The Hierophant","The Necromancer","The Runesmith","The Servant 0.9.4"],"gold_per_floor":[366,386,405,405,12,42,42,70,94,106,181,181,181,200,200,296,296,315,315,326,326],"floor_reached":20,"language":"ZHS","playtime":1842,"items_purged":["Runesmith:Strike_RS"],"score":194,"play_id":"36692a95-eec3-4a68-a2ad-d10eccd264c4","local_time":"20210121214129","is_ascension_mode":false,"campfire_choices":[{"data":"Runesmith:Firestorm","floor":7,"key":"SMITH"},{"floor":15,"key":"REST"}],"circlet_count":0,"master_deck":["Runesmith:Strike_RS","Runesmith:Defend_RS","Runesmith:Defend_RS","Runesmith:Defend_RS","Runesmith:Defend_RS","Runesmith:CraftFirestone+1","Runesmith:Fortify","Runesmith:StaticCage","Runesmith:Discharge","Runesmith:Firestorm+1","Runesmith:ChaoticBlast","Runesmith:PoweredAnvil","Runesmith:ChiselStab","Runesmith:CraftPrismatica","Runesmith:CraftMagma","Runesmith:Firewall","Runesmith:CraftMedicinae","Runesmith:EnergizedChisel"],"relics":["Runesmith:BrokenRuby","Happy Flower","Juzu Bracelet","HollowMod:PaleOreRelic","Toy Ornithopter","Runesmith:UraniumAnvil"],"acts_visited":["Exordium","TheCity"],"potions_floor_usage":[12,16,20],"damage_taken":[{"damage":0,"enemies":"Jaw Worm","floor":1,"turns":4},{"damage":2,"enemies":"Small Slimes","floor":2,"turns":5},{"damage":0,"enemies":"Cultist","floor":3,"turns":3},{"damage":24,"enemies":"Gremlin Nob","floor":6,"turns":6},{"damage":6,"enemies":"Lagavulin","floor":8,"turns":7},{"damage":0,"enemies":"Gremlin Gang","floor":10,"turns":4},{"damage":0,"enemies":"3 Sentries","floor":12,"turns":2},{"damage":0,"enemies":"3 Louse","floor":14,"turns":2},{"damage":7,"enemies":"Slime Boss","floor":16,"turns":6},{"damage":2,"enemies":"Shell Parasite","floor":18,"turns":6},{"damage":6,"enemies":"3 Byrds","floor":20,"turns":6}],"seed_played":"-1238213810242637780","potions_obtained":[{"floor":1,"key":"SmokeBomb"},{"floor":8,"key":"SpeedPotion"},{"floor":16,"key":"Block Potion"},{"floor":18,"key":"SteroidPotion"},{"floor":20,"key":"Regen Potion"}],"is_trial":false,"path_per_floor":["M","M","M","?","$","E","R","E","T","M","?","E","?","M","R","B",null,"M","?","M"],"character_chosen":"RUNESMITH_CLASS","items_purchased":["Runesmith:ChaoticBlast","Happy Flower","Runesmith:PoweredAnvil","Runesmith:ChiselStab"],"campfire_rested":1,"item_purchase_floors":[5,5,5,5],"current_hp_per_floor":[63,61,61,54,54,30,30,24,24,24,18,23,23,23,41,39,63,61,61,57,57],"gold":326,"neow_bonus":"TWO_FIFTY_GOLD","is_daily":false,"chose_seed":false,"campfire_upgraded":1,"win_rate":0.0,"timestamp":1611236489,"path_taken":["M","M","M","?","$","E","R","E","T","M","?","E","?","M","R","BOSS","M","?","M"],"items_purchased_type":["Card","Relic","Card","Card"],"build_version":"2020-12-22","purchased_purges":1,"victory":false,"max_hp_per_floor":[63,63,63,63,63,63,63,63,63,63,63,63,63,63,63,63,63,63,63,63,63],"card_choices":[{"not_picked":["Runesmith:HammerThrow","Runesmith:CraftMagma"],"picked":"Runesmith:StaticCage","floor":1},{"not_picked":["Runesmith:UnstableHammer","Runesmith:Accelerate"],"picked":"Runesmith:Discharge","floor":2},{"not_picked":["Runesmith:HeatExchange","Runesmith:ShiftingStrike"],"picked":"Runesmith:Firestorm","floor":3},{"not_picked":["Runesmith:ElementalConversion","Runesmith:Reinforce"],"picked":"Runesmith:CraftPrismatica","floor":6},{"not_picked":["Runesmith:Superposition","Runesmith:Refine"],"picked":"Runesmith:CraftMagma","floor":8},{"not_picked":["Runesmith:StaticCage","Runesmith:ChiselStab","Runesmith:NegativeSpace"],"picked":"SKIP","floor":10},{"not_picked":["Runesmith:UnstableHammer","Runesmith:HeatedChisel"],"picked":"Runesmith:Firewall","floor":14},{"not_picked":["Runesmith:DuctTape","Runesmith:GrandSlam"],"picked":"Runesmith:CraftMedicinae","floor":16},{"not_picked":["Runesmith:EarthShield","Runesmith:MakeshiftArmor"],"picked":"Runesmith:EnergizedChisel","floor":18}],"player_experience":280658,"relics_obtained":[{"floor":6,"key":"Juzu Bracelet"},{"floor":8,"key":"HollowMod:PaleOreRelic"},{"floor":9,"key":"Toy Ornithopter"}],"event_choices":[{"cards_removed":["Runesmith:Strike_RS"],"damage_healed":0,"gold_gain":0,"player_choice":"Card Removal","damage_taken":7,"max_hp_gain":0,"max_hp_loss":0,"event_name":"Golden Wing","floor":4,"gold_loss":0},{"damage_healed":0,"gold_gain":75,"player_choice":"Touch","damage_taken":6,"max_hp_gain":0,"max_hp_loss":0,"event_name":"FaceTrader","floor":11,"gold_loss":0},{"damage_healed":0,"gold_gain":0,"player_choice":"Upgraded","damage_taken":0,"max_hp_gain":0,"max_hp_loss":0,"event_name":"Upgrade Shrine","floor":13,"gold_loss":0,"cards_upgraded":["Runesmith:CraftFirestone"]},{"cards_removed":["Runesmith:Strike_RS"],"damage_healed":0,"gold_gain":0,"player_choice":"Elegance","damage_taken":0,"max_hp_gain":0,"max_hp_loss":0,"event_name":"Back to Basics","floor":19,"gold_loss":0}],"is_beta":false,"boss_relics":[{"not_picked":["Velvet Choker","Runic Pyramid"],"picked":"Runesmith:UraniumAnvil"}],"items_purged_floors":[5],"is_endless":false,"potions_floor_spawned":[1,8,16,18,20],"killed_by":"3 Byrds","ascension_level":0}}