{"host":"sav7uxregyirlf69","time":1611213790,"event":{"mods":["AchievementEnabler","BaseMod","Colored Map","DeckTracker","Keyboard Shortcuts","Minty Spire (QoL Compilation)","READ ME - Guardian Mod","StSLib","SuperFastMode"],"gold_per_floor":[109,25,25,25,36,36,71,84,155,187,187,203,218,228,228,299,299,273,287,287,303,17,49,49,78,104,133,33,48,66,99,99,173,173,186,76,76,76,96,96,128,128,151,183,200,228,247,280,280,280,280,280,280,61,92,92],"floor_reached":57,"language":"KOR","playtime":2002,"items_purged":["Strike_G","Strike_G"],"score":3420,"play_id":"37ded6eb-2c39-4133-9d7b-96d552cb88ae","local_time":"20210121162310","is_ascension_mode":true,"campfire_choices":[{"data":"Noxious Fumes","floor":6,"key":"SMITH"},{"data":"Tactician","floor":15,"key":"SMITH"},{"data":"Acrobatics","floor":24,"key":"SMITH"},{"data":"Cloak And Dagger","floor":32,"key":"SMITH"},{"data":"Well Laid Plans","floor":40,"key":"SMITH"},{"data":"Finesse","floor":42,"key":"SMITH"},{"floor":49,"key":"RECALL"},{"data":"After Image","floor":53,"key":"SMITH"}],"circlet_count":0,"master_deck":["AscendersBane","Strike_G","Strike_G","Defend_G","Defend_G","Defend_G","Defend_G+1","Defend_G","Survivor","Neutralize","Tactician+1","Noxious Fumes+1","Crippling Poison","Backflip","Calculated Gamble","Acrobatics+1","Blade Dance","After Image+1","Cloak And Dagger+1","Dodge and Roll+1","Finesse+1","Blade Dance","Well Laid Plans+1","Adrenaline","Acrobatics+1","Prepared+1","After Image"],"relics":["Ring of the Snake","NeowsBlessing","Lantern","PreservedInsect","Ornamental Fan","Kunai","Boot","Coffee Dripper","Bronze Scales","Orichalcum","Potion Belt","Gremlin Horn","Shuriken","Busted Crown","Gambling Chip","Omamori","Singing Bowl","Bag of Preparation","Pen Nib","ClockworkSouvenir","Nunchaku"],"acts_visited":["Exordium","TheCity","TheBeyond","TheEnding"],"potions_floor_usage":[10,16,27,33,51,56,56,56,56],"damage_taken":[{"damage":0,"enemies":"2 Louse","floor":1,"turns":1},{"damage":0,"enemies":"Jaw Worm","floor":5,"turns":1},{"damage":0,"enemies":"Gremlin Nob","floor":7,"turns":1},{"damage":0,"enemies":"Cultist","floor":8,"turns":4},{"damage":5,"enemies":"3 Sentries","floor":10,"turns":6},{"damage":0,"enemies":"Looter","floor":12,"turns":4},{"damage":3,"enemies":"Blue Slaver","floor":13,"turns":5},{"damage":12,"enemies":"Exordium Thugs","floor":14,"turns":5},{"damage":5,"enemies":"The Guardian","floor":16,"turns":11},{"damage":0,"enemies":"2 Thieves","floor":18,"turns":4},{"damage":0,"enemies":"3 Byrds","floor":19,"turns":5},{"damage":0,"enemies":"3 Cultists","floor":21,"turns":5},{"damage":11,"enemies":"Gremlin Leader","floor":23,"turns":6},{"damage":0,"enemies":"Book of Stabbing","floor":25,"turns":4},{"damage":0,"enemies":"Slavers","floor":27,"turns":4},{"damage":5,"enemies":"Shelled Parasite and Fungi","floor":29,"turns":4},{"damage":0,"enemies":"Snecko","floor":30,"turns":7},{"damage":0,"enemies":"Gremlin Leader","floor":31,"turns":5},{"damage":1,"enemies":"Collector","floor":33,"turns":6},{"damage":0,"enemies":"3 Shapes","floor":35,"turns":4},{"damage":0,"enemies":"3 Darklings","floor":39,"turns":3},{"damage":0,"enemies":"Giant Head","floor":41,"turns":4},{"damage":0,"enemies":"Nemesis","floor":44,"turns":5},{"damage":0,"enemies":"Writhing Mass","floor":45,"turns":6},{"damage":4,"enemies":"Giant Head","floor":46,"turns":5},{"damage":0,"enemies":"Maw","floor":47,"turns":5},{"damage":0,"enemies":"Nemesis","floor":48,"turns":4},{"damage":0,"enemies":"Donu and Deca","floor":50,"turns":8},{"damage":36,"enemies":"Time Eater","floor":51,"turns":11},{"damage":0,"enemies":"Shield and Spear","floor":55,"turns":5},{"damage":27,"enemies":"The Heart","floor":56,"turns":7}],"seed_played":"-3496842097888834138","potions_obtained":[{"floor":1,"key":"Block Potion"},{"floor":7,"key":"ColorlessPotion"},{"floor":13,"key":"PowerPotion"},{"floor":19,"key":"BlessingOfTheForge"},{"floor":23,"key":"BlessingOfTheForge"},{"floor":27,"key":"DistilledChaos"},{"floor":30,"key":"SpeedPotion"},{"floor":35,"key":"Dexterity Potion"},{"floor":41,"key":"AttackPotion"},{"floor":45,"key":"FearPotion"},{"floor":55,"key":"CunningPotion"}],"is_trial":false,"path_per_floor":["M","$","?","?","M","R","E","M","T","E","?","M","M","M","R","B",null,"M","M","?","M","$","E","R","E","T","E","$","M","M","E","R","B",null,"M","?","$","T","M","R","E","R","T","E","M","E","M","E","R","B","B",null,"R","$","E","B",null],"character_chosen":"THE_SILENT","items_purchased":["Noxious Fumes","Finesse","Blade Dance","Well Laid Plans","ClockworkSouvenir","SteroidPotion"],"campfire_rested":0,"item_purchase_floors":[2,22,22,22,54,54],"current_hp_per_floor":[59,59,59,41,41,41,41,41,41,36,36,36,33,21,21,16,54,54,54,54,54,54,43,43,43,43,43,43,38,38,38,38,37,59,59,59,59,59,59,59,59,59,59,61,63,61,63,65,65,65,29,64,64,64,66,39],"gold":92,"neow_bonus":"THREE_ENEMY_KILL","is_daily":false,"chose_seed":false,"campfire_upgraded":7,"win_rate":0.0,"timestamp":1611213790,"path_taken":["M","$","?","?","M","R","E","M","T","E","?","M","M","M","R","BOSS","M","?","?","M","$","E","R","E","T","E","$","M","M","E","R","BOSS","M","?","$","?","?","R","E","R","T","E","M","E","M","E","R","BOSS","BOSS","R","$","E","BOSS"],"items_purchased_type":["Card","Card","Card","Card","Relic","Potion"],"build_version":"2020-12-22","purchased_purges":2,"victory":true,"max_hp_per_floor":[66,66,66,66,66,66,66,66,66,66,66,66,66,66,66,66,66,66,66,66,66,66,66,66,66,66,66,66,66,66,66,66,66,66,66,66,66,66,66,66,66,66,66,68,70,72,74,76,76,76,76,76,76,76,78,78],"card_choices":[{"not_picked":["Backstab","Deadly Poison"],"picked":"Tactician","floor":1},{"not_picked":["Distraction","Dodge and Roll"],"picked":"Crippling Poison","floor":5},{"not_picked":["Concentrate","Slice"],"picked":"Backflip","floor":7},{"not_picked":["Flechettes","Finisher","Endless Agony"],"picked":"SKIP","floor":8},{"not_picked":["Backflip","Reflex"],"picked":"Calculated Gamble","floor":10},{"not_picked":["Deadly Poison","Endless Agony"],"picked":"Acrobatics","floor":12},{"not_picked":["Flying Knee","Setup","Tactician"],"picked":"SKIP","floor":13},{"not_picked":["Acrobatics","Dagger Throw"],"picked":"Blade Dance","floor":14},{"not_picked":["Tools of the Trade","Envenom"],"picked":"After Image","floor":16},{"not_picked":["Underhanded Strike","Dodge and Roll"],"picked":"Cloak And Dagger","floor":18},{"not_picked":["Poisoned Stab","PiercingWail"],"picked":"Dodge and Roll+1","floor":19},{"not_picked":["Noxious Fumes","Masterful Stab","Prepared"],"picked":"SKIP","floor":21},{"not_picked":["Expertise","Dagger Throw","Cloak And Dagger"],"picked":"SKIP","floor":23},{"not_picked":["Cloak And Dagger","Leg Sweep"],"picked":"Adrenaline","floor":25},{"not_picked":["Bouncing Flask","Noxious Fumes"],"picked":"Acrobatics+1","floor":27},{"not_picked":["Outmaneuver","Dagger Spray"],"picked":"Prepared+1","floor":29},{"not_picked":["Deflect+1","Dagger Spray","Backstab"],"picked":"SKIP","floor":30},{"not_picked":["Slice","Quick Slash","Prepared"],"picked":"SKIP","floor":31},{"not_picked":["Storm of Steel","Burst"],"picked":"After Image","floor":33},{"not_picked":["Bane"],"picked":"SKIP","floor":35},{"not_picked":["Acrobatics+1"],"picked":"SKIP","floor":39},{"not_picked":["All Out Attack"],"picked":"SKIP","floor":41},{"not_picked":["Skewer"],"picked":"Singing Bowl","floor":44},{"not_picked":["Crippling Poison"],"picked":"Singing Bowl","floor":45},{"not_picked":["Slice"],"picked":"Singing Bowl","floor":46},{"not_picked":["Dagger Spray+1"],"picked":"Singing Bowl","floor":47},{"not_picked":["Prepared"],"picked":"Singing Bowl","floor":48},{"not_picked":["Poisoned Stab"],"picked":"Singing Bowl","floor":55}],"player_experience":1342804,"relics_obtained":[{"floor":7,"key":"PreservedInsect"},{"floor":9,"key":"Ornamental Fan"},{"floor":10,"key":"Kunai"},{"floor":23,"key":"Bronze Scales"},{"floor":25,"key":"Orichalcum"},{"floor":26,"key":"Potion Belt"},{"floor":27,"key":"Gremlin Horn"},{"floor":31,"key":"Shuriken"},{"floor":38,"key":"Gambling Chip"},{"floor":41,"key":"Omamori"},{"floor":44,"key":"Singing Bowl"},{"floor":46,"key":"Bag of Preparation"},{"floor":48,"key":"Pen Nib"},{"floor":55,"key":"Nunchaku"}],"event_choices":[{"damage_healed":0,"gold_gain":0,"player_choice":"Ignored","damage_taken":0,"max_hp_gain":0,"max_hp_loss":0,"event_name":"Liars Game","floor":3,"gold_loss":0},{"damage_healed":0,"gold_gain":0,"player_choice":"Success","damage_taken":18,"relics_obtained":["Lantern"],"max_hp_gain":0,"max_hp_loss":0,"event_name":"Scrap Ooze","floor":4,"gold_loss":0},{"damage_healed":0,"gold_gain":0,"player_choice":"Gave Potion","damage_taken":0,"relics_obtained":["Boot"],"max_hp_gain":0,"max_hp_loss":0,"event_name":"WeMeetAgain","floor":11,"gold_loss":0},{"damage_healed":0,"gold_gain":0,"player_choice":"Ignored","damage_taken":0,"max_hp_gain":0,"max_hp_loss":0,"event_name":"Vampires","floor":20,"gold_loss":0},{"cards_removed":["Strike_G"],"damage_healed":0,"gold_gain":0,"player_choice":"Upgrade and Remove","damage_taken":0,"max_hp_gain":0,"max_hp_loss":0,"event_name":"Designer","floor":36,"gold_loss":110,"cards_upgraded":["Defend_G"]}],"is_beta":false,"boss_relics":[{"not_picked":["SacredBark","Cursed Key"],"picked":"Coffee Dripper"},{"not_picked":["Velvet Choker","Philosopher\u0027s Stone"],"picked":"Busted Crown"}],"items_purged_floors":[22,28],"is_endless":false,"potions_floor_spawned":[1,7,8,13,19,23,27,30,35,41,45,47,55],"ascension_level":20}}