{"host":"bitwvaitjv2vi3eu","time":1611266352,"event":{"mods":["2.2 Compatiblity","AchievementEnabler","AlwaysNeverKeys","BaseMod","Better Third Choice","Colored Powertips","Conspire","Downfall","GifTheSpireLib","Googly Eyes","Hermit","Hubris","Infinite Spire","Minty Spire (QoL Compilation)","Permanent Neow","Quick Restart","Random Character Button","Rare Cards Sparkle","Relic Sorter","Relic Stats","Remove Card Discount Mod","StSLib","SuperFastMode","Wandering Minibosses","slay the spire mod where everything is the same but ironclad has a cowboy hat"],"gold_per_floor":[99,112,112,130,130,156,180,190,217,228,228,254,254,42,52,52,52,52],"floor_reached":16,"language":"ENG","playtime":1058,"items_purged":[],"score":120,"play_id":"6900667c-3cb0-46dc-9882-be44a41796f3","local_time":"20210121155912","is_ascension_mode":false,"campfire_choices":[{"data":"Slimebound:CorrosiveSpit","floor":1,"key":"SMITH"},{"floor":11,"key":"REST"},{"floor":13,"key":"REST"}],"circlet_count":0,"master_deck":["Slimebound:Strike_Slimebound","Slimebound:Strike_Slimebound","Slimebound:Strike_Slimebound","Slimebound:Tackle","Slimebound:Defend_Slimebound","Slimebound:Defend_Slimebound","Slimebound:Defend_Slimebound","Slimebound:Split","Slimebound:CorrosiveSpit+1","Slimebound:OozeBath+1","Slimebound:Schlurp+1","Slimebound:SplitAcid","Slimebound:LeechEnergy","Slimebound:SplitLeeching","Slimebound:RollThrough","Slimebound:HauntingLick","expansioncontent:StudyTheSpire"],"relics":["Slimebound:AbsorbEndCombat","Letter Opener","War Paint","Mummified Hand","Boot"],"acts_visited":["Exordium"],"potions_floor_usage":[16,16],"damage_taken":[{"damage":0,"enemies":"conspire:RoseBush","floor":2,"turns":3},{"damage":1,"enemies":"Jaw Worm","floor":4,"turns":4},{"damage":27,"enemies":"3 Sentries","floor":6,"turns":6},{"damage":0,"enemies":"Cultist","floor":8,"turns":2},{"damage":34,"enemies":"Gremlin Nob","floor":9,"turns":4},{"damage":0,"enemies":"Exordium Thugs","floor":10,"turns":2},{"damage":12,"enemies":"Lagavulin","floor":12,"turns":4},{"damage":0,"enemies":"downfall:FleeingMerchant","floor":14,"turns":4},{"damage":0,"enemies":"2 Fungi Beasts","floor":15,"turns":2},{"damage":72,"enemies":"SI_SHIV_ARCHETYPE","floor":16,"turns":8}],"seed_played":"-4180769160531424806","potions_obtained":[{"floor":2,"key":"Weak Potion"},{"floor":6,"key":"Ancient Potion"},{"floor":15,"key":"Strength Potion"}],"is_trial":false,"path_per_floor":["R","M","?","M","?","E","T","M","E","M","R","E","R","$","M","B"],"character_chosen":"SLIMEBOUND","items_purchased":["expansioncontent:StudyTheSpire"],"campfire_rested":2,"item_purchase_floors":[14],"current_hp_per_floor":[65,65,65,65,65,40,40,42,14,18,37,33,52,60,62,0,0,0],"gold":52,"neow_bonus":"ONE_RANDOM_RARE_CARD","is_daily":false,"chose_seed":false,"campfire_upgraded":1,"win_rate":0.0,"timestamp":1611266352,"path_taken":["R","M","?","M","?","E","T","M","E","?","R","E","R","$","M","BOSS"],"items_purchased_type":["Card"],"build_version":"2020-12-22","purchased_purges":0,"victory":false,"max_hp_per_floor":[65,65,65,65,65,65,65,65,65,65,65,65,65,65,65,65,65,65],"relic_stats":{"counters":[10,37],"Mummified Hand":[0],"Letter Opener":[104],"War Paint":["Slimebound:OozeBath","Slimebound:Schlurp"],"Boot":[2],"obtain_stats":[{"Mummified Hand":9,"Slimebound:AbsorbEndCombat":0,"Letter Opener":6,"War Paint":7,"Boot":12},{"Mummified Hand":5,"Slimebound:AbsorbEndCombat":0,"Letter Opener":3,"War Paint":3,"Boot":7},{"Mummified Hand":17,"Slimebound:AbsorbEndCombat":0,"Letter Opener":12,"War Paint":12,"Boot":23}]},"card_choices":[{"not_picked":["Slimebound:ItLooksTasty","Slimebound:SplitMire"],"picked":"Slimebound:Schlurp","floor":2},{"not_picked":["Slimebound:PressTheAttack","Slimebound:LeechingTouch"],"picked":"Slimebound:SplitAcid","floor":4},{"not_picked":["Slimebound:ProtectTheBoss","Slimebound:PressTheAttack"],"picked":"Slimebound:LeechEnergy","floor":6},{"not_picked":["Slimebound:SlimeSlap","Slimebound:FlameTackle"],"picked":"Slimebound:SplitLeeching","floor":8},{"not_picked":["Slimebound:GrowthPunch","Slimebound:SplitMire"],"picked":"Slimebound:RollThrough","floor":9},{"not_picked":["Slimebound:SlimeBrawl","Slimebound:GoopTackle","Slimebound:SplitLeeching"],"picked":"SKIP","floor":10},{"not_picked":["Slimebound:OozeBath","Slimebound:ProtectTheBoss"],"picked":"Slimebound:HauntingLick","floor":12},{"not_picked":["Slimebound:LeechingTouch","Slimebound:LeechEnergy","Slimebound:GrowthPunch"],"picked":"SKIP","floor":14},{"not_picked":["Slimebound:SplitMire","Slimebound:HauntingLick","Slimebound:Schlurp"],"picked":"SKIP","floor":15}],"player_experience":83782,"relics_obtained":[{"floor":6,"key":"Letter Opener"},{"floor":7,"key":"War Paint"},{"floor":9,"key":"Mummified Hand"},{"floor":12,"key":"Boot"}],"event_choices":[{"damage_healed":0,"gold_gain":0,"player_choice":"Disagree","damage_taken":0,"max_hp_gain":0,"max_hp_loss":0,"event_name":"conspire:LoneGhost","floor":3,"gold_loss":0},{"cards_removed":["Slimebound:Defend_Slimebound"],"damage_healed":0,"gold_gain":0,"player_choice":"Offered Basic","damage_taken":0,"max_hp_gain":0,"max_hp_loss":0,"event_name":"Bonfire Elementals","floor":5,"gold_loss":0}],"is_beta":false,"boss_relics":[],"items_purged_floors":[],"is_endless":false,"potions_floor_spawned":[2,6,15],"killed_by":"SI_SHIV_ARCHETYPE","ascension_level":0}}