{"host":"yciysiy0jlorh0h5","time":1611272764,"event":{"mods":["2.2 Compatiblity","Act Like it!","BaseMod","Bestiary","Better Match","BetterRewards","Curses Come First","Downfall","Elementarium","Friendly Minions","Hallownest","Hermit","Hubris","Infinite Spire","Minty Spire (QoL Compilation)","Rare Cards Sparkle","Shade Mod","StSLib","The Alterego","The Construct","The Cursed","The Hierophant","The Judge","The Mystic","The Runesmith","The Servant 0.9.4","Wandering Minibosses","vexMod"],"gold_per_floor":[99,99,99,99,99,99,99,99,125,125,156,156,185,199,210,210,210,210],"floor_reached":16,"language":"ENG","playtime":1515,"items_purged":[],"score":114,"play_id":"22bceda8-0a9c-491e-b9ee-f9c758b0afbf","local_time":"20210121174604","is_ascension_mode":false,"campfire_choices":[{"data":"Slimebound:Split","floor":1.0,"key":"SMITH"},{"floor":8.0,"key":"RECALL"},{"floor":12.0,"key":"REST"}],"circlet_count":0,"master_deck":["Slimebound:Strike_Slimebound","Slimebound:Strike_Slimebound","Slimebound:Tackle","Slimebound:Defend_Slimebound","Slimebound:Defend_Slimebound","Slimebound:Defend_Slimebound","Slimebound:Defend_Slimebound","Slimebound:Split+1","Slimebound:CorrosiveSpit","Slimebound:Prepare","Slimebound:ItLooksTasty","Slimebound:Nibble","Slimebound:LivingWall","Slimebound:RollThrough","Slimebound:DuplicatedForm","Slimebound:MassFeed","Slimebound:Repurpose","Slimebound:GoopTackle"],"relics":["Slimebound:AbsorbEndCombat","downfall:HeartsMalice","hubris:Icosahedron","infinitespire:ShieldingShard","Dream Catcher","Strawberry","infinitespire:Joker Card"],"acts_visited":["Exordium"],"potions_floor_usage":[16,16],"damage_taken":[{"damage":0.0,"enemies":"Jaw Worm","floor":2.0,"turns":1.0},{"damage":0.0,"enemies":"Cultist","floor":4.0,"turns":1.0},{"damage":0.0,"enemies":"downfall:FleeingMerchant","floor":5.0,"turns":1.0},{"damage":22.0,"enemies":"Gremlin Nob","floor":9.0,"turns":4.0},{"damage":29.0,"enemies":"3 Sentries","floor":11.0,"turns":8.0},{"damage":39.0,"enemies":"Gremlin Nob","floor":13.0,"turns":5.0},{"damage":7.0,"enemies":"Small Slimes","floor":14.0,"turns":2.0},{"damage":9.0,"enemies":"Blue Slaver","floor":15.0,"turns":3.0},{"damage":39,"enemies":"WA_ARCHETYPE_RETAIN","floor":16,"turns":7}],"seed_played":"-8325405518755842153","potions_obtained":[{"floor":9.0,"key":"sneckomod:MuddlingPotion"},{"floor":13.0,"key":"SkillPotion"},{"floor":15.0,"key":"Ancient Potion"}],"is_trial":false,"path_per_floor":["R","M","?","M","$","?","T","R","E","?","E","R","E","M","M","B"],"character_chosen":"SLIMEBOUND","items_purchased":[],"campfire_rested":1,"item_purchase_floors":[],"current_hp_per_floor":[65,65,65,65,65,65,65,65,47,47,27,48,30,28,23,0,0,0],"gold":210,"neow_bonus":"THREE_ENEMY_KILL","is_daily":false,"chose_seed":false,"campfire_upgraded":1,"win_rate":0.0,"timestamp":1611272764,"path_taken":["R","M","?","M","?","?","T","R","E","?","E","R","E","M","M","BOSS"],"items_purchased_type":[],"build_version":"2020-12-22","purchased_purges":0,"victory":false,"max_hp_per_floor":[65,65,65,65,65,65,65,65,65,65,72,72,72,75,75,75,75,75],"card_choices":[{"not_picked":["Slimebound:GrowthPunch","Slimebound:LeechingTouch"],"picked":"Slimebound:Prepare","floor":2.0},{"not_picked":["Slimebound:HauntingLick","Slimebound:LeechingTouch"],"picked":"Slimebound:ItLooksTasty","floor":4.0},{"not_picked":["Slimebound:LevelUp","Slimebound:FinishingTackle"],"picked":"Slimebound:Nibble","floor":5.0},{"not_picked":["Slimebound:GoopTackle","Slimebound:Grow"],"picked":"Slimebound:LivingWall","floor":9.0},{"not_picked":["Slimebound:LeechEnergy","Slimebound:Schlurp"],"picked":"Slimebound:RollThrough","floor":11.0},{"not_picked":["Slimebound:GoopSpray","Slimebound:SplitLeeching"],"picked":"Slimebound:DuplicatedForm","floor":12.0},{"not_picked":["Slimebound:Replication","Slimebound:HauntingLick"],"picked":"Slimebound:MassFeed","floor":13.0},{"not_picked":["Slimebound:BestDefense","Slimebound:Gluttony"],"picked":"Slimebound:Repurpose","floor":14.0},{"not_picked":["Slimebound:Chomp","Slimebound:SamplingLick"],"picked":"Slimebound:GoopTackle","floor":15.0}],"player_experience":327193,"relics_obtained":[{"floor":7.0,"key":"infinitespire:ShieldingShard"},{"floor":9.0,"key":"Dream Catcher"},{"floor":11.0,"key":"Strawberry"},{"floor":13.0,"key":"infinitespire:Joker Card"}],"event_choices":[{"cards_removed":["Slimebound:Strike_Slimebound"],"damage_healed":0.0,"max_hp_gain":0.0,"max_hp_loss":0.0,"gold_gain":0.0,"event_name":"Bonfire Elementals","player_choice":"Offered Basic","floor":3.0,"gold_loss":0.0,"damage_taken":0.0}],"is_beta":false,"boss_relics":[],"items_purged_floors":[],"is_endless":false,"potions_floor_spawned":[9,13,15],"killed_by":"WA_ARCHETYPE_RETAIN","ascension_level":0}}