{"host":"sav7uxregyirlf69","time":1611222678,"event":{"mods":["AchievementEnabler","BaseMod","Colored Map","DeckTracker","Keyboard Shortcuts","Minty Spire (QoL Compilation)","READ ME - Guardian Mod","StSLib","SuperFastMode"],"gold_per_floor":[112,122,18,18,35,68,81,81,106,106,121,121,141,154,154,154,154],"floor_reached":16,"language":"KOR","playtime":243,"items_purged":["Strike_B"],"score":208,"play_id":"810bbf85-9c31-457d-ba18-27cf14b7b66e","local_time":"20210121185118","is_ascension_mode":true,"campfire_choices":[{"data":"Zap","floor":8,"key":"SMITH"},{"data":"Coolheaded","floor":10,"key":"SMITH"},{"data":"Lockon","floor":15,"key":"SMITH"}],"circlet_count":0,"master_deck":["AscendersBane","Strike_B","Strike_B","Defend_B","Defend_B","Defend_B","Zap+1","Dualcast","Lockon+1","Beam Cell","Coolheaded+1","Barrage","Buffer","Glacier","Recycle","Cold Snap"],"relics":["Cracked Core","NeowsBlessing","Lantern","Ancient Tea Set"],"acts_visited":["Exordium"],"potions_floor_usage":[6,13,16],"damage_taken":[{"damage":0,"enemies":"Small Slimes","floor":1,"turns":1},{"damage":0,"enemies":"Cultist","floor":2,"turns":1},{"damage":0,"enemies":"Jaw Worm","floor":5,"turns":1},{"damage":9,"enemies":"Gremlin Nob","floor":6,"turns":3},{"damage":11,"enemies":"Looter","floor":7,"turns":2},{"damage":0,"enemies":"Blue Slaver","floor":11,"turns":3},{"damage":4,"enemies":"Gremlin Gang","floor":13,"turns":5},{"damage":15,"enemies":"3 Louse","floor":14,"turns":3},{"damage":26,"enemies":"Hexaghost","floor":16,"turns":9}],"seed_played":"-1366372209701329177","potions_obtained":[{"floor":1,"key":"DistilledChaos"},{"floor":5,"key":"LiquidMemories"},{"floor":6,"key":"Energy Potion"},{"floor":14,"key":"Dexterity Potion"}],"is_trial":false,"path_per_floor":["M","M","$","?","M","E","M","R","T","R","M","?","M","M","R","B"],"character_chosen":"DEFECT","items_purchased":["Coolheaded"],"campfire_rested":0,"item_purchase_floors":[3],"current_hp_per_floor":[64,64,64,64,64,55,44,44,44,44,44,44,40,25,25,0,0],"gold":154,"neow_bonus":"THREE_ENEMY_KILL","is_daily":false,"chose_seed":false,"campfire_upgraded":3,"win_rate":0.0,"timestamp":1611222678,"path_taken":["M","M","$","?","?","E","?","R","T","R","M","?","?","M","R","BOSS"],"items_purchased_type":["Card"],"build_version":"2020-12-22","purchased_purges":1,"victory":false,"max_hp_per_floor":[71,71,71,71,71,71,71,71,71,71,71,71,71,71,71,71,71],"card_choices":[{"not_picked":["Streamline","Beam Cell"],"picked":"Lockon","floor":1},{"not_picked":["Turbo","Double Energy"],"picked":"Beam Cell","floor":2},{"not_picked":["Redo","Turbo"],"picked":"Barrage","floor":5},{"not_picked":["Heatsinks","Tempest"],"picked":"Buffer","floor":6},{"not_picked":["Heatsinks","Rebound"],"picked":"Glacier","floor":7},{"not_picked":["Reinforced Body","Glacier"],"picked":"Recycle","floor":11},{"not_picked":["Leap","Storm","Melter"],"picked":"SKIP","floor":13},{"not_picked":["Gash","Redo","Cold Snap"],"picked":"SKIP","floor":14}],"player_experience":1344806,"relics_obtained":[{"floor":6,"key":"Lantern"},{"floor":9,"key":"Ancient Tea Set"}],"event_choices":[{"cards_removed":["Defend_B"],"damage_healed":0,"gold_gain":0,"player_choice":"Offered Basic","damage_taken":0,"max_hp_gain":0,"max_hp_loss":0,"event_name":"Bonfire Elementals","floor":4,"gold_loss":0},{"damage_healed":0,"gold_gain":0,"cards_transformed":["Strike_B"],"player_choice":"Transformed","damage_taken":0,"max_hp_gain":0,"max_hp_loss":0,"event_name":"Transmorgrifier","floor":12,"gold_loss":0,"cards_obtained":["Cold Snap"]}],"is_beta":false,"boss_relics":[],"items_purged_floors":[3],"is_endless":false,"potions_floor_spawned":[1,5,6,14],"killed_by":"Hexaghost","ascension_level":20}}