{"host":"ndpbn7fqb3wjbd7p","time":1611271296,"event":{"mods":["AchievementEnabler","Act Like it!","AlwaysNeverKeys","BaseMod","Better Vampires","Block Reminder","Colored Powertips","DeckTracker","Defuse TimeMaze Blight","Friendly Minions","Hallownest","Hermit","Highlight Path","MarisaÅiñ∂âJÅ@ñÇóùçπÅj","Minty Spire (QoL Compilation)","Permanent Neow","Shade Mod","StSLib","SuperFastMode","Synergy Search","The Mystic","Unceasing Turn Reminder","egg"],"gold_per_floor":[115,134,134,44,119,119,151,164,164,164,89,107,107,117,117,117,117],"floor_reached":16,"language":"ENG","playtime":622,"items_purged":["Strike_G"],"score":200,"play_id":"cd9e43d8-e1dd-4ce9-b138-01226c103309","local_time":"20210122002136","is_ascension_mode":true,"campfire_choices":[{"data":"Envenom","floor":6,"key":"SMITH"},{"data":"Impatience","floor":10,"key":"SMITH"},{"data":"Neutralize","floor":15,"key":"SMITH"}],"circlet_count":0,"master_deck":["AscendersBane","Strike_G","Strike_G","Strike_G","Strike_G","Defend_G","Defend_G","Defend_G","Defend_G","Defend_G","Survivor","Neutralize+1","Envenom+1","Reflex","Deflect","Impatience+1","Heel Hook","Acrobatics"],"relics":["Ring of the Snake","Torii","Letter Opener","Shovel"],"acts_visited":["Exordium"],"potions_floor_usage":[12,16],"damage_taken":[{"damage":1,"enemies":"Cultist","floor":1,"turns":4},{"damage":0,"enemies":"2 Louse","floor":2,"turns":3},{"damage":36,"enemies":"Lagavulin","floor":7,"turns":10},{"damage":2,"enemies":"Small Slimes","floor":8,"turns":5},{"damage":0,"enemies":"Exordium Wildlife","floor":12,"turns":3},{"damage":7,"enemies":"Lots of Slimes","floor":14,"turns":5},{"damage":7,"enemies":"Hexaghost","floor":16,"turns":7}],"seed_played":"-7837381863421511556","potions_obtained":[{"floor":7,"key":"BlessingOfTheForge"},{"floor":14,"key":"Strength Potion"}],"is_trial":false,"path_per_floor":["M","M","?","$","?","R","E","M","T","R","$","M","?","M","R","B"],"character_chosen":"THE_SILENT","items_purchased":["Impatience"],"campfire_rested":0,"item_purchase_floors":[4],"current_hp_per_floor":[58,58,63,63,52,52,16,14,14,14,14,14,9,2,2,0,0],"gold":117,"neow_bonus":"THREE_RARE_CARDS","is_daily":false,"chose_seed":false,"campfire_upgraded":3,"win_rate":0.0,"timestamp":1611271296,"path_taken":["M","?","?","$","?","R","E","M","T","R","$","M","?","M","R","BOSS"],"items_purchased_type":["Card"],"build_version":"2020-12-22","purchased_purges":1,"victory":false,"max_hp_per_floor":[60,60,65,65,65,65,65,65,65,65,65,65,65,65,65,65,65],"card_choices":[{"not_picked":["Bullet Time","Wraith Form v2"],"picked":"Envenom","floor":0},{"not_picked":["Blade Dance","Sucker Punch"],"picked":"Reflex","floor":1},{"not_picked":["Dash","Quick Slash"],"picked":"Deflect","floor":2},{"not_picked":["Flying Knee","Dodge and Roll","Malaise"],"picked":"SKIP","floor":7},{"not_picked":["Sucker Punch","All Out Attack","Dagger Throw"],"picked":"SKIP","floor":8},{"not_picked":["Underhanded Strike","Dodge and Roll"],"picked":"Heel Hook","floor":12},{"not_picked":["Accuracy","Skewer"],"picked":"Acrobatics","floor":14}],"player_experience":1178547,"relics_obtained":[{"floor":7,"key":"Torii"},{"floor":9,"key":"Letter Opener"}],"event_choices":[{"damage_healed":0,"gold_gain":0,"player_choice":"Donut","damage_taken":0,"max_hp_gain":5,"max_hp_loss":0,"event_name":"Big Fish","floor":3,"gold_loss":0},{"damage_healed":0,"gold_gain":75,"player_choice":"Gather Gold","damage_taken":11,"max_hp_gain":0,"max_hp_loss":0,"event_name":"World of Goop","floor":5,"gold_loss":0},{"damage_healed":0,"gold_gain":0,"player_choice":"Success","damage_taken":5,"relics_obtained":["Shovel"],"max_hp_gain":0,"max_hp_loss":0,"event_name":"Scrap Ooze","floor":13,"gold_loss":0}],"is_beta":false,"boss_relics":[],"items_purged_floors":[11],"is_endless":false,"potions_floor_spawned":[7,14],"killed_by":"Hexaghost","ascension_level":20}}