{"host":"d9m9v0h6vo0edadb","time":1611233501,"event":{"mods":["BaseMod","Hermit","Keyboard Shortcuts","Minty Spire (QoL Compilation)","StSLib","SuperFastMode","The Cursed"],"gold_per_floor":[114,124,135,155,155,155,155,155],"floor_reached":7,"language":"KOR","playtime":111,"items_purged":[],"score":86,"play_id":"2d77df55-a2dd-4e3d-950e-0963d51c7228","local_time":"20210121215141","is_ascension_mode":true,"campfire_choices":[{"data":"Dagger Spray","floor":6,"key":"SMITH"}],"circlet_count":0,"master_deck":["AscendersBane","Strike_G","Strike_G","Strike_G","Strike_G","Defend_G","Defend_G","Defend_G","Defend_G","Defend_G","Survivor","Neutralize","Finesse","Prepared","Backflip","Dagger Spray+1","All Out Attack"],"relics":["Ring of the Snake"],"acts_visited":["Exordium"],"potions_floor_usage":[4],"damage_taken":[{"damage":3,"enemies":"Small Slimes","floor":1,"turns":5},{"damage":9,"enemies":"Cultist","floor":2,"turns":5},{"damage":4,"enemies":"2 Louse","floor":3,"turns":5},{"damage":0,"enemies":"Large Slime","floor":4,"turns":3},{"damage":38,"enemies":"Gremlin Nob","floor":7,"turns":4}],"seed_played":"5044574036901440800","potions_obtained":[{"floor":2,"key":"Fire Potion"},{"floor":4,"key":"Ancient Potion"}],"is_trial":false,"path_per_floor":["M","M","M","M","?","R","E"],"character_chosen":"THE_SILENT","items_purchased":[],"campfire_rested":0,"item_purchase_floors":[],"current_hp_per_floor":[56,47,43,43,43,43,5,5],"gold":155,"neow_bonus":"RANDOM_COLORLESS","is_daily":false,"chose_seed":false,"campfire_upgraded":1,"win_rate":0.0,"timestamp":1611233501,"path_taken":["M","M","M","M","?","R","E"],"items_purchased_type":[],"build_version":"2020-12-22","purchased_purges":0,"victory":false,"max_hp_per_floor":[66,66,66,66,66,66,66,66],"card_choices":[{"not_picked":["Panacea","Dark Shackles"],"picked":"Finesse","floor":0},{"not_picked":["Flying Knee","Quick Slash"],"picked":"Prepared","floor":1},{"not_picked":["Slice","Sucker Punch"],"picked":"Backflip","floor":2},{"not_picked":["Accuracy","Deflect"],"picked":"Dagger Spray","floor":3},{"not_picked":["Deadly Poison","Slice"],"picked":"All Out Attack","floor":4}],"player_experience":982731,"relics_obtained":[],"event_choices":[{"cards_removed":["Strike_G"],"damage_healed":0,"gold_gain":0,"player_choice":"Offered Basic","damage_taken":0,"max_hp_gain":0,"max_hp_loss":0,"event_name":"Bonfire Elementals","floor":5,"gold_loss":0}],"is_beta":false,"boss_relics":[],"items_purged_floors":[],"is_endless":false,"potions_floor_spawned":[2,4],"killed_by":"Gremlin Nob","ascension_level":20}}