{"host":"6hzrz31j95f2y1pa","time":1611215362,"event":{"mods":["BaseMod","Colored Map","Downfall","Minty Spire (QoL Compilation)","StSLib"],"gold_per_floor":[99,119,138,48,48,106,106,140,150,150,50,82,98,124,139,239,239,39,55,140,158,174,206,232,232,260,260,278,307,307,339,351,453,453,453,120,166,51,66,86,134,134,148,205,225,240,240,259,275,275,275,305,63,63,63,63,63,63],"floor_reached":56,"language":"ENG","playtime":2912,"items_purged":["bronze:Defend","bronze:Defend","bronze:Strike"],"score":1110,"play_id":"0018dd1b-35c4-4724-8408-9b68d4a58e36","local_time":"20210121024922","is_ascension_mode":true,"campfire_choices":[{"floor":1.0,"key":"RECALL"},{"data":"bronze:Iterate","floor":11.0,"key":"SMITH"},{"data":"bronze:HardenedForm","floor":18.0,"key":"SMITH"},{"data":"bronze:FindAndReplace","floor":25.0,"key":"SMITH"},{"floor":30,"key":"REST"},{"data":"bronze:Terminator","floor":35,"key":"SMITH"},{"data":"bronze:Goto","floor":42,"key":"SMITH"},{"data":"expansioncontent:Chronoboost","floor":54,"key":"SMITH"}],"circlet_count":0,"master_deck":["bronze:Replicate","bronze:Goto+1","bronze:WildBeam","bronze:Frontload+1","bronze:ChosenStrike","bronze:Iterate+1","bronze:FollowUp","bronze:WhirlingStrike","bronze:Spike","bronze:Separator","bronze:HardenedForm+1","bronze:FineTuning","bronze:Terminator+1","bronze:FindAndReplace+1","bronze:BugBarrage+1","bronze:BronzeArmor+1","bronze:ChildClass+1","bronze:Separator+1","bronze:Repair+1","bronze:Constructor","bronze:Return+1","bronze:Constructor","bronze:Verify","expansioncontent:Chronoboost+1","Flash of Steel"],"relics":["bronze:BronzeCore","Guardian:PocketSentry","Meat on the Bone","Bag of Preparation","downfall:HeartBlessingRed","Question Card","Astrolabe","downfall:HeartBlessingGreen","downfall:HeartBlessingBlue","Guardian:GemstoneGun","Centennial Puzzle","HornCleat","Juzu Bracelet","Boot","SlaversCollar","Ginger","Ancient Tea Set","hexamod:BolsterEngine","War Paint","Bronze Scales"],"acts_visited":["Exordium","TheCity","TheBeyond","TheEnding"],"potions_floor_usage":[38,56,56,56],"damage_taken":[{"damage":0.0,"enemies":"Small Slimes","floor":2.0,"turns":2.0},{"damage":2.0,"enemies":"Jaw Worm","floor":3.0,"turns":4.0},{"damage":0.0,"enemies":"downfall:FleeingMerchant","floor":4.0,"turns":4.0},{"damage":4.0,"enemies":"Gremlin Nob","floor":6.0,"turns":4.0},{"damage":4.0,"enemies":"Gremlin Nob","floor":8.0,"turns":4.0},{"damage":0.0,"enemies":"2 Louse","floor":9.0,"turns":2.0},{"damage":0.0,"enemies":"2 Louse","floor":10.0,"turns":2.0},{"damage":18.0,"enemies":"3 Sentries","floor":12.0,"turns":4.0},{"damage":0.0,"enemies":"2 Fungi Beasts","floor":13.0,"turns":1.0},{"damage":14.0,"enemies":"Red Slaver","floor":15.0,"turns":2.0},{"damage":24.0,"enemies":"WA_ARCHETYPE_RETAIN","floor":16.0,"turns":5.0},{"damage":0.0,"enemies":"Spheric Guardian","floor":19.0,"turns":1.0},{"damage":0.0,"enemies":"Shelled Parasite and Fungi","floor":21.0,"turns":2.0},{"damage":2.0,"enemies":"Snake Plant","floor":22.0,"turns":3.0},{"damage":14.0,"enemies":"Slavers","floor":23.0,"turns":5.0},{"damage":15.0,"enemies":"Book of Stabbing","floor":26.0,"turns":4.0},{"damage":7.0,"enemies":"Cultist and Chosen","floor":28.0,"turns":3.0},{"damage":0,"enemies":"Slavers","floor":29,"turns":2},{"damage":0,"enemies":"Gremlin Leader","floor":31,"turns":5},{"damage":0,"enemies":"Snecko","floor":32,"turns":3},{"damage":22,"enemies":"IC_MUSHROOM_ARCHETYPE","floor":33,"turns":3},{"damage":0,"enemies":"2 Orb Walkers","floor":37,"turns":5},{"damage":0,"enemies":"downfall:FleeingMerchant","floor":38,"turns":4},{"damage":0,"enemies":"Orb Walker","floor":39,"turns":1},{"damage":15,"enemies":"3 Shapes","floor":40,"turns":4},{"damage":9,"enemies":"Writhing Mass","floor":43,"turns":4},{"damage":0,"enemies":"downfall:FleeingMerchant","floor":44,"turns":3},{"damage":0,"enemies":"3 Darklings","floor":45,"turns":2},{"damage":8,"enemies":"Spire Growth","floor":46,"turns":2},{"damage":21,"enemies":"Writhing Mass","floor":48,"turns":7},{"damage":0,"enemies":"Jaw Worm Horde","floor":49,"turns":2},{"damage":23,"enemies":"DF_ARCHETYPE_ORBS","floor":50,"turns":6},{"damage":5,"enemies":"downfall:CharBossMerchant","floor":52,"turns":7},{"damage":4,"enemies":"downfall:NeowBoss","floor":55,"turns":9},{"damage":130,"enemies":"downfall:NeowBossFinal","floor":56,"turns":11}],"seed_played":"-7386227113504625508","potions_obtained":[{"floor":3.0,"key":"FairyPotion"},{"floor":6.0,"key":"LiquidMemories"},{"floor":8.0,"key":"Swift Potion"},{"floor":9.0,"key":"LiquidMemories"},{"floor":19.0,"key":"bronze:FreeFunctionsPotion"},{"floor":39,"key":"Fire Potion"},{"floor":43,"key":"Strength Potion"}],"is_trial":false,"path_per_floor":["R","M","M","$","?","?","T","E","M","?","R","E","M","T","M","B",null,"R","M","?","M","M","E","T","R","E","?","M","E","R","E","M","B",null,"R","?","?","$","M","M","T","R","M","$","M","M","?","M","M","B",null,"E","$","R","B","B"],"character_chosen":"THE_AUTOMATON","items_purchased":["hexamod:BolsterEngine","Bronze Scales","Flash of Steel"],"campfire_rested":1,"item_purchase_floors":[44,53,53],"current_hp_per_floor":[77,77,75,75,75,71,71,67,67,67,67,49,49,49,47,35,77,87,87,73,73,78,64,64,64,56,56,56,56,82,87,87,65,87,87,98,98,98,98,83,83,83,81,81,89,89,89,76,76,60,98,93,93,93,94,0,0,0],"gold":63,"neow_bonus":"TEN_PERCENT_HP_BONUS","is_daily":false,"chose_seed":false,"campfire_upgraded":6,"win_rate":0.0,"timestamp":1611215362,"path_taken":["R","M","M","$","?","?","T","E","M","?","R","E","M","?","M","BOSS","R","M","?","M","M","E","T","R","E","?","?","E","R","E","M","BOSS","R","?","?","$","M","M","T","R","M","$","M","M","?","M","M","BOSS","E","$","R","BOSS","BOSS"],"items_purchased_type":["Relic","Relic","Card"],"build_version":"2020-12-22","purchased_purges":3,"victory":false,"max_hp_per_floor":[77,77,77,77,77,77,77,77,77,77,77,77,77,77,77,77,77,87,87,87,87,87,87,87,87,87,87,87,87,87,87,87,87,87,87,98,98,98,98,98,98,98,98,98,98,98,98,98,98,98,98,98,98,98,98,98,98,98],"card_choices":[{"not_picked":["bronze:Turbo","bronze:ClassDefault"],"picked":"bronze:WildBeam","floor":2.0},{"not_picked":["bronze:Return","bronze:BuggyMess"],"picked":"bronze:Frontload","floor":3.0},{"not_picked":["bronze:Deprecate","bronze:FineTuning"],"picked":"bronze:ChosenStrike","floor":4.0},{"not_picked":["bronze:CutThrough","bronze:Return"],"picked":"bronze:Iterate","floor":6.0},{"not_picked":["bronze:Shield","bronze:ForceShield"],"picked":"bronze:FollowUp","floor":8.0},{"not_picked":["bronze:Overheat","bronze:Branch"],"picked":"bronze:WhirlingStrike","floor":9.0},{"not_picked":[],"picked":"bronze:Spike","floor":10.0},{"not_picked":["bronze:Overheat","bronze:WhirlingStrike"],"picked":"bronze:Separator","floor":10.0},{"not_picked":["bronze:Frontload","bronze:Separator"],"picked":"bronze:HardenedForm","floor":12.0},{"not_picked":["bronze:WhirlingStrike","bronze:OilSpill","bronze:Backtrace"],"picked":"bronze:FineTuning","floor":13.0},{"not_picked":["bronze:Overheat","bronze:ForceShield","bronze:Frontload"],"picked":"bronze:Terminator","floor":15.0},{"not_picked":["bronze:CleanCode","bronze:InfiniteLoop","bronze:Assembly"],"picked":"bronze:FindAndReplace","floor":16.0},{"not_picked":["bronze:DarkDash+1","bronze:CutThrough+1","bronze:Overheat","bronze:Separator+1"],"picked":"SKIP","floor":19.0},{"not_picked":["bronze:DarkDash+1","bronze:CutThrough+1","bronze:Overheat"],"picked":"bronze:Separator+1","floor":19.0},{"not_picked":["bronze:Overheat","bronze:Terminator","bronze:Deprecate"],"picked":"bronze:Repair","floor":21.0},{"not_picked":["bronze:FollowUp","bronze:Return","bronze:Deprecate","bronze:BugBarrage"],"picked":"SKIP","floor":22.0},{"not_picked":["bronze:DelayedSlice","bronze:Frontload","bronze:DarkDash","bronze:NullPointer"],"picked":"SKIP","floor":23.0},{"not_picked":["bronze:ForLoop","bronze:BitShift","bronze:WildBeam+1","bronze:FineTuning"],"picked":"SKIP","floor":26.0},{"not_picked":["bronze:ForLoop","bronze:BitShift","bronze:WildBeam+1","bronze:FineTuning"],"picked":"SKIP","floor":26.0},{"not_picked":["bronze:Return","bronze:BronzeOrb","bronze:CloningBeam"],"picked":"bronze:Constructor","floor":28.0},{"not_picked":["bronze:Repulsor","bronze:InfiniteBeams","bronze:Hardcode"],"picked":"bronze:Return+1","floor":29},{"not_picked":["bronze:BugBarrage","bronze:Invalidate","bronze:OilSpill"],"picked":"bronze:Constructor","floor":31},{"not_picked":["bronze:InfiniteBeams","bronze:Invalidate","bronze:Return","bronze:Constructor"],"picked":"SKIP","floor":32},{"not_picked":["bronze:RecursiveStrike","bronze:HardenedForm","bronze:Virus"],"picked":"bronze:Verify","floor":33},{"not_picked":["bronze:DelayedSlice+1","bronze:Invalidate","bronze:MaxOutput","bronze:BitShift"],"picked":"SKIP","floor":38},{"not_picked":["bronze:Flail+1","bronze:BronzeOrb+1","bronze:GetLatest+1","bronze:Repair"],"picked":"SKIP","floor":39},{"not_picked":["bronze:BuggyMess+1","bronze:Return","bronze:Turbo","bronze:Branch+1"],"picked":"SKIP","floor":40},{"not_picked":["bronze:Optimize","bronze:OilSpill","bronze:Separator","bronze:Branch"],"picked":"SKIP","floor":43},{"not_picked":["bronze:InfiniteBeams","bronze:ClassDefault","bronze:Deprecate+1","bronze:ChildClass"],"picked":"SKIP","floor":44},{"not_picked":["bronze:HyperBeam","bronze:CutThrough+1","bronze:DelayedSlice+1","bronze:FineTuning+1"],"picked":"SKIP","floor":45},{"not_picked":["bronze:NullPointer+1","bronze:Optimize","bronze:Iterate","bronze:Safeguard"],"picked":"SKIP","floor":46},{"not_picked":["expansioncontent:GuardianWhirl","expansioncontent:PrepareCrush","expansioncontent:PolyBeam"],"picked":"expansioncontent:Chronoboost","floor":47},{"not_picked":["bronze:BuggyMess+1","bronze:Turbo+1","bronze:CutThrough","bronze:Repair+1"],"picked":"SKIP","floor":48},{"not_picked":["bronze:Branch","bronze:CutThrough","bronze:FineTuning+1","bronze:Turbo+1"],"picked":"SKIP","floor":49},{"not_picked":["bronze:Refactor","bronze:Backtrace+1","bronze:Assembly","bronze:InfiniteBeams+1"],"picked":"SKIP","floor":52}],"player_experience":1377756,"relics_obtained":[{"floor":6.0,"key":"Guardian:PocketSentry"},{"floor":7.0,"key":"Meat on the Bone"},{"floor":8.0,"key":"Bag of Preparation"},{"floor":12.0,"key":"Question Card"},{"floor":23.0,"key":"Guardian:GemstoneGun"},{"floor":24.0,"key":"Centennial Puzzle"},{"floor":26.0,"key":"HornCleat"},{"floor":29,"key":"Juzu Bracelet"},{"floor":31,"key":"Boot"},{"floor":37,"key":"Ginger"},{"floor":41,"key":"Ancient Tea Set"},{"floor":52,"key":"War Paint"}],"event_choices":[{"cards_removed":["bronze:Strike"],"damage_healed":0.0,"max_hp_gain":0.0,"max_hp_loss":0.0,"gold_gain":0.0,"event_name":"Wheel of Change","player_choice":"Card Removal","floor":27.0,"gold_loss":0.0,"damage_taken":0.0},{"damage_healed":0,"gold_gain":0,"player_choice":"Fight","damage_taken":0,"max_hp_gain":0,"max_hp_loss":0,"event_name":"Mysterious Sphere","floor":37,"gold_loss":0}],"is_beta":false,"boss_relics":[{"not_picked":["bronze:MakeshiftBattery","Calling Bell"],"picked":"Astrolabe"},{"not_picked":["bronze:PlatinumCore","Tiny House"],"picked":"SlaversCollar"}],"items_purged_floors":[4,38,44],"is_endless":false,"potions_floor_spawned":[3,6,8,9,13,19,23,28,29,39,43,45,48,52],"killed_by":"downfall:NeowBossFinal","ascension_level":2}}