{"host":"KYO","time":1611228980,"event":{"mods":["ATMod(阿瑾Mod)","BaseMod","Minty Spire (QoL Compilation)","Permanent Neow","Shop Mod","StSLib","SuperFastMode","TestMod","[IsaacMod]以撒尖塔","【遗物卡牌】REMEMod"],"gold_per_floor":[161,161,161,219,311,354,368,408,434,434,458,458,477,216,216,313,313,330,342,365,51,51,89,89,122,122,142,185,185,185,202,202,291,291,303,184,229,279,296,334,152,180,180,218,218,240,639,697,697,709,711,711,711,39,84,96],"floor_reached":57,"language":"ZHS","playtime":2627,"items_purged":["Strike_B","Dualcast","Streamline","Go for the Eyes"],"score":3670,"play_id":"087e3f8b-2ebe-4588-af89-cd6da0ab48c3","local_time":"20210121193620","is_ascension_mode":true,"campfire_choices":[{"data":"Zap","floor":10,"key":"SMITH"},{"data":"Recycle","floor":12,"key":"SMITH"},{"data":"Defragment","floor":15,"key":"SMITH"},{"data":"AT_RightCognition","floor":24,"key":"SMITH"},{"data":"Coolheaded","floor":29,"key":"SMITH"},{"data":"Coolheaded","floor":32,"key":"SMITH"},{"floor":45,"key":"RECALL"},{"data":"Echo Form","floor":49,"key":"SMITH"},{"data":"testmod-Wormhole","floor":53,"key":"SMITH"}],"circlet_count":0,"master_deck":["AscendersBane","Zap+1","AT_RobotInSpace","testmod-Wormhole+1","Conserve Battery","Recycle+1","Coolheaded+1","Defragment+1","AT_RightCognition+1","FTL","Chill","REME_DataAnalysis","Blizzard+1","Metamorphosis","Coolheaded+1","Electrodynamics","AT_StudyProgram","Echo Form+1","Heatsinks","AT_WaterDrop"],"relics":["Cracked Core","HushsDoor","testmod-TestBox","testmod-Charity","Golden Idol","MagicMushroom","BloodBag","AT_SunfireAegis","The Courier","MerchantsRug","Membership Card","testmod-Acrobat","GuppysPaw","testmod-ObsoleteBoomerang","AT_GuinsooRageblade","Ice Cream","testmod-EqualTreatment","Incense Burner","Black Star","REME_ArchaeologicalTools","Juzu Bracelet","Pen Nib","AT_TimeSand","AT_BellowingDragoncrestRing","testmod-Fortitude","AT_Manta","testmod-ThousandKnives","testmod-ArcanaOfDestiny","Oddly Smooth Stone","ClockworkSouvenir","REME_LimitBreaker","Mummified Hand","Gambling Chip","BookofShadows","TheBible","TuHaoJin","testmod-OneHitWonder"],"acts_visited":["Exordium","TheCity","TheBeyond","TheEnding"],"potions_floor_usage":[13,20,33,56],"damage_taken":[{"damage":2,"enemies":"Jaw Worm","floor":1,"turns":4},{"damage":1,"enemies":"Lagavulin","floor":6,"turns":5},{"damage":0,"enemies":"Small Slimes","floor":7,"turns":2},{"damage":2,"enemies":"3 Sentries","floor":8,"turns":5},{"damage":0,"enemies":"2 Louse","floor":11,"turns":2},{"damage":0,"enemies":"Large Slime","floor":13,"turns":5},{"damage":3,"enemies":"Hexaghost","floor":16,"turns":8},{"damage":17,"enemies":"2 Thieves","floor":18,"turns":4},{"damage":0,"enemies":"Spheric Guardian","floor":19,"turns":4},{"damage":5,"enemies":"Centurion and Healer","floor":20,"turns":5},{"damage":3,"enemies":"Slavers","floor":23,"turns":2},{"damage":0,"enemies":"REME_1_Revenger","floor":25,"turns":4},{"damage":7,"enemies":"Snake Plant","floor":27,"turns":2},{"damage":0,"enemies":"Gremlin Leader","floor":28,"turns":3},{"damage":0,"enemies":"Snecko","floor":31,"turns":3},{"damage":0,"enemies":"Champ","floor":33,"turns":4},{"damage":0,"enemies":"3 Shapes","floor":35,"turns":2},{"damage":2,"enemies":"Orb Walker","floor":37,"turns":2},{"damage":0,"enemies":"Maw","floor":38,"turns":3},{"damage":15,"enemies":"4 Shapes","floor":39,"turns":2},{"damage":5,"enemies":"Giant Head","floor":40,"turns":4},{"damage":0,"enemies":"Sphere and 2 Shapes","floor":42,"turns":2},{"damage":0,"enemies":"Reptomancer","floor":44,"turns":2},{"damage":0,"enemies":"Maw","floor":46,"turns":3},{"damage":0,"enemies":"Giant Head","floor":48,"turns":3},{"damage":0,"enemies":"Awakened One","floor":50,"turns":4},{"damage":0,"enemies":"Donu and Deca","floor":51,"turns":3},{"damage":0,"enemies":"Shield and Spear","floor":55,"turns":1},{"damage":0,"enemies":"LittleHush","floor":56,"turns":5}],"seed_played":"-299785835264125072","potions_obtained":[{"floor":6,"key":"Block Potion"},{"floor":13,"key":"testmod-SpacePotion"},{"floor":16,"key":"PowerPotion"},{"floor":18,"key":"PowerPotion"},{"floor":23,"key":"SkillPotion"},{"floor":27,"key":"Fire Potion"},{"floor":33,"key":"Regen Potion"},{"floor":39,"key":"Weak Potion"},{"floor":40,"key":"EssenceOfSteel"},{"floor":42,"key":"PotionOfCapacity"},{"floor":46,"key":"Block Potion"}],"is_trial":false,"path_per_floor":["M","?","?","?","?","E","M","E","T","R","M","R","M","$","R","B",null,"M","M","M","$","?","E","R","E","T","M","E","R","?","M","R","B",null,"M","$","M","M","M","E","$","M","T","E","R","M","?","E","R","B","B",null,"R","$","E","B",null],"character_chosen":"DEFECT","items_purchased":["MerchantsRug","Defragment","Membership Card","testmod-Acrobat","GuppysPaw","testmod-ObsoleteBoomerang","REME_ArchaeologicalTools","AT_TimeSand","AT_BellowingDragoncrestRing","ClockworkSouvenir","REME_LimitBreaker","Mummified Hand","Gambling Chip","BookofShadows","TheBible"],"campfire_rested":0,"item_purchase_floors":[14,14,21,21,21,21,36,41,41,54,54,54,54,54,54],"current_hp_per_floor":[45,45,52,59,45,46,48,48,49,49,51,51,53,53,53,52,101,87,89,86,88,88,88,88,96,96,97,105,105,105,112,112,124,150,156,158,177,204,200,212,214,224,224,238,238,255,256,280,280,303,317,324,324,324,333,377],"gold":96,"neow_bonus":"TRANSFORM_TWO_CARDS","is_daily":false,"chose_seed":false,"campfire_upgraded":8,"win_rate":0.0,"timestamp":1611228980,"path_taken":["M","?","?","?","?","E","M","E","T","R","M","R","M","$","R","BOSS","M","M","M","$","?","E","R","E","T","M","E","R","?","M","R","BOSS","M","$","M","M","M","E","$","M","T","E","R","M","?","E","R","BOSS","BOSS","R","$","E","BOSS"],"items_purchased_type":["Relic","Card","Relic","Relic","Relic","Relic","Relic","Relic","Relic","Relic","Relic","Relic","Relic","Relic","Relic"],"build_version":"2020-12-18","purchased_purges":4,"victory":true,"max_hp_per_floor":[81,73,80,109,110,111,112,113,114,114,115,115,116,116,116,117,117,119,120,121,123,123,125,125,132,132,139,146,146,146,152,152,163,158,163,165,185,211,221,237,239,247,247,259,259,273,274,295,295,315,326,326,326,326,335,377],"card_choices":[{"not_picked":[],"picked":"SuicideKing","floor":0},{"not_picked":["Hyperbeam","Gash"],"picked":"Go for the Eyes","floor":1},{"not_picked":["Darkness","Redo","Fan"],"picked":"SKIP","floor":6},{"not_picked":["Rip and Tear","Auto Shields"],"picked":"Recycle","floor":7},{"not_picked":["Steam","Streamline"],"picked":"Bomb","floor":8},{"not_picked":["Bomb","Leap","Redo"],"picked":"SKIP","floor":11},{"not_picked":["Aggregate","Bomb"],"picked":"Coolheaded","floor":13},{"not_picked":["Machine Learning","REME_Shoggoth"],"picked":"AT_RightCognition","floor":16},{"not_picked":["Consume","Doom and Gloom+1","Hello World"],"picked":"SKIP","floor":18},{"not_picked":["White Noise","Ball Lightning"],"picked":"Blizzard+1","floor":19},{"not_picked":["Darkness","Go for the Eyes","Ball Lightning"],"picked":"SKIP","floor":20},{"not_picked":["Leap","Blizzard"],"picked":"Coolheaded","floor":23},{"not_picked":["Reprogram+1","REME_DataAnalysis"],"picked":"Electrodynamics","floor":25},{"not_picked":["Stack","Hologram+1","Reinforced Body"],"picked":"SKIP","floor":27},{"not_picked":["Chaos","White Noise","AT_WarpDrive"],"picked":"SKIP","floor":28},{"not_picked":["Leap","Streamline"],"picked":"AT_StudyProgram","floor":31},{"not_picked":["REME_Shoggoth","All For One"],"picked":"Echo Form","floor":33},{"not_picked":["Hologram","Go for the Eyes"],"picked":"Heatsinks","floor":35},{"not_picked":["Go for the Eyes+1","REME_SelfUpgrade+1","Streamline"],"picked":"SKIP","floor":37},{"not_picked":["Leap+1","Gash","Hologram"],"picked":"SKIP","floor":38},{"not_picked":["Compile Driver","Turbo","Rip and Tear"],"picked":"SKIP","floor":39},{"not_picked":["Distribution+1","Seek","Tempest"],"picked":"SKIP","floor":40},{"not_picked":["Conserve Battery+1","Stack","Hologram"],"picked":"SKIP","floor":42},{"not_picked":["Streamline+1","AT_WarpDrive"],"picked":"AT_WaterDrop","floor":44},{"not_picked":["Darkness+1","Chaos+1","AT_WarpDrive"],"picked":"SKIP","floor":46},{"not_picked":["Doom and Gloom+1","Streamline+1","Scrape"],"picked":"SKIP","floor":48},{"not_picked":["Conserve Battery","BootSequence+1","Aggregate"],"picked":"SKIP","floor":55}],"player_experience":645616,"relics_obtained":[{"floor":6,"key":"AT_SunfireAegis"},{"floor":8,"key":"The Courier"},{"floor":23,"key":"AT_GuinsooRageblade"},{"floor":25,"key":"Ice Cream"},{"floor":26,"key":"testmod-EqualTreatment"},{"floor":28,"key":"Incense Burner"},{"floor":40,"key":"Juzu Bracelet"},{"floor":40,"key":"Pen Nib"},{"floor":43,"key":"testmod-Fortitude"},{"floor":44,"key":"AT_Manta"},{"floor":44,"key":"testmod-ThousandKnives"},{"floor":48,"key":"testmod-ArcanaOfDestiny"},{"floor":48,"key":"Oddly Smooth Stone"},{"floor":55,"key":"TuHaoJin"},{"floor":55,"key":"testmod-OneHitWonder"}],"event_choices":[{"damage_healed":0,"gold_gain":0,"player_choice":"Lose Max HP","damage_taken":0,"relics_obtained":["Golden Idol"],"max_hp_gain":0,"max_hp_loss":8,"event_name":"Golden Idol","floor":2,"gold_loss":0},{"damage_healed":0,"gold_gain":0,"player_choice":"Swap Relic","damage_taken":0,"relics_obtained":["MagicMushroom"],"max_hp_gain":0,"max_hp_loss":0,"event_name":"给自己的盒子","floor":3,"relics_lost":["AT_ATBox"],"gold_loss":0},{"cards_removed":["Strike_B"],"damage_healed":0,"gold_gain":0,"player_choice":"Card Removal","damage_taken":0,"max_hp_gain":0,"max_hp_loss":0,"event_name":"The Cleric","floor":4,"gold_loss":75},{"damage_healed":0,"gold_gain":0,"cards_transformed":["Fan","SuicideKing"],"player_choice":"Became Test Subject","damage_taken":0,"max_hp_gain":0,"max_hp_loss":0,"event_name":"Drug Dealer","floor":22,"gold_loss":0,"cards_obtained":["Streamline","Metamorphosis"]},{"cards_removed":["Gash"],"damage_healed":0,"gold_gain":0,"player_choice":"Elegance","damage_taken":0,"max_hp_gain":0,"max_hp_loss":0,"event_name":"Back to Basics","floor":30,"gold_loss":0},{"damage_healed":0,"gold_gain":400,"player_choice":"Sell","damage_taken":0,"max_hp_gain":0,"max_hp_loss":0,"event_name":"恩洛斯的盘子","floor":47,"relics_lost":["REME_ComplimentaryCards"],"gold_loss":0}],"is_beta":true,"boss_relics":[{"not_picked":["testmod-Fanaticism","Calling Bell"],"picked":"Pandora\u0027s Box"},{"not_picked":[]},{"not_picked":["REME_DuelDisc","testmod-StringDisintegrator"],"picked":"Black Star"},{"not_picked":[]}],"items_purged_floors":[14,34,36,54],"is_endless":false,"potions_floor_spawned":[6,13,16,18,23,27,33,39,40,42,46],"ascension_level":20}}