{"host":"TheShotgunBoss","time":1611191723,"event":{"mods":["AchievementEnabler","Always Whale","Aspiration","BaseMod","Beaked The Cultist","Colored Map","Colored Powertips","Colorless Booster Pack","Conspire","Downfall","Energized Spire","FetchMod","GifTheSpireLib","Halation","Hubris","Infinite Spire","Jedi Mod","Minty Spire (QoL Compilation)","Quick Restart","RNG!","Relic Sorter","SacredBarkPlus","Shop Mod","Spikes Relics","StSLib","Stuff the Spire","The Blue Laboratory","The Construct","Uncapped","Unceasing Turn Reminder","everything is the same but u backflip on backflip","vexMod","??????REMEMod"],"gold_per_floor":[99,112,142,159,159,159,182,192,192,102,129,140,150,183,201,300,300,300,310,310,395,395,128,151,99,99,128,145,175,175,193,203,302,302,302,319,319,369,369,369,395,395,142,142,156,156,173,192,210,210,210,210],"floor_reached":50,"language":"ENG","playtime":2612,"items_purged":["Slimebound:Strike_Slimebound","Slimebound:Strike_Slimebound"],"score":541,"play_id":"ee4f068a-fdf9-46e5-8bea-0a9950e5bcb3","local_time":"20210120201523","is_ascension_mode":true,"campfire_choices":[{"data":"BattleHymn","floor":1,"key":"SMITH"},{"data":"Slimebound:Split","floor":6,"key":"SMITH"},{"data":"Slimebound:SlimeSlap","floor":18,"key":"SMITH"},{"data":"Slimebound:SpikyOuterGoop","floor":26,"key":"SMITH"},{"data":"Slimebound:SpikyOuterGoop","floor":30,"key":"SMITH"},{"data":"Slimebound:Grow","floor":35,"key":"SMITH"},{"data":"Slimebound:AcidTongue","floor":40,"key":"SMITH"},{"data":"Slimebound:OozeBath","floor":42,"key":"SMITH"},{"data":"Slimebound:RainOfGoop","floor":44,"key":"SMITH"},{"data":"Slimebound:LeechEnergy","floor":46,"key":"SMITH"}],"circlet_count":0,"master_deck":["Slimebound:Tackle","Slimebound:Defend_Slimebound","Slimebound:Defend_Slimebound","Slimebound:Defend_Slimebound","Slimebound:Split+1","Slimebound:CorrosiveSpit","BattleHymn+1","Slimebound:MegaLick","Slimebound:DisruptingSlam","Slimebound:OozeBath+1","Slimebound:SlimeSpikes","Slimebound:SlimeSlap+1","Slimebound:LeechingTouch+1","Slimebound:SpikyOuterGoop+1","Slimebound:RainOfGoop+1","Slimebound:Gluttony","Slimebound:Recollect","Slimebound:SpikyOuterGoop+1","Slimebound:AcidTongue+1","Slimebound:LeechEnergy+1","Slimebound:Grow+1","Slimebound:Recycling","Slimebound:SpikyOuterGoop+1","Slimebound:Recollect","Slimebound:SamplingLick+1","Slimebound:GrowthPunch+1"],"relics":["Slimebound:AbsorbEndCombat","REME_ComplimentaryCards","Blood Vial","Oddly Smooth Stone","conspire:TopHat","vexMod:BarristanHead","SacredBark","halation:LettersToHer","RetroEgg","halation:PrussianBluePaint","Sozu","halation:PinkSoulGem","Pocketwatch","aspiration:ChemicalBlood","StuffTheSpire:EmeraldSignet"],"acts_visited":["Exordium","TheCity","TheBeyond"],"potions_floor_usage":[16,50,50],"damage_taken":[{"damage":3,"enemies":"Small Slimes","floor":2,"turns":4},{"damage":0,"enemies":"2 Louse","floor":4,"turns":2},{"damage":0,"enemies":"Cultist","floor":8,"turns":3},{"damage":0,"enemies":"downfall:FleeingMerchant","floor":10,"turns":4},{"damage":29,"enemies":"Gremlin Nob","floor":11,"turns":4},{"damage":4,"enemies":"Exordium Thugs","floor":12,"turns":5},{"damage":7,"enemies":"Lots of Slimes","floor":13,"turns":4},{"damage":0,"enemies":"Lagavulin","floor":14,"turns":6},{"damage":0,"enemies":"2 Fungi Beasts","floor":15,"turns":3},{"damage":45,"enemies":"IC_STATUS_ARCHETYPE","floor":16,"turns":11},{"damage":0,"enemies":"Chosen","floor":19,"turns":5},{"damage":0,"enemies":"downfall:FleeingMerchant","floor":23,"turns":4},{"damage":5,"enemies":"downfall:FleeingMerchant","floor":25,"turns":4},{"damage":32,"enemies":"Slavers","floor":27,"turns":6},{"damage":0,"enemies":"Snecko","floor":28,"turns":5},{"damage":21,"enemies":"Book of Stabbing","floor":29,"turns":6},{"damage":10,"enemies":"Cultist and Chosen","floor":31,"turns":6},{"damage":0,"enemies":"Centurion and Healer","floor":32,"turns":7},{"damage":11,"enemies":"WA_ARCHETYPE_CALM","floor":33,"turns":11},{"damage":5,"enemies":"Orb Walker","floor":36,"turns":4},{"damage":3,"enemies":"Orb Walker","floor":38,"turns":6},{"damage":7,"enemies":"downfall:FleeingMerchant","floor":43,"turns":4},{"damage":9,"enemies":"3 Shapes","floor":45,"turns":6},{"damage":30,"enemies":"Spire Growth","floor":47,"turns":6},{"damage":20,"enemies":"4 Shapes","floor":48,"turns":6},{"damage":29,"enemies":"Jaw Worm Horde","floor":49,"turns":6},{"damage":22,"enemies":"DF_ARCHETYPE_ORBS","floor":50,"turns":2}],"seed_played":"4024734399504589067","potions_obtained":[{"floor":4,"key":"Strength Potion"},{"floor":11,"key":"blueLaboratory:BubblePotion"},{"floor":12,"key":"blueLaboratory:PyrophylliteBrew"},{"floor":15,"key":"DuplicationPotion"},{"floor":19,"key":"blueLaboratory:BottleOfVodka"}],"is_trial":false,"path_per_floor":["R","M","?","M","?","R","T","M","$","$","E","M","M","E","M","B",null,"R","M","?","?","?","$","T","$","R","E","M","E","R","M","M","B",null,"R","M","?","?","?","R","T","R","$","R","M","R","M","M","M","B"],"character_chosen":"SLIMEBOUND","items_purchased":["Slimebound:Gluttony","Slimebound:Recollect","Slimebound:SpikyOuterGoop","StuffTheSpire:EmeraldSignet"],"campfire_rested":0,"item_purchase_floors":[23,23,25,43],"current_hp_per_floor":[65,64,64,65,65,65,65,65,65,65,40,42,45,55,61,26,65,65,65,65,53,53,63,63,65,65,39,49,38,38,38,48,47,65,65,65,65,65,65,65,65,65,64,64,64,64,43,33,14,0,0,0],"gold":210,"neow_bonus":"RANDOM_COMMON_RELIC","is_daily":false,"chose_seed":false,"campfire_upgraded":10,"win_rate":0.0,"timestamp":1611191723,"path_taken":["R","M","?","M","?","R","T","?","?","$","E","M","M","E","M","BOSS","R","M","?","?","?","$","T","?","R","E","M","E","R","M","M","BOSS","R","M","?","?","?","R","T","R","$","R","?","R","M","M","M","BOSS"],"items_purchased_type":["Card","Card","Card","Relic"],"build_version":"2020-12-18","purchased_purges":2,"victory":false,"max_hp_per_floor":[65,65,65,65,65,65,65,65,65,65,65,65,65,65,65,65,65,65,65,65,65,65,65,65,65,65,65,65,65,65,65,65,65,65,65,65,65,65,65,65,65,65,65,65,65,65,65,65,65,65,65,65],"card_choices":[{"not_picked":["Slimebound:ViciousTackle","Slimebound:ComboTackle","Slimebound:GoopSpray"],"picked":"SKIP","floor":2},{"not_picked":["Slimebound:LeechingTouch","Slimebound:HungryTackle"],"picked":"Slimebound:MegaLick","floor":4},{"not_picked":["Slimebound:MegaLick","Slimebound:SpikyOuterGoop","Slimebound:GrowthPunch"],"picked":"SKIP","floor":8},{"not_picked":["Slimebound:Recollect","Slimebound:RollThrough"],"picked":"Slimebound:DisruptingSlam","floor":10},{"not_picked":["Slimebound:FinishingTackle","Slimebound:LeechEnergy","Slimebound:SpikyOuterGoop"],"picked":"SKIP","floor":11},{"not_picked":["Slimebound:SplitLeeching","Slimebound:SplitAcid","Slimebound:ComboTackle"],"picked":"SKIP","floor":12},{"not_picked":["Slimebound:GoopSpray","Slimebound:PressTheAttack"],"picked":"Slimebound:OozeBath","floor":13},{"not_picked":["Slimebound:Schlurp","Slimebound:Chomp","Slimebound:Prepare"],"picked":"SKIP","floor":14},{"not_picked":["Slimebound:SplitMire","Slimebound:FinishingTackle"],"picked":"Slimebound:SlimeSpikes","floor":15},{"not_picked":["Slimebound:SelfFormingGoo","Slimebound:TagTeam"],"picked":"Slimebound:SlimeSlap","floor":16},{"not_picked":["Slimebound:Replication","Slimebound:ViciousTackle"],"picked":"Slimebound:LeechingTouch+1","floor":19},{"not_picked":["Slimebound:FinishingTackle","Slimebound:Replication"],"picked":"Slimebound:RainOfGoop","floor":23},{"not_picked":["Slimebound:Chomp","Slimebound:LevelUp","Slimebound:SplitAcid"],"picked":"SKIP","floor":25},{"not_picked":["Slimebound:SplitBruiser","Slimebound:ComboTackle+1","Slimebound:SlimeSpikes"],"picked":"SKIP","floor":27},{"not_picked":["Slimebound:SplitBruiser","Slimebound:Prepare","Slimebound:SlimeSpikes"],"picked":"SKIP","floor":28},{"not_picked":["Slimebound:DivideAndConquer+1","Slimebound:RallyTheTroops"],"picked":"Slimebound:AcidTongue","floor":29},{"not_picked":["Slimebound:SplitAcid","Slimebound:PressTheAttack+1"],"picked":"Slimebound:LeechEnergy","floor":31},{"not_picked":["Slimebound:LeechEnergy","Slimebound:ComboTackle"],"picked":"Slimebound:Grow","floor":32},{"not_picked":["Slimebound:DouseInSlime","Slimebound:SelfFormingGoo"],"picked":"Slimebound:Recycling","floor":33},{"not_picked":["Slimebound:GoopSpray+1","Slimebound:SlimeTap+1","Slimebound:AcidTongue+1"],"picked":"SKIP","floor":36},{"not_picked":["Slimebound:ServeAndProtect","Slimebound:MegaLick"],"picked":"Slimebound:SpikyOuterGoop+1","floor":38},{"not_picked":["Slimebound:AcidTongue","Slimebound:FinishingTackle","Slimebound:Schlurp"],"picked":"SKIP","floor":43},{"not_picked":["Slimebound:SplitMire+1","Slimebound:FinishingTackle+1"],"picked":"Slimebound:SamplingLick+1","floor":45},{"not_picked":["Slimebound:Prepare+1","Slimebound:Schlurp+1","Slimebound:ComboTackle"],"picked":"SKIP","floor":47},{"not_picked":["Slimebound:GoopTackle+1","Slimebound:Prepare+1","Slimebound:Chomp+1"],"picked":"SKIP","floor":48},{"not_picked":["Slimebound:GoopTackle+1","Slimebound:Prepare+1","Slimebound:Chomp+1"],"picked":"SKIP","floor":48},{"not_picked":["Slimebound:MassFeed","Slimebound:Chomp+1"],"picked":"Slimebound:GrowthPunch+1","floor":49}],"player_experience":263878,"relics_obtained":[{"floor":7,"key":"Oddly Smooth Stone"},{"floor":11,"key":"conspire:TopHat"},{"floor":14,"key":"vexMod:BarristanHead"},{"floor":24,"key":"halation:LettersToHer"},{"floor":27,"key":"RetroEgg"},{"floor":29,"key":"halation:PrussianBluePaint"},{"floor":38,"key":"Pocketwatch"},{"floor":41,"key":"halation:LettersToHer"},{"floor":41,"key":"aspiration:ChemicalBlood"}],"event_choices":[{"cards_removed":["Slimebound:Strike_Slimebound"],"damage_healed":0,"gold_gain":0,"player_choice":"Card Removal","damage_taken":0,"max_hp_gain":0,"max_hp_loss":0,"event_name":"Wheel of Change","floor":5,"gold_loss":0},{"damage_healed":0,"gold_gain":0,"player_choice":"Read","damage_taken":0,"max_hp_gain":0,"max_hp_loss":0,"event_name":"The Library","floor":20,"gold_loss":0,"cards_obtained":["Slimebound:SpikyOuterGoop"]},{"damage_healed":0,"gold_gain":0,"player_choice":"Leave","damage_taken":0,"max_hp_gain":0,"max_hp_loss":0,"event_name":"conspire:Investor","floor":22,"gold_loss":0}],"is_beta":true,"boss_relics":[{"not_picked":["vexMod:NewClearReactor","halation:Yufonium"],"picked":"SacredBark"},{"not_picked":["aspiration:PoetsPen","jedi:battlestandard"],"picked":"Sozu"}],"items_purged_floors":[10,23],"is_endless":false,"potions_floor_spawned":[4,11,12,15,19,27,32,36,45,49],"killed_by":"DF_ARCHETYPE_ORBS","ascension_level":1}}