{"host":"1ecbliur7lfoj0sl","time":1611202497,"event":{"mods":["BaseMod","Crowbot","Downfall","Minty Spire (QoL Compilation)","StSLib","Waifu the Spire"],"gold_per_floor":[113,113,113,113,113,113,127,127,127,138,151,151,171,184,184,184,184],"floor_reached":16,"language":"ZHS","playtime":418,"items_purged":[],"score":92,"play_id":"b2feab5c-1a0b-4820-897e-d0885e6d91cd","local_time":"20210121121457","is_ascension_mode":false,"campfire_choices":[{"data":"crowbot:Railgun","floor":6,"key":"SMITH"},{"data":"crowbot:FullMetalJacket","floor":8,"key":"SMITH"},{"data":"crowbot:MetalSlug","floor":15,"key":"SMITH"}],"circlet_count":0,"master_deck":["crowbot:Slug","crowbot:Slug","crowbot:Slug+1","crowbot:HeavySlug","crowbot:Defend","crowbot:Defend","crowbot:Defend","crowbot:Defend+1","crowbot:Railgun+1","crowbot:FullMetalJacket+1","crowbot:CoverFire","crowbot:MetalSlug+1"],"relics":["Sundial","Kunai"],"acts_visited":["Exordium"],"potions_floor_usage":[14],"damage_taken":[{"damage":0,"enemies":"2 Louse","floor":1,"turns":3},{"damage":0,"enemies":"Small Slimes","floor":7,"turns":2},{"damage":0,"enemies":"Jaw Worm","floor":10,"turns":1},{"damage":9,"enemies":"2 Fungi Beasts","floor":11,"turns":4},{"damage":9,"enemies":"3 Louse","floor":13,"turns":6},{"damage":11,"enemies":"Exordium Wildlife","floor":14,"turns":3},{"damage":31,"enemies":"Hexaghost","floor":16,"turns":9}],"seed_played":"6215097567582889479","potions_obtained":[{"floor":11,"key":"Swift Potion"},{"floor":13,"key":"Strength Potion"},{"floor":14,"key":"SpeedPotion"}],"is_trial":false,"path_per_floor":["M","?","?","?","T","R","M","R","T","M","M","T","M","M","R","B"],"character_chosen":"CROWBOT","items_purchased":[],"campfire_rested":0,"item_purchase_floors":[],"current_hp_per_floor":[74,59,64,57,57,57,57,57,57,57,48,48,39,28,28,0,0],"gold":184,"neow_bonus":"TRANSFORM_CARD","is_daily":false,"chose_seed":false,"campfire_upgraded":3,"win_rate":0.0,"timestamp":1611202497,"path_taken":["M","?","?","?","?","R","M","R","T","M","M","?","M","?","R","BOSS"],"items_purchased_type":[],"build_version":"2020-12-22","purchased_purges":0,"victory":false,"max_hp_per_floor":[74,74,79,79,79,79,79,79,79,79,79,79,79,79,79,79,79],"card_choices":[{"not_picked":["crowbot:Sparklers","crowbot:Tranquilizer","crowbot:IronCross"],"picked":"SKIP","floor":1},{"not_picked":["crowbot:Pellet","crowbot:Hyperlight"],"picked":"crowbot:FullMetalJacket","floor":7},{"not_picked":["crowbot:Hyperlight","crowbot:IAmTheGun","crowbot:Stash"],"picked":"SKIP","floor":10},{"not_picked":["crowbot:IronCross","crowbot:Transmute"],"picked":"crowbot:CoverFire","floor":11},{"not_picked":["crowbot:IronCross","crowbot:Railgun","crowbot:Barrier"],"picked":"SKIP","floor":13},{"not_picked":["crowbot:Tranquilizer","crowbot:Reload"],"picked":"crowbot:MetalSlug","floor":14}],"player_experience":82691,"relics_obtained":[{"floor":5,"key":"Sundial"},{"floor":12,"key":"Kunai"}],"event_choices":[{"damage_healed":0,"gold_gain":0,"player_choice":"Entered Light","damage_taken":15,"max_hp_gain":0,"max_hp_loss":0,"event_name":"Shining Light","floor":2,"gold_loss":0,"cards_upgraded":["crowbot:Defend","crowbot:Slug"]},{"damage_healed":0,"gold_gain":0,"player_choice":"Donut","damage_taken":0,"max_hp_gain":5,"max_hp_loss":0,"event_name":"Big Fish","floor":3,"gold_loss":0},{"cards_removed":["crowbot:Defend"],"damage_healed":0,"gold_gain":0,"player_choice":"Card Removal","damage_taken":7,"max_hp_gain":0,"max_hp_loss":0,"event_name":"Golden Wing","floor":4,"gold_loss":0}],"is_beta":false,"boss_relics":[],"items_purged_floors":[],"is_endless":false,"potions_floor_spawned":[11,13,14],"killed_by":"Hexaghost","ascension_level":0}}