{"host":"0j14tftqx740pozz","time":1611235241,"event":{"mods":["Act Like it!","BaseMod","Bestiary","Better Altar","Better Match","Better Note","Better Sensory Stone","Better Skull","DeckTracker","Gensokyo","Minty Spire (QoL Compilation)","MostiFishMod","Replay The Spire","StSLib","Waifu the Spire"],"gold_per_floor":[111,124,124,124,49,80,97,311,311,336,355,371,386,68,68,168,168,184,0,0,438,189,200,212,222,222,222,222,256,79,79,87,121,121,525,525,745,685,685,705,732,762,1181,1212,1212,1247,816,816,836,859,859,859,859,859,618,643,643],"floor_reached":58,"language":"ZHS","playtime":3371,"items_purged":["Strike_R","Shame","Amnesia","Defend_R","Strike_R"],"score":1614,"play_id":"c8cba441-556e-4af2-a23e-d6f2571103a4","local_time":"20210121212041","is_ascension_mode":true,"campfire_choices":[{"data":"Body Slam","floor":15.0,"key":"SMITH"},{"data":"Apotheosis","floor":34,"key":"SMITH"},{"floor":48,"key":"RECALL"},{"data":"Limit Break","floor":51,"key":"SMITH"},{"data":"ReplayTheSpireMod:Private Reserves","floor":54,"key":"SMITH"}],"circlet_count":0,"master_deck":["Strike_R","Strike_R+1","Defend_R","Defend_R+1","Defend_R+1","Bash","Rupture+1","Body Slam+1","Flame Barrier","Shrug It Off+1","Brutality+1","MostiFishMod:FireWorks","Inflame+1","MostiFishMod:ButterFly+1","Shockwave","Entrench","ReplayTheSpireMod:Muscle Training+1","Apotheosis+1","ReplayTheSpireMod:Private Reserves+1","Gensokyo:CustomPotion","Impervious","Hemokinesis+1","Limit Break+1","MostiFishMod:CullingBlade+1","Metallicize+1"],"relics":["Burning Blood","DaveBox","MostiFishMod:Haymaker","NeowsBlessing","SynthV:TestCard","Gensokyo:OccultBall","Gensokyo:CelestialsFlawlessClothing","Bronze Scales","Frozen Egg 2","Another Sword","Membership Card","Mummified Hand","Sozu","MostiFishMod:AdaptiveDefenses","Lantern","Tiny Chest","Vajra","ReplayTheSpireMod:CursedCoin","Happy Flower","Eternal Feather","Replay:Grab Bag","Ooze Armor","SlaversCollar","ShadowXiaoBlade","HornCleat","Ice Cream","Juzu Bracelet","PreservedInsect","Ancient Tea Set","Bag of Marbles","DaCapo","TheAbacus","ReplayTheSpireMod:TigerMarble","ReplayTheSpireMod:Lightbulb","TungstenRod","Whetstone"],"acts_visited":["Gensokyo:Gensokyo","Gensokyo:Gensokyoer","Gensokyo:Gensokyoest","TheEnding"],"potions_floor_usage":[49,57,57],"damage_taken":[{"damage":0.0,"enemies":"Gensokyo:Python","floor":1.0,"turns":1.0},{"damage":0.0,"enemies":"Gensokyo:2_Kodama","floor":2.0,"turns":1.0},{"damage":0.0,"enemies":"Gensokyo:Cirno","floor":6.0,"turns":2.0},{"damage":10.0,"enemies":"Gensokyo:Gryphon","floor":7.0,"turns":3.0},{"damage":10.0,"enemies":"Gensokyo:Mamizou","floor":10.0,"turns":9.0},{"damage":7.0,"enemies":"Gensokyo:Python_and_Kodama","floor":11.0,"turns":4.0},{"damage":3.0,"enemies":"Gensokyo:3_Kodama","floor":12.0,"turns":3.0},{"damage":2.0,"enemies":"Gensokyo:5_Fairies","floor":13.0,"turns":5.0},{"damage":33.0,"enemies":"Gensokyo:Reimu","floor":16.0,"turns":8.0},{"damage":10.0,"enemies":"Gensokyo:2_Gloops","floor":18.0,"turns":4.0},{"damage":6,"enemies":"Gensokyo:Chomper","floor":23,"turns":3},{"damage":0,"enemies":"Gensokyo:Swordslinger","floor":24,"turns":3},{"damage":0,"enemies":"Gensokyo:Mirror_and_Dog","floor":25,"turns":1},{"damage":7,"enemies":"Gensokyo:Koishi","floor":29,"turns":3},{"damage":18,"enemies":"Gensokyo:Tenshi","floor":33,"turns":4},{"damage":159,"enemies":"Gensokyo:Eternal_Rivals","floor":35,"turns":6},{"damage":23,"enemies":"Gensokyo:3_Bats","floor":37,"turns":3},{"damage":6,"enemies":"Gensokyo:AncientGuardian","floor":40,"turns":3},{"damage":6,"enemies":"Gensokyo:Doremy","floor":42,"turns":3},{"damage":47,"enemies":"Gensokyo:SeedOfUnknown","floor":43,"turns":3},{"damage":5,"enemies":"Gensokyo:Marisa","floor":44,"turns":3},{"damage":8,"enemies":"Gensokyo:Doremy","floor":46,"turns":3},{"damage":3,"enemies":"Gensokyo:Rafflesia","floor":49,"turns":2},{"damage":14,"enemies":"Gensokyo:Yuyuko","floor":52,"turns":3},{"damage":4,"enemies":"Shield and Spear","floor":56,"turns":2},{"damage":59,"enemies":"The Heart","floor":57,"turns":4}],"seed_played":"-4108071640235776945","potions_obtained":[{"floor":1.0,"key":"Dexterity Potion"},{"floor":2.0,"key":"LifebloodPotion"},{"floor":12.0,"key":"Weak Potion"},{"floor":13.0,"key":"SteroidPotion"}],"is_trial":false,"path_per_floor":["M","M","?","?","?","E","M","?","T","E","M","M","M","$","R","B",null,"M","?","?","?","$","M","M","M","T","PTL","PTL","E","COS","?","$","E","R","B",null,"M","?","?","M","T","E","M","E","T","E","$","R","M","T","R","B",null,"R","$","E","B",null],"character_chosen":"IRONCLAD","items_purchased":["Membership Card","Mummified Hand","MostiFishMod:AdaptiveDefenses","Lantern","MostiFishMod:ButterFly","ReplayTheSpireMod:CursedCoin","Happy Flower","DaCapo","MostiFishMod:CullingBlade+1","TheAbacus","ReplayTheSpireMod:TigerMarble","TungstenRod"],"campfire_rested":0,"item_purchase_floors":[14,14,22,22,22,32,32,47,47,47,47,55],"current_hp_per_floor":[80,80,80,60,60,66,62,42,42,38,37,40,44,44,44,17,80,76,76,76,37,37,41,47,53,53,53,53,56,56,56,56,70,80,80,80,64,64,64,68,68,80,43,48,48,58,58,73,80,80,80,80,80,80,80,80,27],"gold":643,"neow_bonus":"THREE_ENEMY_KILL","is_daily":false,"chose_seed":false,"campfire_upgraded":4,"win_rate":0.0,"timestamp":1611235241,"path_taken":["M","?","?","?","?","E","M","?","T","E","?","M","M","?","R","BOSS","M","?","?","?","$","?","M","M","T","PTL","PTL","E","COS","?","$","E","R","BOSS","M","?","?","M","?","E","M","E","T","E","$","R","M","?","R","BOSS","R","$","E","BOSS"],"items_purchased_type":["Relic","Relic","Relic","Relic","Card","Relic","Relic","Relic","Card","Relic","Relic","Relic"],"build_version":"2020-12-22","purchased_purges":5,"victory":true,"max_hp_per_floor":[80,80,80,80,80,80,80,80,80,80,80,80,80,80,80,80,80,80,80,80,80,80,80,80,80,80,80,80,80,80,80,80,80,80,80,80,80,80,80,80,80,80,80,80,80,80,80,80,80,80,80,80,80,80,80,80,80],"card_choices":[{"not_picked":["Carnage","Clash"],"picked":"MostiFishMod:BrandingRite","floor":1.0},{"not_picked":["Flex","Sword Boomerang","Run Through","ReplayTheSpireMod:Stacked"],"picked":"Warcry","floor":2.0},{"not_picked":["Sever Soul","Hemokinesis","Thunderclap","Flex"],"picked":"Rupture","floor":6.0},{"not_picked":["Replay:Undeath\u0027s Touch","Shrug It Off","Armaments","Inflame"],"picked":"Body Slam","floor":7.0},{"not_picked":["Havoc","Thunderclap","Replay:Undeath\u0027s Touch","Clash"],"picked":"Dual Wield","floor":10.0},{"not_picked":["Fire Breathing+1","Rupture+1","Clash","Heavy Blade"],"picked":"Flame Barrier","floor":11.0},{"not_picked":["True Grit","Replay:Undeath\u0027s Touch","Body Slam","Reckless Charge"],"picked":"Shrug It Off","floor":12.0},{"not_picked":["True Grit","Reckless Charge","Armaments","Twin Strike"],"picked":"Brutality+1","floor":13.0},{"not_picked":["Reaper","MostiFishMod:KnuckleDown","Eclipse","Immolate"],"picked":"MostiFishMod:FireWorks","floor":16.0},{"not_picked":["Clothesline+1","Shrug It Off","ReplayTheSpireMod:Strike From Hell","Sword Boomerang"],"picked":"Inflame+1","floor":18.0},{"not_picked":["Flex+1","ReplayReversal","Sword Boomerang","Cleave"],"picked":"Shockwave","floor":23},{"not_picked":["Abandon","Infernal Blade","Shockwave","Heavy Blade"],"picked":"Entrench","floor":24},{"not_picked":["Feel No Pain+1","Disarm","Uppercut","Wild Strike+1","ReplayTheSpireMod:Stacked"],"picked":"SKIP","floor":25},{"not_picked":["Replay:Undeath\u0027s Touch+1","Combust+1","ReplayReversal+1","Run Through"],"picked":"ReplayTheSpireMod:Muscle Training+1","floor":29},{"not_picked":["Forethought","Replay:Sssssssssshield","Secret Weapon","Replay:BasicMightCard+1"],"picked":"Apotheosis","floor":31},{"not_picked":["Replay:Bootleg Shield Generator","Deep Breath","Dramatic Entrance","Swift Strike"],"picked":"ReplayTheSpireMod:Private Reserves","floor":31},{"not_picked":["MostiFishMod:#F4004","Entrench","Warcry","ReplayTheSpireMod:LeadingStrike","Clothesline"],"picked":"SKIP","floor":33},{"not_picked":["Armaments","Fire Breathing+1","Headbutt+1","Clothesline","ReplayTheSpireMod:Strike From Hell"],"picked":"SKIP","floor":37},{"not_picked":["Fire Breathing+1","Carnage","Shrug It Off","Anger","Headbutt+1"],"picked":"SKIP","floor":40},{"not_picked":["Feel No Pain+1","ReplayTheSpireMod:Strike From Hell","Dropkick","Anger","MostiFishMod:KnuckleDown"],"picked":"SKIP","floor":42},{"not_picked":["Headbutt+1","Havoc+1","Searing Blow","Pummel+1","ReplayTheSpireMod:Strike From Hell+1"],"picked":"SKIP","floor":43},{"not_picked":["True Grit","Havoc","Sever Soul+1","Whirlwind+1"],"picked":"Hemokinesis+1","floor":44},{"not_picked":["Heavy Blade","Pummel+1","Uppercut+1","Seeing Red+1"],"picked":"Limit Break","floor":46},{"not_picked":["Warcry","Headbutt+1","Clash+1","Burning Pact+1"],"picked":"Metallicize+1","floor":49},{"not_picked":["Pommel Strike+1","Twin Strike","ReplayTheSpireMod:Limb From Limb+1","Cleave+1","Replay:Undeath\u0027s Touch+1"],"picked":"SKIP","floor":56},{"not_picked":["Pommel Strike+1","Twin Strike","ReplayTheSpireMod:Limb From Limb+1","Cleave+1","Replay:Undeath\u0027s Touch+1"],"picked":"SKIP","floor":56}],"player_experience":702353,"relics_obtained":[{"floor":1.0,"key":"SynthV:TestCard"},{"floor":6.0,"key":"Bronze Scales"},{"floor":9.0,"key":"Frozen Egg 2"},{"floor":10.0,"key":"Another Sword"},{"floor":16.0,"key":"Gensokyo:OccultBall"},{"floor":26,"key":"Tiny Chest"},{"floor":29,"key":"Vajra"},{"floor":33,"key":"Eternal Feather"},{"floor":35,"key":"Gensokyo:OccultBall"},{"floor":42,"key":"Juzu Bracelet"},{"floor":44,"key":"PreservedInsect"},{"floor":45,"key":"Ancient Tea Set"},{"floor":46,"key":"Bag of Marbles"},{"floor":50,"key":"ReplayTheSpireMod:Lightbulb"},{"floor":56,"key":"Whetstone"}],"event_choices":[{"damage_healed":0.0,"max_hp_gain":0.0,"max_hp_loss":0.0,"gold_gain":0.0,"event_name":"betterMatch:BetterMatch","player_choice":"3","floor":5.0,"gold_loss":0.0,"damage_taken":0.0,"cards_obtained":[]},{"damage_healed":0.0,"max_hp_gain":0.0,"max_hp_loss":0.0,"gold_gain":214.0,"event_name":"betterSkull:BetterSkull","player_choice":"GO GO ","floor":8.0,"gold_loss":0.0,"damage_taken":22.0,"cards_upgraded":[],"relics_obtained":[]},{"damage_healed":0,"gold_gain":438,"player_choice":"GO GO GO GO ","damage_taken":43,"relics_obtained":[],"max_hp_gain":0,"max_hp_loss":0,"event_name":"betterSkull:BetterSkull","floor":21,"gold_loss":0,"cards_upgraded":[]},{"damage_healed":0,"gold_gain":2,"player_choice":"1","damage_taken":0,"max_hp_gain":0,"max_hp_loss":0,"event_name":"betterStone:BetterStone","floor":31,"gold_loss":0}],"is_beta":false,"boss_relics":[{"not_picked":["Fusion Hammer","MoonlightInvasionPlan"],"picked":"Sozu"},{"not_picked":["ReplayTheSpireMod:DimensionalGlitch","Painkiller Herb"],"picked":"Replay:Grab Bag"},{"not_picked":["Velvet Choker","ChewingGum"],"picked":"Ooze Armor"},{"not_picked":["Cursed Key","Runic Dome"],"picked":"SlaversCollar"},{"not_picked":["RhineFirstAidKit","Mark of Pain"],"picked":"ShadowXiaoBlade"}],"items_purged_floors":[14,22,32,47,55],"is_endless":false,"potions_floor_spawned":[1,2,12,13,18,23,25,35,37,44,49,56],"ascension_level":1}}