{"host":"06e3yyzgn8o619wl","time":1611237932,"event":{"mods":["BaseMod","Block Reminder","Colored Map","Colored Powertips","DeckTracker","Minty Spire (QoL Compilation)","Relic Stats","StSLib"],"gold_per_floor":[117,127,127,26,26,60,60,75,75,89,89,105,125,135,135,236,236,253,74,84,84,84,84,84],"floor_reached":23,"language":"JPN","playtime":908,"items_purged":["Pain","Strike_P"],"score":251,"play_id":"14e53e4e-6500-4785-b58b-a9050b2ecbed","local_time":"20210121230532","is_ascension_mode":true,"campfire_choices":[{"data":"BattleHymn","floor":7,"key":"SMITH"},{"data":"Vigilance","floor":11,"key":"SMITH"},{"data":"Eruption","floor":15,"key":"SMITH"}],"circlet_count":0,"master_deck":["Defend_P","Defend_P","Defend_P","Defend_P","Eruption+1","Vigilance+1","BattleHymn+1","ClearTheMind","BowlingBash","FearNoEvil+1","TalkToTheHand+1","Wireheading","MasterReality","Protect","Wallop+1","Adaptation","Pray","LessonLearned+1"],"relics":["PureWater","NeowsBlessing","WarpedTongs","White Beast Statue","Molten Egg 2","Black Star"],"acts_visited":["Exordium","TheCity"],"potions_floor_usage":[13],"damage_taken":[{"damage":0,"enemies":"2 Louse","floor":1,"turns":1},{"damage":0,"enemies":"Cultist","floor":2,"turns":1},{"damage":0,"enemies":"3 Sentries","floor":6,"turns":3},{"damage":0,"enemies":"Small Slimes","floor":8,"turns":3},{"damage":8,"enemies":"Blue Slaver","floor":10,"turns":3},{"damage":0,"enemies":"Large Slime","floor":12,"turns":3},{"damage":7,"enemies":"3 Louse","floor":13,"turns":2},{"damage":2,"enemies":"Red Slaver","floor":14,"turns":2},{"damage":21,"enemies":"Hexaghost","floor":16,"turns":7},{"damage":14,"enemies":"2 Thieves","floor":18,"turns":4},{"damage":9,"enemies":"Shell Parasite","floor":20,"turns":3},{"damage":50,"enemies":"Book of Stabbing","floor":23,"turns":5}],"seed_played":"-7640891120103221924","potions_obtained":[{"floor":1,"key":"Swift Potion"},{"floor":2,"key":"Block Potion"},{"floor":8,"key":"Fire Potion"},{"floor":10,"key":"DuplicationPotion"},{"floor":13,"key":"PowerPotion"},{"floor":16,"key":"Ambrosia"}],"is_trial":false,"path_per_floor":["M","M","?","$","?","E","R","M","T","M","R","M","M","M","R","B",null,"M","$","M","?","?","E"],"character_chosen":"WATCHER","items_purchased":["BowlingBash","Wallop+1"],"campfire_rested":0,"item_purchase_floors":[4,19],"current_hp_per_floor":[72,72,72,72,65,65,65,65,65,57,57,57,50,48,48,27,72,58,58,49,49,49,0,0],"gold":84,"neow_bonus":"THREE_ENEMY_KILL","is_daily":false,"chose_seed":false,"campfire_upgraded":3,"win_rate":0.0,"timestamp":1611237932,"path_taken":["M","M","?","?","?","E","R","M","T","M","R","M","M","M","R","BOSS","M","$","M","?","?","E"],"items_purchased_type":["Card","Card"],"build_version":"2020-12-22","purchased_purges":2,"victory":false,"max_hp_per_floor":[72,72,72,72,72,72,72,72,72,72,72,72,72,72,72,72,72,72,72,72,72,72,72,72],"relic_stats":{"counters":[12,37],"Black Star":0,"obtain_stats":[{"NeowsBlessing":0,"Molten Egg 2":9,"Black Star":17,"PureWater":0,"White Beast Statue":6,"WarpedTongs":3},{"NeowsBlessing":0,"Molten Egg 2":4,"Black Star":9,"PureWater":0,"White Beast Statue":3,"WarpedTongs":2},{"NeowsBlessing":0,"Molten Egg 2":8,"Black Star":25,"PureWater":0,"White Beast Statue":5,"WarpedTongs":2}],"WarpedTongs":[35]},"card_choices":[{"not_picked":["Adaptation","CutThroughFate"],"picked":"BattleHymn","floor":1},{"not_picked":["Consecrate","CrushJoints"],"picked":"ClearTheMind","floor":2},{"not_picked":["Vengeance","FlurryOfBlows","Halt"],"picked":"SKIP","floor":6},{"not_picked":["Consecrate","Halt","JustLucky"],"picked":"SKIP","floor":8},{"not_picked":["Evaluate","JustLucky+1"],"picked":"FearNoEvil+1","floor":10},{"not_picked":["Swivel","SashWhip+1"],"picked":"TalkToTheHand+1","floor":12},{"not_picked":["WreathOfFlame","Fasting2"],"picked":"Wireheading","floor":13},{"not_picked":["EmptyFist+1","Halt","Study"],"picked":"SKIP","floor":14},{"not_picked":["SpiritShield","Judgement"],"picked":"MasterReality","floor":16},{"not_picked":["JustLucky+1","EmptyFist+1"],"picked":"Protect","floor":18},{"not_picked":["CutThroughFate+1","ClearTheMind"],"picked":"Adaptation","floor":20}],"player_experience":107967,"relics_obtained":[{"floor":6,"key":"White Beast Statue"},{"floor":9,"key":"Molten Egg 2"}],"event_choices":[{"damage_healed":0,"gold_gain":0,"player_choice":"Rummage","damage_taken":0,"relics_obtained":["WarpedTongs"],"max_hp_gain":0,"max_hp_loss":0,"event_name":"Accursed Blacksmith","floor":3,"gold_loss":0,"cards_obtained":["Pain"]},{"cards_removed":["Strike_P"],"damage_healed":0,"gold_gain":0,"player_choice":"Card Removal","damage_taken":7,"max_hp_gain":0,"max_hp_loss":0,"event_name":"Golden Wing","floor":5,"gold_loss":0},{"damage_healed":0,"gold_gain":0,"player_choice":"Ignored","damage_taken":0,"max_hp_gain":0,"max_hp_loss":0,"event_name":"Ghosts","floor":21,"gold_loss":0},{"damage_healed":0,"gold_gain":0,"cards_transformed":["Strike_P","Strike_P"],"player_choice":"Became Test Subject","damage_taken":0,"max_hp_gain":0,"max_hp_loss":0,"event_name":"Drug Dealer","floor":22,"gold_loss":0,"cards_obtained":["Pray","LessonLearned"]}],"is_beta":false,"boss_relics":[{"not_picked":["Snecko Eye","Coffee Dripper"],"picked":"Black Star"}],"items_purged_floors":[4,19],"is_endless":false,"potions_floor_spawned":[1,2,8,10,12,13,14,16,18,20],"killed_by":"Book of Stabbing","ascension_level":3}}