{"host":"adm2q5bvgv1mb6tu","time":1611211034,"event":{"mods":["AchievementEnabler","BaseMod","Bestiary","BetterRewards","Block Reminder","Colored Map","Colored Powertips","DeckTracker","Downfall","Highlight Path","Jorbs\u0027s Wanderer Trilogy","Minty Spire (QoL Compilation)","Quick Restart","Random Character Button","Random Character Mod","Rare Cards Sparkle","Relic Stats","Shop Mod","StSLib","Transform Curses"],"gold_per_floor":[114,134,134,2,20,45,45,64,64,76,103,115,140,171,183,297,309,341,135,147,166,166,166,366,398,398,398,413,267,298,311,311,311,311],"floor_reached":33,"language":"ENG","playtime":3158,"items_purged":["Strike_R","Strike_R"],"score":389,"play_id":"861da331-e2a2-4036-8534-243c365e47bb","local_time":"20210121003714","is_ascension_mode":false,"campfire_choices":[{"floor":7,"key":"REST"},{"data":"Blood for Blood","floor":10,"key":"SMITH"},{"data":"Bash","floor":15,"key":"SMITH"},{"floor":23,"key":"REST"},{"data":"Fire Breathing","floor":27,"key":"SMITH"},{"floor":32,"key":"REST"}],"circlet_count":0,"master_deck":["Strike_R","Strike_R","Strike_R","Defend_R","Defend_R","Defend_R","Defend_R","Bash+1","Blood for Blood+1","Dropkick","Body Slam","Dual Wield","Sever Soul","Anger","Spot Weakness","Regret","Flex","Shrug It Off","Feed","CurseOfTheBell","Thunderclap","Shrug It Off+1","Fire Breathing+1","Flex+1","True Grit+1","Infernal Blade+1","Iron Wave+1","Metallicize","Entrench+1","Whirlwind"],"relics":["Burning Blood","Membership Card","Pen Nib","Bag of Marbles","MawBank","Meat on the Bone","Calling Bell","Regal Pillow","Toxic Egg 2","Champion Belt","Bottled Lightning","TungstenRod","Sundial","Strange Spoon","PreservedInsect"],"acts_visited":["Exordium","TheCity"],"potions_floor_usage":[16,21,33,33],"damage_taken":[{"damage":2.0,"enemies":"2 Louse","floor":1.0,"turns":3.0},{"damage":7.0,"enemies":"Small Slimes","floor":2.0,"turns":3.0},{"damage":15,"enemies":"Jaw Worm","floor":5,"turns":4},{"damage":44,"enemies":"Lagavulin","floor":6,"turns":6},{"damage":8,"enemies":"Red Slaver","floor":8,"turns":2},{"damage":0,"enemies":"2 Fungi Beasts","floor":11,"turns":2},{"damage":2,"enemies":"3 Louse","floor":13,"turns":4},{"damage":7,"enemies":"Large Slime","floor":14,"turns":4},{"damage":58,"enemies":"The Guardian","floor":16,"turns":8},{"damage":16,"enemies":"Shell Parasite","floor":18,"turns":5},{"damage":22,"enemies":"Spheric Guardian","floor":20,"turns":5},{"damage":30,"enemies":"Snecko","floor":21,"turns":8},{"damage":30,"enemies":"Gremlin Leader","floor":25,"turns":5},{"damage":9,"enemies":"Chosen and Byrds","floor":28,"turns":4},{"damage":37,"enemies":"Book of Stabbing","floor":30,"turns":5},{"damage":18,"enemies":"Centurion and Healer","floor":31,"turns":8},{"damage":110,"enemies":"Champ","floor":33,"turns":14}],"seed_played":"-5483274919222063687","potions_obtained":[{"floor":6,"key":"Weak Potion"},{"floor":8,"key":"BlessingOfTheForge"},{"floor":13,"key":"Strength Potion"},{"floor":20,"key":"Explosive Potion"},{"floor":28,"key":"sneckomod:MuddlingPotion"},{"floor":31,"key":"BloodPotion"}],"is_trial":false,"path_per_floor":["M","M","?","$","M","E","R","M","T","R","M","?","M","M","R","B",null,"M","$","M","M","?","R","?","E","T","R","M","$","E","M","R","B"],"character_chosen":"IRONCLAD","items_purchased":["Membership Card","Blood for Blood","Dual Wield","Pen Nib","Sever Soul","Bottled Lightning","Shrug It Off+1","Fire Breathing","Strange Spoon","Metallicize"],"campfire_rested":3,"item_purchase_floors":[0,0,4,4,4,19,19,19,29,29],"current_hp_per_floor":[80,79,79,79,70,32,56,54,54,54,60,60,64,63,63,23,80,73,73,60,51,51,89,89,65,65,65,62,62,43,46,88,0,0],"gold":311,"neow_bonus":"","is_daily":false,"chose_seed":false,"campfire_upgraded":3,"win_rate":0.0,"timestamp":1611211034,"path_taken":["M","M","?","$","M","E","R","M","T","R","M","?","M","M","R","BOSS","M","$","M","M","?","R","?","E","T","R","M","$","E","M","R","BOSS"],"items_purchased_type":["Relic","Card","Card","Relic","Card","Relic","Card","Card","Relic","Card"],"build_version":"2020-12-22","purchased_purges":2,"victory":false,"max_hp_per_floor":[80,80,80,80,80,80,80,80,80,80,80,80,80,80,80,80,80,83,83,86,89,89,89,89,89,89,89,89,89,89,92,92,92,92],"relic_stats":{"Strange Spoon":[3],"Regal Pillow":27,"counters":[31,171],"Sundial":[2],"Pen Nib":[15],"PreservedInsect":0,"Champion Belt":[24],"MawBank":120,"obtain_stats":[{"Regal Pillow":17,"Pear":6,"Black Blood":17,"GremlinMask":11,"Pen Nib":4,"PreservedInsect":30,"MawBank":9,"Burning Blood":0,"Calling Bell":17,"Strange Spoon":29,"Sundial":26,"Bag of Marbles":6,"Membership Card":0,"Champion Belt":17,"Bottled Lightning":19,"Toxic Egg 2":9,"TungstenRod":25,"Meat on the Bone":12},{"Regal Pillow":23,"Pear":4,"Black Blood":9,"GremlinMask":5,"Pen Nib":16,"PreservedInsect":29,"MawBank":19,"Burning Blood":0,"Calling Bell":23,"Strange Spoon":28,"Sundial":27,"Bag of Marbles":18,"Membership Card":14,"Champion Belt":23,"Bottled Lightning":24,"Toxic Egg 2":5,"TungstenRod":27,"Meat on the Bone":20},{"Regal Pillow":117,"Pear":16,"Black Blood":47,"GremlinMask":21,"Pen Nib":87,"PreservedInsect":149,"MawBank":99,"Burning Blood":0,"Calling Bell":117,"Strange Spoon":144,"Sundial":140,"Bag of Marbles":97,"Membership Card":81,"Champion Belt":117,"Bottled Lightning":122,"Toxic Egg 2":21,"TungstenRod":140,"Meat on the Bone":101}],"Burning Blood":186,"TungstenRod":30,"Meat on the Bone":48},"card_choices":[{"not_picked":["Twin Strike","True Grit"],"picked":"Dropkick","floor":1.0},{"not_picked":["True Grit","Heavy Blade"],"picked":"Body Slam","floor":2.0},{"not_picked":["Offering","Sword Boomerang"],"picked":"Anger","floor":5},{"not_picked":["Berserk","Dual Wield","Warcry"],"picked":"SKIP","floor":6},{"not_picked":["Body Slam","Wild Strike","Clash"],"picked":"SKIP","floor":8},{"not_picked":["Feel No Pain","Warcry"],"picked":"Spot Weakness","floor":11},{"not_picked":["Pommel Strike","Clash"],"picked":"Flex","floor":13},{"not_picked":["Brutality","Pummel"],"picked":"Shrug It Off","floor":14},{"not_picked":["Fiend Fire","Corruption"],"picked":"Feed","floor":16},{"not_picked":["Body Slam","Perfected Strike+1"],"picked":"Thunderclap","floor":18},{"not_picked":["Combust","Cleave"],"picked":"Flex+1","floor":20},{"not_picked":["Burning Pact+1","Iron Wave"],"picked":"True Grit+1","floor":21},{"not_picked":["Immolate","Heavy Blade"],"picked":"Infernal Blade+1","floor":25},{"not_picked":["Thunderclap","Body Slam"],"picked":"Iron Wave+1","floor":28},{"not_picked":["Perfected Strike","Power Through+1"],"picked":"Entrench+1","floor":30},{"not_picked":["Twin Strike","Dark Embrace"],"picked":"Whirlwind","floor":31}],"player_experience":122165,"relics_obtained":[{"floor":6,"key":"Bag of Marbles"},{"floor":9,"key":"MawBank"},{"floor":17,"key":"Regal Pillow"},{"floor":17,"key":"Toxic Egg 2"},{"floor":17,"key":"Champion Belt"},{"floor":25,"key":"TungstenRod"},{"floor":26,"key":"Sundial"},{"floor":30,"key":"PreservedInsect"}],"event_choices":[{"damage_healed":0.0,"max_hp_gain":0.0,"max_hp_loss":0.0,"gold_gain":0.0,"event_name":"The Cleric","player_choice":"Leave","floor":3.0,"gold_loss":0.0,"damage_taken":0.0},{"damage_healed":0,"gold_gain":0,"player_choice":"Box","damage_taken":0,"relics_obtained":["Meat on the Bone"],"max_hp_gain":0,"max_hp_loss":0,"event_name":"Big Fish","floor":12,"gold_loss":0,"cards_obtained":["Regret"]},{"damage_healed":0,"gold_gain":0,"player_choice":"Ignored","damage_taken":0,"max_hp_gain":0,"max_hp_loss":0,"event_name":"Vampires","floor":22,"gold_loss":0},{"damage_healed":0,"gold_gain":200,"player_choice":"Gold","damage_taken":0,"max_hp_gain":0,"max_hp_loss":0,"event_name":"Wheel of Change","floor":24,"gold_loss":0}],"is_beta":false,"boss_relics":[{"not_picked":["Fusion Hammer","SacredBark"],"picked":"Calling Bell"}],"items_purged_floors":[19,29],"is_endless":false,"potions_floor_spawned":[6,8,13,20,28,31],"killed_by":"Champ","ascension_level":0}}