{"host":"qrlp59d4kykmw4mt","time":1611269060,"event":{"mods":["Act Like it!","BaseMod","Colored Map","Downfall","Friendly Minions","Highlight Path","Minty Spire (QoL Compilation)","Permanent Neow","Random Character Button","Rare Cards Sparkle","SacredBarkPlus","StSLib","SuperFastMode","everything is the same but u backflip on backflip"],"gold_per_floor":[99,110,128,141,76,87,87,87,105,121,147,47,47,47,61,165,165,165,179,13,13,13,46,46,57,57,57,57],"floor_reached":26,"language":"ENG","playtime":1394,"items_purged":["bronze:Strike"],"score":239,"play_id":"20760d09-bfb0-41e1-8fd4-60f75ddf40f2","local_time":"20210121174420","is_ascension_mode":true,"campfire_choices":[{"floor":1,"key":"RECALL"},{"data":"bronze:Goto","floor":8,"key":"SMITH"},{"data":"bronze:DelayedGuard","floor":12,"key":"SMITH"},{"data":"bronze:InfiniteBeams","floor":18,"key":"SMITH"}],"circlet_count":0,"master_deck":["bronze:Strike","bronze:Strike","bronze:Defend","bronze:Defend","bronze:Defend","bronze:Defend","bronze:Replicate","bronze:Goto+1","bronze:DelayedSlice","bronze:DelayedSlice","bronze:DelayedGuard+1","bronze:InfiniteBeams+1","bronze:InfiniteBeams","bronze:DelayedSlice","bronze:DelayedGuard"],"relics":["bronze:PlatinumCore","Smiling Mask","Bag of Preparation","Matryoshka","downfall:HeartBlessingRed","Blue Candle","Sling","CultistMask","Regal Pillow","Orichalcum","Omamori"],"acts_visited":["Exordium","TheCity"],"potions_floor_usage":[23,23,26],"damage_taken":[{"damage":1,"enemies":"Cultist","floor":2,"turns":4},{"damage":1,"enemies":"2 Louse","floor":3,"turns":3},{"damage":3,"enemies":"Jaw Worm","floor":4,"turns":4},{"damage":0,"enemies":"downfall:FleeingMerchant","floor":5,"turns":4},{"damage":0,"enemies":"Gremlin Gang","floor":6,"turns":3},{"damage":0,"enemies":"2 Fungi Beasts","floor":9,"turns":1},{"damage":0,"enemies":"Blue Slaver","floor":10,"turns":3},{"damage":2,"enemies":"Gremlin Nob","floor":11,"turns":3},{"damage":2,"enemies":"Gremlin Gang","floor":15,"turns":3},{"damage":15,"enemies":"DF_ARCHETYPE_STREAMLINE","floor":16,"turns":8},{"damage":5,"enemies":"Shell Parasite","floor":19,"turns":5},{"damage":0,"enemies":"downfall:FleeingMerchant","floor":20,"turns":4},{"damage":35,"enemies":"Slavers","floor":23,"turns":4},{"damage":4,"enemies":"Centurion and Healer","floor":25,"turns":6},{"damage":30,"enemies":"Snake Plant","floor":26,"turns":5}],"seed_played":"-7792057095749747647","potions_obtained":[{"floor":2,"key":"LiquidMemories"},{"floor":4,"key":"Dexterity Potion"},{"floor":9,"key":"CultistPotion"},{"floor":11,"key":"EssenceOfSteel"},{"floor":16,"key":"CultistPotion"},{"floor":25,"key":"Weak Potion"}],"is_trial":false,"path_per_floor":["R","M","M","M","$","M","T","R","M","M","E","R","?","?","M","B",null,"R","M","$","?","?","E","T","M","M"],"character_chosen":"THE_AUTOMATON","items_purchased":["Sling"],"campfire_rested":0,"item_purchase_floors":[20],"current_hp_per_floor":[70,69,68,65,65,65,65,65,65,65,63,63,58,58,56,41,70,70,65,65,65,65,30,30,26,0,0,0],"gold":57,"neow_bonus":"RANDOM_COMMON_RELIC","is_daily":false,"chose_seed":false,"campfire_upgraded":3,"win_rate":0.0,"timestamp":1611269060,"path_taken":["R","M","M","?","$","M","T","R","M","M","E","R","?","?","M","BOSS","R","M","?","?","?","E","T","?","M"],"items_purchased_type":["Relic"],"build_version":"2020-12-22","purchased_purges":1,"victory":false,"max_hp_per_floor":[70,70,70,70,70,70,70,70,70,70,70,70,70,70,70,70,70,70,70,70,70,70,70,70,70,70,70,70],"card_choices":[{"not_picked":["bronze:Allocate","bronze:DarkDash","bronze:Iterate"],"picked":"SKIP","floor":2},{"not_picked":["bronze:BitShift","bronze:Constructor","bronze:BuggyMess"],"picked":"SKIP","floor":3},{"not_picked":["bronze:Flail","bronze:MaxOutput"],"picked":"bronze:DelayedSlice","floor":4},{"not_picked":["bronze:BronzeOrb","bronze:Safeguard"],"picked":"bronze:DelayedSlice","floor":5},{"not_picked":["bronze:Frontload","bronze:DigitalCarnage","bronze:OilSpill"],"picked":"SKIP","floor":6},{"not_picked":["bronze:Philosophize","bronze:AlphaBuild"],"picked":"bronze:DelayedGuard","floor":9},{"not_picked":["bronze:Separator","bronze:Branch","bronze:Iterate"],"picked":"SKIP","floor":10},{"not_picked":["bronze:Boost","bronze:RecursiveStrike","bronze:Invalidate"],"picked":"SKIP","floor":11},{"not_picked":["bronze:CutThrough","bronze:FineTuning"],"picked":"bronze:InfiniteBeams","floor":15},{"not_picked":["bronze:OilSpill","bronze:Frontload","bronze:Separator"],"picked":"SKIP","floor":19},{"not_picked":["bronze:WhirlingStrike","bronze:CutThrough"],"picked":"bronze:DelayedSlice","floor":20},{"not_picked":["bronze:InfiniteLoop","bronze:BuggyMess","bronze:NullPointer"],"picked":"SKIP","floor":23},{"not_picked":["bronze:Safeguard","bronze:CutThrough+1","bronze:Repulsor+1"],"picked":"SKIP","floor":25}],"player_experience":296731,"relics_obtained":[{"floor":7,"key":"Bag of Preparation"},{"floor":11,"key":"Matryoshka"},{"floor":23,"key":"Regal Pillow"},{"floor":24,"key":"Orichalcum"},{"floor":24,"key":"Omamori"}],"event_choices":[{"damage_healed":0,"gold_gain":0,"player_choice":"Read","damage_taken":0,"max_hp_gain":0,"max_hp_loss":0,"event_name":"The Library","floor":21,"gold_loss":0,"cards_obtained":["bronze:DelayedGuard"]},{"damage_healed":0,"gold_gain":0,"player_choice":"Trade","damage_taken":0,"relics_obtained":["CultistMask"],"max_hp_gain":0,"max_hp_loss":0,"event_name":"FaceTrader","floor":22,"gold_loss":0}],"is_beta":false,"boss_relics":[{"not_picked":["Runic Pyramid","Snecko Eye"],"picked":"bronze:PlatinumCore"}],"items_purged_floors":[5],"is_endless":false,"potions_floor_spawned":[2,4,9,11,16,19,25],"killed_by":"Snake Plant","ascension_level":1}}