{"host":"1a3cjta80tad0aqj","time":1611242350,"event":{"mods":["2.2 Compatiblity","AchievementEnabler","BaseMod","Colored Map","DeckTracker","KOR Keyword Fix","Keyboard Shortcuts","Minty Spire (QoL Compilation)","Permanent Neow","Quick Restart","Random Character Button","StSLib","SuperFastMode","everything is the same but u backflip on backflip"],"gold_per_floor":[109,42,61,161,180,214,229,229,229,242,317,327,327,357,357,459,459,470,12,32,32,59,90,90,115,115,133,133,145,157,5,5,101,101,117,40,60,74,74,74,174,193,193,207,218,68,87,87,87,87],"floor_reached":51,"language":"KOR","playtime":2985,"items_purged":["Strike_B","Loop"],"score":1054,"play_id":"ff334573-9d2a-4564-aa12-97aeb1c7d1ac","local_time":"20210122001910","is_ascension_mode":true,"campfire_choices":[{"data":"All For One","floor":8.0,"key":"SMITH"},{"floor":13.0,"key":"REST"},{"floor":15.0,"key":"REST"},{"data":"Reprogram","floor":24.0,"key":"SMITH"},{"floor":28.0,"key":"REST"},{"data":"1","floor":32.0,"key":"LIFT"},{"data":"2","floor":40.0,"key":"LIFT"},{"data":"3","floor":49,"key":"LIFT"}],"circlet_count":0,"master_deck":["Strike_B","Strike_B","Defend_B","Defend_B","Defend_B","Zap","Dualcast+1","Go for the Eyes","All For One+1","Leap","Genetic Algorithm","Conserve Battery","Gash","Beam Cell","Go for the Eyes","Biased Cognition","Reprogram+1","BootSequence","Go for the Eyes","Redo+1","Core Surge","Genetic Algorithm","Go for the Eyes","Gash","Gash","Steam+1","FTL","Stack+1","Beam Cell","Stack","Gash","Steam+1","Doubt"],"relics":["Cracked Core","Bottled Lightning","InkBottle","Regal Pillow","Philosopher\u0027s Stone","Girya","Art of War","Bag of Marbles","Dream Catcher","Kunai","Lee\u0027s Waffle","SacredBark","Mummified Hand"],"acts_visited":["Exordium","TheCity","TheBeyond"],"potions_floor_usage":[47,50,50,50],"damage_taken":[{"damage":4.0,"enemies":"Small Slimes","floor":1.0,"turns":3.0},{"damage":0.0,"enemies":"Cultist","floor":3.0,"turns":4.0},{"damage":2.0,"enemies":"2 Louse","floor":5.0,"turns":2.0},{"damage":25.0,"enemies":"Lagavulin","floor":6.0,"turns":7.0},{"damage":3.0,"enemies":"Looter","floor":7.0,"turns":4.0},{"damage":2.0,"enemies":"Exordium Thugs","floor":10.0,"turns":4.0},{"damage":5.0,"enemies":"Gremlin Gang","floor":12.0,"turns":2.0},{"damage":11.0,"enemies":"3 Sentries","floor":14.0,"turns":8.0},{"damage":47.0,"enemies":"The Guardian","floor":16.0,"turns":10.0},{"damage":0.0,"enemies":"Spheric Guardian","floor":18.0,"turns":2.0},{"damage":6.0,"enemies":"Chosen","floor":20.0,"turns":6.0},{"damage":20.0,"enemies":"Book of Stabbing","floor":23.0,"turns":5.0},{"damage":25.0,"enemies":"Gremlin Leader","floor":25.0,"turns":7.0},{"damage":2.0,"enemies":"Shelled Parasite and Fungi","floor":27.0,"turns":4.0},{"damage":14.0,"enemies":"Snake Plant","floor":29.0,"turns":3.0},{"damage":8.0,"enemies":"3 Cultists","floor":30.0,"turns":6.0},{"damage":73.0,"enemies":"Collector","floor":33.0,"turns":11.0},{"damage":1.0,"enemies":"Orb Walker","floor":35.0,"turns":5.0},{"damage":15.0,"enemies":"3 Shapes","floor":37.0,"turns":9.0},{"damage":15.0,"enemies":"Writhing Mass","floor":38.0,"turns":7.0},{"damage":15.0,"enemies":"Transient","floor":42.0,"turns":5.0},{"damage":9.0,"enemies":"Jaw Worm Horde","floor":44.0,"turns":4.0},{"damage":11.0,"enemies":"4 Shapes","floor":45.0,"turns":8.0},{"damage":0,"enemies":"Spire Growth","floor":47,"turns":5},{"damage":57,"enemies":"Time Eater","floor":50,"turns":15}],"seed_played":"-314506150960918686","potions_obtained":[{"floor":3.0,"key":"AttackPotion"},{"floor":5.0,"key":"Fire Potion"},{"floor":6.0,"key":"SpeedPotion"},{"floor":10.0,"key":"SkillPotion"},{"floor":18.0,"key":"CultistPotion"},{"floor":23.0,"key":"Explosive Potion"},{"floor":25.0,"key":"DistilledChaos"},{"floor":38.0,"key":"Weak Potion"},{"floor":47,"key":"LiquidMemories"}],"is_trial":false,"path_per_floor":["M","$","M","?","M","E","M","R","T","M","?","M","R","E","R","B",null,"M","$","M","?","T","E","R","E","T","M","R","M","M","$","R","B",null,"M","$","M","M","?","R","?","M","T","M","M","$","M","?","R","B",null],"character_chosen":"DEFECT","items_purchased":["All For One","BootSequence","Go for the Eyes","Girya","Lee\u0027s Waffle","FTL","Dexterity Potion"],"campfire_rested":3,"item_purchase_floors":[2,19,19,19,31,36,46],"current_hp_per_floor":[71,71,71,71,69,44,41,41,41,39,28,23,45,34,71,24,75,75,75,69,69,69,49,49,24,24,22,59,45,37,82,82,9,82,81,81,66,51,51,51,51,36,36,27,16,16,16,82,82,25],"gold":87,"neow_bonus":"UPGRADE_CARD","is_daily":false,"chose_seed":false,"campfire_upgraded":2,"win_rate":0.0,"timestamp":1611242350,"path_taken":["M","$","M","?","?","E","M","R","T","M","?","M","R","E","R","BOSS","M","$","M","?","?","E","R","E","T","M","R","?","M","?","R","BOSS","M","$","M","M","?","R","?","M","T","?","M","$","M","?","R","BOSS"],"items_purchased_type":["Card","Card","Card","Relic","Relic","Card","Potion"],"build_version":"2020-12-22","purchased_purges":2,"victory":true,"max_hp_per_floor":[75,75,75,75,75,75,75,75,75,75,75,75,75,75,75,75,75,75,75,75,75,75,75,75,75,75,75,75,75,75,82,82,82,82,82,82,82,82,82,82,82,82,82,82,82,82,82,82,82,82],"card_choices":[{"not_picked":["Redo","Double Energy"],"picked":"Go for the Eyes","floor":1.0},{"not_picked":["Redo","Recycle"],"picked":"Leap","floor":3.0},{"not_picked":["Hologram","Ball Lightning"],"picked":"Genetic Algorithm","floor":5.0},{"not_picked":["Stack","Darkness"],"picked":"Conserve Battery","floor":6.0},{"not_picked":["Barrage","Glacier"],"picked":"Gash","floor":7.0},{"not_picked":["BootSequence","Steam"],"picked":"Beam Cell","floor":10.0},{"not_picked":["Conserve Battery","Static Discharge"],"picked":"Go for the Eyes","floor":12.0},{"not_picked":["Ball Lightning","Redo","Rebound"],"picked":"SKIP","floor":14.0},{"not_picked":["Fission","Creative AI"],"picked":"Biased Cognition","floor":16.0},{"not_picked":["Stack","Defragment"],"picked":"Reprogram","floor":18.0},{"not_picked":["Conserve Battery","Blizzard"],"picked":"Redo+1","floor":20.0},{"not_picked":["Barrage+1","Cold Snap+1"],"picked":"Genetic Algorithm","floor":23.0},{"not_picked":["Compile Driver","Turbo+1"],"picked":"Go for the Eyes","floor":25.0},{"not_picked":["Sunder","Barrage","Stack"],"picked":"SKIP","floor":27.0},{"not_picked":["Reinforced Body","FTL"],"picked":"Gash","floor":28.0},{"not_picked":["Defragment","Capacitor"],"picked":"Gash","floor":29.0},{"not_picked":["White Noise+1","Lockon","Rebound"],"picked":"SKIP","floor":30.0},{"not_picked":["Storm+1","Ball Lightning"],"picked":"Steam+1","floor":35.0},{"not_picked":["Static Discharge+1","Compile Driver"],"picked":"Stack+1","floor":37.0},{"not_picked":["Fusion","Consume"],"picked":"Beam Cell","floor":38.0},{"not_picked":["Sweeping Beam","Defragment"],"picked":"Stack","floor":42.0},{"not_picked":["Hologram","Streamline+1","Darkness"],"picked":"SKIP","floor":44.0},{"not_picked":["Core Surge","Static Discharge+1"],"picked":"Gash","floor":45.0},{"not_picked":["Hologram","Barrage+1"],"picked":"Steam+1","floor":47}],"player_experience":847855,"relics_obtained":[{"floor":6.0,"key":"Bottled Lightning"},{"floor":9.0,"key":"InkBottle"},{"floor":14.0,"key":"Regal Pillow"},{"floor":22.0,"key":"Art of War"},{"floor":23.0,"key":"Bag of Marbles"},{"floor":25.0,"key":"Dream Catcher"},{"floor":26.0,"key":"Kunai"},{"floor":43.0,"key":"Mummified Hand"}],"event_choices":[{"damage_healed":0.0,"max_hp_gain":0.0,"max_hp_loss":0.0,"gold_gain":100.0,"event_name":"Golden Shrine","player_choice":"Pray","floor":4.0,"gold_loss":0.0,"damage_taken":0.0},{"damage_healed":0.0,"max_hp_gain":0.0,"max_hp_loss":0.0,"gold_gain":75.0,"event_name":"World of Goop","player_choice":"Gather Gold","floor":11.0,"gold_loss":0.0,"damage_taken":11.0},{"damage_healed":0.0,"max_hp_gain":0.0,"max_hp_loss":0.0,"gold_gain":0.0,"cards_transformed":["Defend_B","Strike_B"],"event_name":"Drug Dealer","player_choice":"Became Test Subject","floor":21.0,"gold_loss":0.0,"damage_taken":0.0,"cards_obtained":["Core Surge","Loop"]},{"damage_healed":0.0,"max_hp_gain":0.0,"max_hp_loss":0.0,"gold_gain":0.0,"event_name":"Mysterious Sphere","player_choice":"Ignored","floor":39.0,"gold_loss":0.0,"damage_taken":0.0},{"damage_healed":0.0,"max_hp_gain":0.0,"max_hp_loss":0.0,"gold_gain":100.0,"event_name":"Golden Shrine","player_choice":"Pray","floor":41.0,"gold_loss":0.0,"damage_taken":0.0},{"damage_healed":66,"gold_gain":0,"player_choice":"Heal","damage_taken":0,"max_hp_gain":0,"max_hp_loss":0,"event_name":"MindBloom","floor":48,"gold_loss":0,"cards_obtained":["Doubt"]}],"is_beta":false,"boss_relics":[{"not_picked":["Black Star","Astrolabe"],"picked":"Philosopher\u0027s Stone"},{"not_picked":["Runic Pyramid","FrozenCore"],"picked":"SacredBark"}],"items_purged_floors":[19,46],"is_endless":false,"potions_floor_spawned":[3,5,6,10,18,23,25,38,47],"ascension_level":3}}