{"host":"bxd97rc2ofc6op20","time":1611203664,"event":{"mods":["BaseMod","Googly Eyes","Minty Spire (QoL Compilation)"],"gold_per_floor":[109,109,123,136,155,181,196,161,161,51,85,85,113,127,127,231,231,248,265,265,277,293,90,90,118,118,393,393,29,29,55,55,55,55],"floor_reached":33,"language":"ENG","playtime":3201,"items_purged":["Strike_R"],"score":366,"play_id":"ab593bcf-c19b-4cbf-8b85-9cab26f1063d","local_time":"20210120203424","is_ascension_mode":true,"campfire_choices":[{"floor":12,"key":"REST"},{"data":"Juggernaut","floor":15,"key":"SMITH"},{"data":"Metallicize","floor":24,"key":"SMITH"},{"floor":28,"key":"REST"},{"data":"Blood for Blood","floor":30,"key":"SMITH"},{"floor":32,"key":"REST"}],"circlet_count":0,"master_deck":["Strike_R","Strike_R","Strike_R","Defend_R","Defend_R","Defend_R","Defend_R","Bash","Juggernaut+1","Battle Trance","Power Through","Intimidate","Rage","Metallicize+1","Warcry","Disarm","Brutality","Shrug It Off","Inflame+1","Iron Wave+1","Regret","Feed","Blood for Blood+1","True Grit+1"],"relics":["Burning Blood","Matryoshka","Nunchaku","Singing Bowl","WingedGreaves","Regal Pillow","Philosopher\u0027s Stone","Du-Vu Doll","Frozen Eye","Potion Belt","Red Skull","Magic Flower","Juzu Bracelet","FossilizedHelix"],"acts_visited":["Exordium","TheCity"],"potions_floor_usage":[4,5,16,19,19,25,25,31],"damage_taken":[{"damage":4,"enemies":"2 Louse","floor":1,"turns":5},{"damage":1,"enemies":"Cultist","floor":3,"turns":4},{"damage":5,"enemies":"Jaw Worm","floor":4,"turns":5},{"damage":14,"enemies":"Exordium Thugs","floor":5,"turns":7},{"damage":48,"enemies":"3 Sentries","floor":6,"turns":11},{"damage":7,"enemies":"3 Louse","floor":7,"turns":4},{"damage":13,"enemies":"Lagavulin","floor":11,"turns":7},{"damage":21,"enemies":"3 Sentries","floor":13,"turns":7},{"damage":0,"enemies":"Blue Slaver","floor":14,"turns":5},{"damage":22,"enemies":"The Guardian","floor":16,"turns":11},{"damage":3,"enemies":"Shell Parasite","floor":18,"turns":5},{"damage":4,"enemies":"3 Byrds","floor":19,"turns":5},{"damage":16,"enemies":"Snake Plant","floor":21,"turns":4},{"damage":35,"enemies":"Snecko","floor":22,"turns":6},{"damage":52,"enemies":"Slavers","floor":25,"turns":7},{"damage":28,"enemies":"Book of Stabbing","floor":31,"turns":5},{"damage":85,"enemies":"Champ","floor":33,"turns":9}],"seed_played":"424594395699139873","potions_obtained":[{"floor":1,"key":"SteroidPotion"},{"floor":3,"key":"HeartOfIron"},{"floor":13,"key":"Energy Potion"},{"floor":14,"key":"SkillPotion"},{"floor":16,"key":"CultistPotion"},{"floor":18,"key":"BlessingOfTheForge"},{"floor":19,"key":"LiquidBronze"},{"floor":22,"key":"Regen Potion"}],"is_trial":false,"path_per_floor":["M","?","M","M","M","E","M","?","T","$","E","R","E","M","R","B",null,"M","M","?","M","M","$","R","E","T","?","R","$","R","E","R","B"],"character_chosen":"IRONCLAD","items_purchased":["Metallicize","Frozen Eye","Swift Potion","Juzu Bracelet","Feed","Blood for Blood"],"campfire_rested":3,"item_purchase_floors":[10,23,23,29,29,29],"current_hp_per_floor":[58,58,63,64,56,14,13,33,33,33,28,52,37,43,43,27,82,82,82,82,72,45,45,45,16,16,16,56,56,56,37,77,0,0],"gold":55,"neow_bonus":"THREE_RARE_CARDS","is_daily":false,"chose_seed":false,"campfire_upgraded":3,"win_rate":0.0,"timestamp":1611203664,"path_taken":["M","?","M","M","M","E","?","?","T","?","E","R","E","?","R","BOSS","M","M","?","M","M","?","R","E","T","?","R","$","R","E","R","BOSS"],"items_purchased_type":["Card","Relic","Potion","Relic","Card","Card"],"build_version":"2020-12-22","purchased_purges":1,"victory":false,"max_hp_per_floor":[80,80,80,80,80,80,80,80,80,80,82,82,82,82,82,82,82,82,82,82,82,84,84,84,86,86,86,86,86,86,86,86,86,86],"card_choices":[{"not_picked":["Brutality","Berserk"],"picked":"Juggernaut","floor":0},{"not_picked":["Anger","Havoc"],"picked":"Battle Trance","floor":3},{"not_picked":["Flex","Infernal Blade"],"picked":"Power Through","floor":4},{"not_picked":["Power Through","Berserk"],"picked":"Intimidate","floor":6},{"not_picked":["Flex","Flame Barrier"],"picked":"Rage","floor":7},{"not_picked":["Whirlwind","Intimidate","Spot Weakness"],"picked":"Singing Bowl","floor":11},{"not_picked":["Bloodletting","Intimidate"],"picked":"Warcry","floor":13},{"not_picked":["Armaments","Pommel Strike"],"picked":"Disarm","floor":14},{"not_picked":["Offering","Immolate"],"picked":"Brutality","floor":16},{"not_picked":["Headbutt","True Grit"],"picked":"Shrug It Off","floor":18},{"not_picked":["Perfected Strike+1","Heavy Blade"],"picked":"Inflame+1","floor":19},{"not_picked":["Flex","Whirlwind"],"picked":"Iron Wave+1","floor":21},{"not_picked":["Havoc","Iron Wave+1","Second Wind"],"picked":"Singing Bowl","floor":22},{"not_picked":["Brutality","Perfected Strike","Disarm"],"picked":"Singing Bowl","floor":25},{"not_picked":["Feel No Pain","Pommel Strike"],"picked":"True Grit+1","floor":31}],"player_experience":338057,"relics_obtained":[{"floor":6,"key":"Matryoshka"},{"floor":9,"key":"Nunchaku"},{"floor":9,"key":"Singing Bowl"},{"floor":11,"key":"WingedGreaves"},{"floor":13,"key":"Regal Pillow"},{"floor":25,"key":"Potion Belt"},{"floor":26,"key":"Red Skull"},{"floor":26,"key":"Magic Flower"},{"floor":31,"key":"FossilizedHelix"}],"event_choices":[{"cards_removed":["Strike_R"],"damage_healed":0,"gold_gain":0,"player_choice":"Offered Basic","damage_taken":0,"max_hp_gain":0,"max_hp_loss":0,"event_name":"Bonfire Elementals","floor":2,"gold_loss":0},{"damage_healed":20,"gold_gain":0,"player_choice":"Healed","damage_taken":0,"max_hp_gain":0,"max_hp_loss":0,"event_name":"The Cleric","floor":8,"gold_loss":35},{"damage_healed":0,"gold_gain":0,"player_choice":"Gave Potion","damage_taken":0,"relics_obtained":["Du-Vu Doll"],"max_hp_gain":0,"max_hp_loss":0,"event_name":"WeMeetAgain","floor":20,"gold_loss":0},{"damage_healed":0,"gold_gain":275,"player_choice":"Desecrate","damage_taken":0,"max_hp_gain":0,"max_hp_loss":0,"event_name":"Golden Shrine","floor":27,"gold_loss":0,"cards_obtained":["Regret"]}],"is_beta":false,"boss_relics":[{"not_picked":["Tiny House","Cursed Key"],"picked":"Philosopher\u0027s Stone"}],"items_purged_floors":[10],"is_endless":false,"potions_floor_spawned":[1,3,13,14,16,18,19,22],"killed_by":"Champ","ascension_level":4}}