{"host":"auzdvixyoignpx0j","time":1611214400,"event":{"mods":["BaseMod","Better Altar","Better Skull","Better Third Choice","Colored Powertips","Googly Eyes","Minty Spire (QoL Compilation)","Spicy Shops","StSLib","The IronCluck"],"gold_per_floor":[115,127,137,137,312,312,312],"floor_reached":6,"language":"ENG","playtime":436,"items_purged":[],"score":38,"play_id":"e1f5d9b1-c0e2-4fa7-a364-3f4df5f7dcca","local_time":"20210120233320","is_ascension_mode":true,"campfire_choices":[],"circlet_count":0,"master_deck":["Strike_R","Strike_R","Strike_R","Strike_R","Strike_R","Defend_R","Defend_R","Defend_R","Defend_R","Bash","Brutality","Cleave","Pommel Strike","Combust","Doubt"],"relics":["Burning Blood","Blood Vial"],"acts_visited":["Exordium"],"potions_floor_usage":[6],"damage_taken":[{"damage":4,"enemies":"2 Louse","floor":1,"turns":3},{"damage":0,"enemies":"Small Slimes","floor":2,"turns":4},{"damage":11,"enemies":"Jaw Worm","floor":3,"turns":5},{"damage":54,"enemies":"Lagavulin","floor":6,"turns":8}],"seed_played":"-335991710516992587","potions_obtained":[{"floor":2,"key":"DuplicationPotion"}],"is_trial":false,"path_per_floor":["M","M","M","?","?","E"],"character_chosen":"IRONCLAD","items_purchased":[],"campfire_rested":0,"item_purchase_floors":[],"current_hp_per_floor":[58,64,59,47,47,0,0],"gold":312,"neow_bonus":"THREE_RARE_CARDS","is_daily":false,"chose_seed":false,"campfire_upgraded":0,"win_rate":0.0,"timestamp":1611214400,"path_taken":["M","M","M","?","?","E"],"items_purchased_type":[],"build_version":"2020-12-22","purchased_purges":0,"victory":false,"max_hp_per_floor":[80,80,80,80,80,80,80],"card_choices":[{"not_picked":["Impervious","Immolate"],"picked":"Brutality","floor":0},{"not_picked":["Flex","Havoc"],"picked":"Cleave","floor":1},{"not_picked":["Clothesline","Havoc"],"picked":"Pommel Strike","floor":2},{"not_picked":["Pummel","Pommel Strike"],"picked":"Combust","floor":3}],"player_experience":374651,"relics_obtained":[],"event_choices":[{"damage_healed":0,"gold_gain":0,"player_choice":"Relic ","damage_taken":12,"max_hp_gain":0,"max_hp_loss":0,"event_name":"betterThird:BetterScrap","floor":4,"gold_loss":0,"cards_obtained":["Envenom"]},{"damage_healed":0,"gold_gain":175,"player_choice":"AGREE","damage_taken":137,"max_hp_gain":0,"max_hp_loss":0,"event_name":"betterThird:BetterSerpent","floor":5,"gold_loss":0}],"is_beta":false,"boss_relics":[],"items_purged_floors":[],"is_endless":false,"potions_floor_spawned":[2],"killed_by":"Lagavulin","ascension_level":1}}