{"host":"pno9h1fupbyz205f","time":1611272317,"event":{"mods":["Aspiration","BaseMod","Better Altar","Better Match","Better Note","Better Sensory Stone","Better Skull","Better Third Choice","Colored Map","Colored Powertips","Hermit","Highlight Path","Hubris","Infinite Spire","Jedi Mod","Mad Scientist","Marisa????????","Minty Spire (QoL Compilation)","Permanent Neow","Potionbrewer","Prisma Mod","Replay The Spire","Robot Space Explorer","Shop Mod","Spicy Shops","StSLib","Td1madao Mod","The Blackbeard","The Gatherer","The Hierophant","The Marked","The Poker Player","The Runesmith","The Servant 0.9.4","The Spell Scribe","The Vixen","thorton","vexMod"],"gold_per_floor":[110,110,110,110,126,154,154,164,232,265,47,47,62,9,9,9,9],"floor_reached":16,"language":"ENG","playtime":672,"items_purged":["hermit:Strike_Hermit"],"score":108,"play_id":"16bc1b5d-fe8e-4b79-90a1-89874430c068","local_time":"20210121153837","is_ascension_mode":false,"campfire_choices":[{"data":"hermit:LoneWolf","floor":7,"key":"SMITH"},{"floor":12,"key":"REST"},{"floor":15,"key":"REST"}],"circlet_count":0,"master_deck":["hermit:Strike_Hermit","hermit:Strike_Hermit","hermit:Defend_Hermit","hermit:Defend_Hermit","hermit:Defend_Hermit","hermit:Snapshot","hermit:Covet","hermit:WideOpen","hermit:Enervate","Regret","Injury","hermit:LoneWolf+1","hermit:Dive","hermit:FatalDesire","hermit:Determination","hermit:CalledShot+1","hermit:Gestalt"],"relics":["hermit:Momento","Replay:PocketPolymizer","Molten Egg 2","infinitespire:ShieldingShard","infinitespire:CheckeredPen","Bird Faced Urn","aspiration:Lifesprig"],"acts_visited":["Exordium"],"potions_floor_usage":[6,16],"damage_taken":[{"damage":2,"enemies":"2 Louse","floor":1,"turns":3},{"damage":12,"enemies":"Small Slimes","floor":5,"turns":5},{"damage":18,"enemies":"Gremlin Nob","floor":6,"turns":4},{"damage":3,"enemies":"Jaw Worm","floor":8,"turns":2},{"damage":24,"enemies":"3 Sentries","floor":10,"turns":9},{"damage":5,"enemies":"Exordium Wildlife","floor":13,"turns":2},{"damage":64,"enemies":"Hexaghost","floor":16,"turns":11}],"seed_played":"-5734212322269014348","potions_obtained":[{"floor":5,"key":"Swift Potion"},{"floor":8,"key":"Ancient Potion"}],"is_trial":false,"path_per_floor":["M","?","?","?","M","E","R","M","T","E","$","R","M","$","R","B"],"character_chosen":"HERMIT","items_purchased":["aspiration:Lifesprig","hermit:CalledShot+1"],"campfire_rested":2,"item_purchase_floors":[11,14],"current_hp_per_floor":[73,73,73,73,61,43,43,40,40,16,16,38,35,35,57,0,0],"gold":9,"neow_bonus":"THREE_CARDS","is_daily":false,"chose_seed":false,"campfire_upgraded":1,"win_rate":0.0,"timestamp":1611272317,"path_taken":["M","?","?","?","M","E","R","M","T","E","$","R","?","$","R","BOSS"],"items_purchased_type":["Relic","Card"],"build_version":"2020-12-22","purchased_purges":1,"victory":false,"max_hp_per_floor":[75,75,75,75,75,75,75,75,75,75,75,75,75,75,75,75,75],"card_choices":[{"not_picked":["hermit:Quickdraw","hermit:HoleUp"],"picked":"hermit:WideOpen","floor":0},{"not_picked":["hermit:HighCaliber","hermit:Vantage"],"picked":"hermit:Enervate","floor":1},{"not_picked":["hermit:Quickdraw+1","hermit:Feint"],"picked":"hermit:LoneWolf","floor":5},{"not_picked":["hermit:WideOpen+1","hermit:Vantage","hermit:Virtue"],"picked":"SKIP","floor":6},{"not_picked":["hermit:SprayPray+1","hermit:Headshot+1","hermit:Shortfuse+1"],"picked":"SKIP","floor":8},{"not_picked":["hermit:LowProfile","hermit:Coalescence"],"picked":"hermit:FatalDesire","floor":10},{"not_picked":["hermit:CursedWeapon+1","hermit:DeadMansHand"],"picked":"hermit:Determination","floor":13}],"player_experience":217185,"relics_obtained":[{"floor":6,"key":"infinitespire:ShieldingShard"},{"floor":9,"key":"infinitespire:CheckeredPen"},{"floor":10,"key":"Bird Faced Urn"}],"event_choices":[{"damage_healed":0,"gold_gain":0,"player_choice":"Box","damage_taken":0,"relics_obtained":["Replay:PocketPolymizer"],"max_hp_gain":0,"max_hp_loss":0,"event_name":"Big Fish","floor":3,"gold_loss":0,"cards_obtained":["Regret"]}],"is_beta":false,"boss_relics":[],"items_purged_floors":[11],"is_endless":false,"potions_floor_spawned":[5,8],"killed_by":"Hexaghost","ascension_level":0}}