{"host":"2e5gbsni44p3458r","time":1611220270,"event":{"mods":["BaseMod","Colored Map","Downfall","Hermit","Hubris","Minty Spire (QoL Compilation)","StSLib","The Cursed"],"gold_per_floor":[99,99,99,99,99,109,109,122,122,141,41,26,26,54,67,67,67,67],"floor_reached":16,"language":"ENG","playtime":627,"items_purged":[],"score":103,"play_id":"9c24fe09-3155-4f59-99ce-872f8710c8c7","local_time":"20210121181110","is_ascension_mode":true,"campfire_choices":[{"floor":1,"key":"RECALL"},{"data":"bronze:Return","floor":11,"key":"SMITH"},{"data":"bronze:BronzeOrb","floor":13,"key":"SMITH"}],"circlet_count":0,"master_deck":["bronze:Strike","bronze:Strike","bronze:Defend","bronze:Defend","bronze:Defend","bronze:Replicate","bronze:Goto","bronze:Boost","bronze:Branch","bronze:Separator","downfall:Bewildered","bronze:WhirlingStrike","bronze:Return+1","bronze:ChildClass","bronze:BronzeOrb+1","bronze:AlphaBuild"],"relics":["bronze:BronzeCore","downfall:HeartsMalice","downfall:ShatteredFragment","downfall:HeartBlessingRed","Frozen Egg 2"],"acts_visited":["Exordium"],"potions_floor_usage":[14,16],"damage_taken":[{"damage":0,"enemies":"Small Slimes","floor":2,"turns":1},{"damage":0,"enemies":"Cultist","floor":4,"turns":1},{"damage":0,"enemies":"Jaw Worm","floor":5,"turns":1},{"damage":0,"enemies":"Exordium Wildlife","floor":6,"turns":3},{"damage":0,"enemies":"Blue Slaver","floor":8,"turns":2},{"damage":12,"enemies":"Exordium Thugs","floor":10,"turns":2},{"damage":0,"enemies":"downfall:FleeingMerchant","floor":12,"turns":4},{"damage":16,"enemies":"Gremlin Nob","floor":14,"turns":3},{"damage":0,"enemies":"3 Louse","floor":15,"turns":2},{"damage":3,"enemies":"IC_STATUS_ARCHETYPE","floor":16,"turns":4}],"seed_played":"1311311023086128865","potions_obtained":[{"floor":6,"key":"Fire Potion"},{"floor":10,"key":"Dexterity Potion"}],"is_trial":false,"path_per_floor":["R","M","?","M","M","M","T","M","?","M","R","$","R","E","M","B"],"character_chosen":"THE_AUTOMATON","items_purchased":[],"campfire_rested":0,"item_purchase_floors":[],"current_hp_per_floor":[70,70,70,70,70,70,70,70,49,37,37,37,37,21,21,18,18,18],"gold":67,"neow_bonus":"THREE_ENEMY_KILL","is_daily":false,"chose_seed":false,"campfire_upgraded":2,"win_rate":0.0,"timestamp":1611220270,"path_taken":["R","M","?","?","M","M","T","M","?","M","R","?","R","E","M","BOSS"],"items_purchased_type":[],"build_version":"2020-12-22","purchased_purges":0,"victory":false,"max_hp_per_floor":[70,70,70,70,70,70,70,70,70,70,70,70,70,70,70,70,70,70],"card_choices":[{"not_picked":["bronze:OilSpill","bronze:GetLatest"],"picked":"bronze:Boost","floor":2},{"not_picked":["bronze:WildBeam","bronze:DelayedSlice","bronze:Separator"],"picked":"SKIP","floor":4},{"not_picked":["bronze:Constructor","bronze:ShipIt"],"picked":"bronze:Return","floor":5},{"not_picked":["bronze:CutThrough","bronze:ForceShield","bronze:Shield"],"picked":"SKIP","floor":6},{"not_picked":["bronze:DelayedSlice","bronze:Deprecate"],"picked":"bronze:ChildClass","floor":8},{"not_picked":["bronze:WildBeam","bronze:DelayedSlice"],"picked":"bronze:BronzeOrb","floor":10},{"not_picked":["bronze:ChildClass","bronze:BuggyMess","bronze:WhirlingStrike"],"picked":"SKIP","floor":12},{"not_picked":["bronze:DelayedGuard","bronze:Boost"],"picked":"bronze:AlphaBuild","floor":14},{"not_picked":["bronze:DelayedGuard","bronze:Separator","bronze:FineTuning"],"picked":"SKIP","floor":15}],"player_experience":735964,"relics_obtained":[{"floor":14,"key":"Frozen Egg 2"}],"event_choices":[],"is_beta":false,"boss_relics":[],"items_purged_floors":[],"is_endless":false,"potions_floor_spawned":[6,10],"killed_by":"IC_STATUS_ARCHETYPE","ascension_level":1}}