{"host":"q9szs7qndgdlcq24","time":1611190431,"event":{"mods":["2.2 Compatiblity","AchievementEnabler","BaseMod","Bestiary","Colored Map","Colored Powertips","Dark Map","DeckTracker","Displayed Cursed Tome","Highlight Path","Minty Spire (QoL Compilation)","Random Character Button","StSLib","Unknown Chances"],"gold_per_floor":[110,110,110,110,123,123,159,159,159,174,192,217,62,86,86,217,217],"floor_reached":16,"language":"ENG","playtime":943,"items_purged":["Strike_B"],"score":177,"play_id":"1645e89e-65ac-4963-841d-1ac8016c2c9f","local_time":"20210121035351","is_ascension_mode":false,"campfire_choices":[{"data":"Gash","floor":6,"key":"SMITH"},{"data":"1","floor":8,"key":"LIFT"},{"floor":15,"key":"REST"}],"circlet_count":0,"master_deck":["Strike_B","Strike_B","Strike_B+1","Defend_B","Defend_B","Defend_B+1","Defend_B","Zap","Dualcast","Turbo","Gash+1","Redo","Hello World","Doom and Gloom","Capacitor","Chaos"],"relics":["Cracked Core","NeowsBlessing","Golden Idol","Girya","Pen Nib"],"acts_visited":["Exordium"],"potions_floor_usage":[11,16,16],"damage_taken":[{"damage":0,"enemies":"2 Louse","floor":1,"turns":1},{"damage":0,"enemies":"Jaw Worm","floor":5,"turns":1},{"damage":0,"enemies":"Lagavulin","floor":7,"turns":1},{"damage":2,"enemies":"Small Slimes","floor":10,"turns":3},{"damage":6,"enemies":"Exordium Wildlife","floor":11,"turns":5},{"damage":6,"enemies":"2 Fungi Beasts","floor":12,"turns":3},{"damage":5,"enemies":"Lots of Slimes","floor":14,"turns":2},{"damage":38,"enemies":"Slime Boss","floor":16,"turns":10}],"seed_played":"940710625613376226","potions_obtained":[{"floor":7,"key":"SkillPotion"},{"floor":11,"key":"PotionOfCapacity"},{"floor":12,"key":"Swift Potion"},{"floor":14,"key":"SkillPotion"}],"is_trial":false,"path_per_floor":["M","?","?","?","M","R","E","R","T","M","M","M","$","M","R","B"],"character_chosen":"DEFECT","items_purchased":["Capacitor"],"campfire_rested":1,"item_purchase_floors":[13],"current_hp_per_floor":[75,60,42,67,67,67,67,67,67,65,59,53,53,48,70,32,32],"gold":217,"neow_bonus":"THREE_ENEMY_KILL","is_daily":false,"chose_seed":false,"campfire_upgraded":1,"win_rate":0.0,"timestamp":1611190431,"path_taken":["M","?","?","?","M","R","E","R","T","?","M","M","$","M","R","BOSS"],"items_purchased_type":["Card"],"build_version":"2020-12-22","purchased_purges":1,"victory":false,"max_hp_per_floor":[75,75,75,75,75,75,75,75,75,75,75,75,75,75,75,75,75],"card_choices":[{"not_picked":["Steam","Stack"],"picked":"Turbo","floor":1},{"not_picked":["Beam Cell","Hologram"],"picked":"Gash","floor":5},{"not_picked":["Go for the Eyes","Skim"],"picked":"Redo","floor":7},{"not_picked":["Amplify","Storm"],"picked":"Hello World","floor":10},{"not_picked":["Glacier","Blizzard"],"picked":"Doom and Gloom","floor":11},{"not_picked":["Steam","Force Field","Go for the Eyes"],"picked":"SKIP","floor":12},{"not_picked":["Go for the Eyes","Hologram"],"picked":"Chaos","floor":14}],"player_experience":69788,"relics_obtained":[{"floor":7,"key":"Girya"},{"floor":9,"key":"Pen Nib"}],"event_choices":[{"damage_healed":0,"gold_gain":0,"player_choice":"Entered Light","damage_taken":15,"max_hp_gain":0,"max_hp_loss":0,"event_name":"Shining Light","floor":2,"gold_loss":0,"cards_upgraded":["Defend_B","Strike_B"]},{"damage_healed":0,"gold_gain":0,"player_choice":"Take Damage","damage_taken":18,"relics_obtained":["Golden Idol"],"max_hp_gain":0,"max_hp_loss":0,"event_name":"Golden Idol","floor":3,"gold_loss":0},{"damage_healed":25,"gold_gain":0,"player_choice":"Banana","damage_taken":0,"max_hp_gain":0,"max_hp_loss":0,"event_name":"Big Fish","floor":4,"gold_loss":0}],"is_beta":false,"boss_relics":[],"items_purged_floors":[13],"is_endless":false,"potions_floor_spawned":[7,11,12,14],"killed_by":"Slime Boss","ascension_level":0}}