{"host":"h4qgcirtxz6qax9j","time":1611236002,"event":{"mods":["AchievementEnabler","BaseMod","Colored Powertips","Hermit","Minty Spire (QoL Compilation)","StSLib","SuperFastMode","The Servant 0.9.4"],"gold_per_floor":[114,130,5,5,16,16,31,42,42,52,52,52,78,98,98,201,201,176,191,118,134,134,134,134],"floor_reached":23,"language":"KOR","playtime":3032,"items_purged":[],"score":249,"play_id":"999888f5-5397-4dbc-8dbf-8f8ba063169b","local_time":"20210121223322","is_ascension_mode":true,"campfire_choices":[{"data":"Potential","floor":6,"key":"SMITH"},{"floor":11,"key":"REST"},{"floor":15,"key":"REST"}],"circlet_count":0,"master_deck":["Strike_S","Strike_S","Strike_S","Strike_S","Defend_S","Defend_S","Defend_S","Defend_S","KidneyShot","Exchange","ShatteredReality","ShiftingGears","DualDimension+1","Potential+1","ShatteredReality","SilverMatrix","FastForward","Potential","Potential","ShatteredReality+1","Ricochet","FastForward","Potential"],"relics":["Uniform","NeowsBlessing","Darkstone Periapt","Ginger","Pear","Runic Pyramid"],"acts_visited":["Exordium","TheCity"],"potions_floor_usage":[16,23,23],"damage_taken":[{"damage":0,"enemies":"Jaw Worm","floor":1,"turns":1},{"damage":0,"enemies":"2 Louse","floor":2,"turns":1},{"damage":0,"enemies":"Cultist","floor":5,"turns":1},{"damage":14,"enemies":"Gremlin Gang","floor":7,"turns":5},{"damage":8,"enemies":"3 Louse","floor":8,"turns":3},{"damage":0,"enemies":"2 Fungi Beasts","floor":10,"turns":4},{"damage":40,"enemies":"Gremlin Nob","floor":13,"turns":5},{"damage":23,"enemies":"Exordium Thugs","floor":14,"turns":4},{"damage":20,"enemies":"Hexaghost","floor":16,"turns":10},{"damage":23,"enemies":"2 Thieves","floor":18,"turns":5},{"damage":41,"enemies":"Shell Parasite","floor":19,"turns":6},{"damage":5,"enemies":"Centurion and Healer","floor":21,"turns":5},{"damage":18,"enemies":"Book of Stabbing","floor":23,"turns":1}],"seed_played":"5997984226754236008","potions_obtained":[{"floor":2,"key":"LiquidBronze"},{"floor":5,"key":"PowerPotion"},{"floor":8,"key":"SneckoOil"},{"floor":18,"key":"PowerPotion"}],"is_trial":false,"path_per_floor":["M","M","$","?","M","R","M","M","T","M","R","?","E","M","R","B",null,"M","M","$","M","?","E"],"character_chosen":"THE_SERVANT","items_purchased":["DualDimension","Potential","Ricochet","FastForward"],"campfire_rested":2,"item_purchase_floors":[3,3,20,20],"current_hp_per_floor":[65,65,65,65,65,65,51,43,43,43,62,62,32,9,31,11,75,52,11,11,6,6,0,0],"gold":134,"neow_bonus":"THREE_ENEMY_KILL","is_daily":false,"chose_seed":false,"campfire_upgraded":1,"win_rate":0.0,"timestamp":1611236002,"path_taken":["M","M","$","?","M","R","M","M","T","M","R","?","E","M","R","BOSS","M","M","$","M","?","E"],"items_purchased_type":["Card","Card","Card","Card"],"build_version":"2020-12-22","purchased_purges":0,"victory":false,"max_hp_per_floor":[65,65,65,65,65,65,65,65,65,65,65,65,75,75,75,75,75,75,75,75,75,75,75,75],"card_choices":[{"not_picked":["Rearm","Rewind"],"picked":"ShatteredReality","floor":1},{"not_picked":["ShiftingGears","RealityMarble","DoubleEdge"],"picked":"SKIP","floor":2},{"not_picked":["RealityMarble","DoubleEdge"],"picked":"ShiftingGears","floor":2},{"not_picked":["Spin","Replace"],"picked":"ShatteredReality","floor":5},{"not_picked":["Moondial","DoubleEdge"],"picked":"SilverMatrix","floor":7},{"not_picked":["Contraction","BestPractice"],"picked":"FastForward","floor":8},{"not_picked":["Unruled","Deadline","Revamp"],"picked":"SKIP","floor":10},{"not_picked":["Sabotage","Luminosity","SurpressingFire"],"picked":"SKIP","floor":13},{"not_picked":["Reset","Moondial"],"picked":"Potential","floor":14},{"not_picked":["Unruled","Rewind+1"],"picked":"Potential","floor":18},{"not_picked":["BottledTime","Revamp"],"picked":"ShatteredReality+1","floor":19},{"not_picked":["ReturningBlade","BottledTime"],"picked":"Potential","floor":21}],"player_experience":92137,"relics_obtained":[{"floor":9,"key":"Darkstone Periapt"},{"floor":13,"key":"Pear"}],"event_choices":[{"damage_healed":0,"gold_gain":0,"player_choice":"Grow","damage_taken":0,"max_hp_gain":0,"max_hp_loss":0,"event_name":"Living Wall","floor":4,"gold_loss":0,"cards_upgraded":["DualDimension"]},{"damage_healed":0,"gold_gain":0,"player_choice":"Searched \u00271\u0027 times","damage_taken":0,"relics_obtained":["Ginger"],"max_hp_gain":0,"max_hp_loss":0,"event_name":"Dead Adventurer","floor":12,"gold_loss":0},{"damage_healed":0,"gold_gain":0,"player_choice":"Ignored","damage_taken":0,"max_hp_gain":0,"max_hp_loss":0,"event_name":"Ghosts","floor":22,"gold_loss":0}],"is_beta":false,"boss_relics":[{"not_picked":["Coffee Dripper","Calling Bell"],"picked":"Runic Pyramid"}],"items_purged_floors":[],"is_endless":false,"potions_floor_spawned":[2,5,8,18,19],"killed_by":"Book of Stabbing","ascension_level":3}}