{"host":"2n2g1vowfllvjtvi","time":1611235803,"event":{"mods":["AchievementEnabler","BaseMod","Custom Start","GifTheSpireLib","Keyboard Shortcuts","Minty Spire (QoL Compilation)","Quick Restart","Rare Cards Sparkle","StSLib","SuperFastMode"],"gold_per_floor":[13,33,33,33,45,45,71,71,141,153,188,249,273,300,312,427,439,462,364,153,172,191,226,226,256,281,311,311,324,355,381,381,480,480,494,546,846,336,350,380,380,412,412,444,503,81,81,115,115,115],"floor_reached":51,"language":"KOR","playtime":915,"items_purged":["Strike_R","Strike_R","Strike_R+1"],"score":1155,"play_id":"90c69d9d-dbff-41a3-b3f0-b6882b97f9eb","local_time":"20210121223003","is_ascension_mode":true,"campfire_choices":[{"data":"Immolate","floor":6.0,"key":"SMITH"},{"data":"Fire Breathing","floor":15.0,"key":"SMITH"},{"floor":24,"key":"REST"},{"floor":28,"key":"REST"},{"data":"Immolate","floor":32,"key":"SMITH"},{"data":"Evolve","floor":41,"key":"SMITH"},{"data":"Feel No Pain","floor":47,"key":"SMITH"},{"floor":49,"key":"REST"}],"circlet_count":0,"master_deck":["Strike_R+1","Defend_R","Defend_R+1","Defend_R","Defend_R","Bash+1","Immolate+1","Wild Strike+1","Fire Breathing+1","Seeing Red+1","Evolve+1","Immolate+1","Shockwave+1","Reaper","Evolve+1","Dark Embrace+1","Burning Pact+1","Bloodletting+1","Feel No Pain+1","Fire Breathing+1"],"relics":["Burning Blood","Potion Belt","Mummified Hand","MawBank","War Paint","Black Star","Thread and Needle","ClockworkSouvenir","Regal Pillow","Meat on the Bone","Ancient Tea Set","Red Skull","Nunchaku","Paper Frog","Question Card","Pen Nib","Letter Opener","Red Mask","Philosopher\u0027s Stone","Incense Burner","Old Coin","Chemical X","HornCleat","StrikeDummy","Centennial Puzzle","Whetstone","Bag of Marbles","Sundial","CeramicFish","Turnip","Pocketwatch","TheAbacus","Dream Catcher","Ice Cream","Bottled Tornado"],"acts_visited":["Exordium","TheCity","TheBeyond"],"potions_floor_usage":[23,29,30,33,50,50,50],"damage_taken":[{"damage":1.0,"enemies":"Cultist","floor":1.0,"turns":3.0},{"damage":5.0,"enemies":"Small Slimes","floor":2.0,"turns":2.0},{"damage":0.0,"enemies":"2 Louse","floor":5.0,"turns":2.0},{"damage":32.0,"enemies":"Gremlin Nob","floor":7.0,"turns":4.0},{"damage":1.0,"enemies":"Looter","floor":10.0,"turns":2.0},{"damage":32.0,"enemies":"Lagavulin","floor":11.0,"turns":5.0},{"damage":3.0,"enemies":"Blue Slaver","floor":13.0,"turns":2.0},{"damage":2.0,"enemies":"2 Fungi Beasts","floor":14.0,"turns":2.0},{"damage":8.0,"enemies":"The Guardian","floor":16.0,"turns":7.0},{"damage":17.0,"enemies":"3 Byrds","floor":18.0,"turns":4.0},{"damage":3,"enemies":"Chosen","floor":21,"turns":3},{"damage":0,"enemies":"3 Cultists","floor":22,"turns":3},{"damage":47,"enemies":"Slavers","floor":23,"turns":5},{"damage":21,"enemies":"Book of Stabbing","floor":25,"turns":4},{"damage":17,"enemies":"Gremlin Leader","floor":27,"turns":4},{"damage":5,"enemies":"Centurion and Healer","floor":29,"turns":5},{"damage":23,"enemies":"Book of Stabbing","floor":30,"turns":4},{"damage":0,"enemies":"Masked Bandits","floor":31,"turns":2},{"damage":56,"enemies":"Collector","floor":33,"turns":8},{"damage":0,"enemies":"3 Darklings","floor":35,"turns":2},{"damage":51,"enemies":"2 Orb Walkers","floor":36,"turns":4},{"damage":4,"enemies":"3 Shapes","floor":39,"turns":3},{"damage":16,"enemies":"Reptomancer","floor":40,"turns":4},{"damage":24,"enemies":"Nemesis","floor":42,"turns":7},{"damage":4,"enemies":"Giant Head","floor":44,"turns":4},{"damage":31,"enemies":"Mind Bloom Boss Battle","floor":45,"turns":4},{"damage":8,"enemies":"Nemesis","floor":48,"turns":4},{"damage":13,"enemies":"Donu and Deca","floor":50,"turns":3}],"seed_played":"-8466424639258792329","potions_obtained":[{"floor":7.0,"key":"HeartOfIron"},{"floor":10.0,"key":"Energy Potion"},{"floor":14.0,"key":"Swift Potion"},{"floor":16.0,"key":"Weak Potion"},{"floor":22,"key":"ColorlessPotion"},{"floor":23,"key":"Weak Potion"},{"floor":25,"key":"Energy Potion"},{"floor":30,"key":"Regen Potion"},{"floor":42,"key":"SpeedPotion"},{"floor":44,"key":"Dexterity Potion"},{"floor":45,"key":"ColorlessPotion"},{"floor":48,"key":"DuplicationPotion"}],"is_trial":false,"path_per_floor":["M","M","?","?","M","R","E","?","T","M","E","T","M","M","R","B",null,"M","?","$","M","M","E","R","E","T","E","R","M","E","?","R","B",null,"M","?","T","$","M","E","R","E","T","E","?","$","R","E","R","B",null],"character_chosen":"IRONCLAD","items_purchased":["ClockworkSouvenir","Chemical X","HornCleat","TheAbacus","Dream Catcher"],"campfire_rested":3,"item_purchase_floors":[20,38,38,46,46],"current_hp_per_floor":[80,80,80,85,85,85,59,42,42,47,21,21,24,28,28,26,70,59,59,59,62,68,27,67,52,52,53,85,85,68,74,74,50,76,82,52,52,52,75,73,73,69,69,85,74,74,74,79,85,85],"gold":115,"neow_bonus":"THREE_RARE_CARDS","is_daily":false,"chose_seed":false,"campfire_upgraded":5,"win_rate":0.0,"timestamp":1611235803,"path_taken":["M","M","?","?","M","R","E","?","T","M","E","?","M","?","R","BOSS","M","?","$","M","?","E","R","E","T","E","R","M","E","?","R","BOSS","M","?","?","$","?","E","R","E","T","E","?","$","R","E","R","BOSS"],"items_purchased_type":["Relic","Relic","Relic","Relic","Relic"],"build_version":"2020-12-22","purchased_purges":3,"victory":true,"max_hp_per_floor":[80,80,80,85,85,85,85,85,85,85,85,85,85,85,85,85,85,85,85,85,85,85,85,85,85,85,85,85,85,85,85,85,85,85,85,85,85,85,85,85,85,85,85,85,85,85,85,85,85,85],"card_choices":[{"not_picked":["Impervious","Double Tap"],"picked":"Immolate","floor":0.0},{"not_picked":["Sword Boomerang","Heavy Blade","Flex"],"picked":"SKIP","floor":1.0},{"not_picked":["Iron Wave","Ghostly Armor","Body Slam"],"picked":"SKIP","floor":2.0},{"not_picked":["Spot Weakness","Intimidate","Perfected Strike"],"picked":"SKIP","floor":5.0},{"not_picked":["Headbutt","Dropkick"],"picked":"Wild Strike","floor":7.0},{"not_picked":["Hemokinesis","Whirlwind"],"picked":"Fire Breathing","floor":10.0},{"not_picked":["Blood for Blood","True Grit"],"picked":"Seeing Red","floor":11.0},{"not_picked":["Inflame","Wild Strike","Iron Wave"],"picked":"SKIP","floor":13.0},{"not_picked":["Whirlwind","Iron Wave"],"picked":"Evolve","floor":14.0},{"not_picked":["Juggernaut","Feed"],"picked":"Immolate","floor":16.0},{"not_picked":["Whirlwind","Dual Wield","Clash"],"picked":"SKIP","floor":18.0},{"not_picked":["Perfected Strike","Clothesline","Cleave+1"],"picked":"SKIP","floor":21},{"not_picked":["Perfected Strike","Metallicize","Armaments"],"picked":"SKIP","floor":22},{"not_picked":["Juggernaut","Havoc"],"picked":"Shockwave+1","floor":23},{"not_picked":["Headbutt","Uppercut","Dual Wield"],"picked":"SKIP","floor":25},{"not_picked":["Spot Weakness+1","Cleave","Pummel+1"],"picked":"SKIP","floor":27},{"not_picked":["Flex+1","Havoc","Cleave","Heavy Blade"],"picked":"SKIP","floor":29},{"not_picked":["Brutality","Disarm","Body Slam","Infernal Blade+1"],"picked":"SKIP","floor":30},{"not_picked":["Brutality","Limit Break","Feed"],"picked":"Reaper","floor":33},{"not_picked":["Wild Strike+1","Clothesline","Havoc+1"],"picked":"Evolve+1","floor":35},{"not_picked":["Headbutt","Infernal Blade","Searing Blow+1"],"picked":"Dark Embrace+1","floor":39},{"not_picked":["Clothesline+1","Entrench+1","Pommel Strike+1"],"picked":"Burning Pact+1","floor":40},{"not_picked":["Bludgeon","Twin Strike","Pummel+1"],"picked":"Bloodletting+1","floor":42},{"not_picked":["Armaments+1","True Grit","Infernal Blade+1","Thunderclap+1"],"picked":"SKIP","floor":44},{"not_picked":["Clash","Body Slam","Sword Boomerang+1"],"picked":"Feel No Pain","floor":45},{"not_picked":["Flame Barrier","Flex+1","Power Through"],"picked":"Fire Breathing+1","floor":48}],"player_experience":223661,"relics_obtained":[{"floor":7.0,"key":"Potion Belt"},{"floor":9.0,"key":"Mummified Hand"},{"floor":11.0,"key":"MawBank"},{"floor":12.0,"key":"War Paint"},{"floor":23,"key":"Regal Pillow"},{"floor":23,"key":"Meat on the Bone"},{"floor":25,"key":"Ancient Tea Set"},{"floor":25,"key":"Red Skull"},{"floor":26,"key":"Nunchaku"},{"floor":27,"key":"Paper Frog"},{"floor":27,"key":"Question Card"},{"floor":30,"key":"Pen Nib"},{"floor":30,"key":"Letter Opener"},{"floor":31,"key":"Red Mask"},{"floor":36,"key":"Incense Burner"},{"floor":37,"key":"Old Coin"},{"floor":40,"key":"StrikeDummy"},{"floor":40,"key":"Centennial Puzzle"},{"floor":42,"key":"Whetstone"},{"floor":42,"key":"Bag of Marbles"},{"floor":43,"key":"Sundial"},{"floor":44,"key":"CeramicFish"},{"floor":44,"key":"Turnip"},{"floor":45,"key":"Pocketwatch"},{"floor":48,"key":"Ice Cream"},{"floor":48,"key":"Bottled Tornado"}],"event_choices":[{"cards_removed":["Strike_R"],"damage_healed":0.0,"max_hp_gain":0.0,"max_hp_loss":0.0,"gold_gain":0.0,"event_name":"Living Wall","player_choice":"Forget","floor":3.0,"gold_loss":0.0,"damage_taken":0.0},{"damage_healed":0.0,"max_hp_gain":5.0,"max_hp_loss":0.0,"gold_gain":0.0,"event_name":"Big Fish","player_choice":"Donut","floor":4.0,"gold_loss":0.0,"damage_taken":0.0},{"damage_healed":0.0,"max_hp_gain":0.0,"max_hp_loss":0.0,"gold_gain":0.0,"event_name":"Shining Light","player_choice":"Entered Light","floor":8.0,"gold_loss":0.0,"damage_taken":17.0,"cards_upgraded":["Strike_R","Strike_R"]},{"damage_healed":0,"gold_gain":0,"player_choice":"Paid Gold","damage_taken":0,"relics_obtained":["Thread and Needle"],"max_hp_gain":0,"max_hp_loss":0,"event_name":"WeMeetAgain","floor":19,"gold_loss":110},{"damage_healed":0,"gold_gain":0,"player_choice":"Fought Bandits","damage_taken":0,"max_hp_gain":0,"max_hp_loss":0,"event_name":"Masked Bandits","floor":31,"gold_loss":0},{"damage_healed":0,"gold_gain":0,"player_choice":"Fight","damage_taken":0,"max_hp_gain":0,"max_hp_loss":0,"event_name":"Mysterious Sphere","floor":36,"gold_loss":0},{"damage_healed":0,"gold_gain":0,"player_choice":"Fight","damage_taken":0,"max_hp_gain":0,"max_hp_loss":0,"event_name":"MindBloom","floor":45,"gold_loss":0}],"is_beta":false,"boss_relics":[{"not_picked":["SlaversCollar","Calling Bell"],"picked":"Black Star"},{"not_picked":["Tiny House","Empty Cage"],"picked":"Philosopher\u0027s Stone"}],"items_purged_floors":[20,38,46],"is_endless":false,"potions_floor_spawned":[7,10,14,16,22,23,25,30,42,44,45,48],"ascension_level":5}}