{"host":"gobyjzz6xbwq9f9i","time":1611259393,"event":{"mods":["AchievementEnabler","BaseMod","Bestiary","Colored Map","Minty Spire (QoL Compilation)"],"gold_per_floor":[113,133,208,219,233,233,261,20,20,48,62,95,108,124,124,227,227,244,254,12,12,28,28,58,75,75,88,88,122,122,122,134,251,263,289,301,324,336,348,360,386,398,410,435,54,86,11,26,26,26,26,26,26,58,58,58],"floor_reached":55,"language":"ENG","playtime":4139,"items_purged":["Strike_P"],"score":909,"play_id":"7d93abb6-2ad0-4114-a1c5-fc7646d0d3f4","local_time":"20210121120313","is_ascension_mode":false,"campfire_choices":[{"data":"Eruption","floor":6.0,"key":"SMITH"},{"data":"BowlingBash","floor":15.0,"key":"SMITH"},{"data":"FlurryOfBlows","floor":23.0,"key":"SMITH"},{"data":"ThirdEye","floor":28.0,"key":"SMITH"},{"data":"ThirdEye","floor":30.0,"key":"SMITH"},{"data":"SandsOfTime","floor":32.0,"key":"SMITH"},{"data":"Blasphemy","floor":40,"key":"SMITH"},{"data":"Vengeance","floor":42,"key":"SMITH"},{"floor":49,"key":"RECALL"},{"data":"CutThroughFate","floor":52,"key":"SMITH"}],"circlet_count":0,"master_deck":["Strike_P+1","Strike_P+1","Strike_P","Defend_P+1","Defend_P+1","Defend_P+1","Defend_P+1","Eruption+1","Vigilance+1","CrushJoints+1","CutThroughFate+1","FlurryOfBlows+1","WheelKick+1","ClearTheMind+1","Vengeance+1","EmptyFist+1","BowlingBash+1","LessonLearned+1","Crescendo+1","ThirdEye+1","ThirdEye+1","Tantrum+1","ThirdEye+1","Blasphemy+1","FlurryOfBlows+1","ClearTheMind+1","ClearTheMind+1","Blind","CutThroughFate+1","InnerPeace"],"relics":["PureWater","Bag of Preparation","CloakClasp","Shuriken","Meat on the Bone","Mummified Hand","Gremlin Horn","Philosopher\u0027s Stone","White Beast Statue","Eternal Feather","Matryoshka","Pen Nib","Pocketwatch","MawBank","Coffee Dripper","Nunchaku","War Paint","Toy Ornithopter","Mercury Hourglass"],"acts_visited":["Exordium","TheCity","TheBeyond","TheEnding"],"potions_floor_usage":[46,54,55,55],"damage_taken":[{"damage":6.0,"enemies":"Jaw Worm","floor":1.0,"turns":5.0},{"damage":0.0,"enemies":"2 Louse","floor":2.0,"turns":4.0},{"damage":10.0,"enemies":"Small Slimes","floor":4.0,"turns":3.0},{"damage":0.0,"enemies":"Blue Slaver","floor":5.0,"turns":1.0},{"damage":8.0,"enemies":"Lagavulin","floor":7.0,"turns":3.0},{"damage":0.0,"enemies":"Gremlin Nob","floor":10.0,"turns":2.0},{"damage":0.0,"enemies":"3 Louse","floor":11.0,"turns":1.0},{"damage":1.0,"enemies":"Lagavulin","floor":12.0,"turns":4.0},{"damage":0.0,"enemies":"Red Slaver","floor":13.0,"turns":3.0},{"damage":0.0,"enemies":"Looter","floor":14.0,"turns":2.0},{"damage":0.0,"enemies":"Slime Boss","floor":16.0,"turns":3.0},{"damage":1.0,"enemies":"Spheric Guardian","floor":18.0,"turns":3.0},{"damage":4.0,"enemies":"Chosen","floor":19.0,"turns":4.0},{"damage":0.0,"enemies":"Snecko","floor":22.0,"turns":3.0},{"damage":7.0,"enemies":"Slavers","floor":24.0,"turns":6.0},{"damage":0.0,"enemies":"Centurion and Healer","floor":25.0,"turns":3.0},{"damage":6.0,"enemies":"Snake Plant","floor":27.0,"turns":4.0},{"damage":0.0,"enemies":"Gremlin Leader","floor":29.0,"turns":4.0},{"damage":0.0,"enemies":"Champ","floor":33.0,"turns":6.0},{"damage":0,"enemies":"3 Darklings","floor":35,"turns":3},{"damage":0,"enemies":"3 Shapes","floor":37,"turns":2},{"damage":0,"enemies":"Spire Growth","floor":41,"turns":2},{"damage":0,"enemies":"Jaw Worm Horde","floor":44,"turns":2},{"damage":0,"enemies":"Reptomancer","floor":46,"turns":2},{"damage":0,"enemies":"Sphere and 2 Shapes","floor":48,"turns":4},{"damage":15,"enemies":"Awakened One","floor":50,"turns":8},{"damage":3,"enemies":"Shield and Spear","floor":54,"turns":3},{"damage":98,"enemies":"The Heart","floor":55,"turns":5}],"seed_played":"9059014376713608602","potions_obtained":[{"floor":1.0,"key":"PowerPotion"},{"floor":12.0,"key":"Dexterity Potion"},{"floor":13.0,"key":"Fire Potion"},{"floor":14.0,"key":"Fire Potion"},{"floor":22.0,"key":"LiquidMemories"},{"floor":24.0,"key":"Strength Potion"},{"floor":25.0,"key":"Block Potion"},{"floor":41,"key":"GamblersBrew"},{"floor":44,"key":"SteroidPotion"},{"floor":46,"key":"AttackPotion"},{"floor":54,"key":"Block Potion"}],"is_trial":false,"path_per_floor":["M","M","?","M","M","R","E","$","T","E","M","E","M","M","R","B",null,"M","M","$","?","M","R","E","M","T","M","R","E","R","T","R","B",null,"M","?","M","?","?","R","M","R","T","M","$","E","$","M","R","B",null,"R","$","E","B"],"character_chosen":"WATCHER","items_purchased":["Shuriken","White Beast Statue","Nunchaku","Blind","War Paint"],"campfire_rested":0,"item_purchase_floors":[8,20,45,45,45],"current_hp_per_floor":[66,66,55,45,45,45,37,37,37,37,37,48,48,48,48,48,72,71,67,67,54,54,54,47,47,47,41,53,53,68,68,77,77,77,77,77,77,77,73,73,73,73,73,73,73,73,73,73,73,58,73,73,73,70,0,0],"gold":58,"neow_bonus":"RANDOM_COMMON_RELIC","is_daily":false,"chose_seed":false,"campfire_upgraded":9,"win_rate":0.0,"timestamp":1611259393,"path_taken":["M","M","?","M","M","R","E","$","T","E","M","E","M","M","R","BOSS","M","M","$","?","M","R","E","M","T","M","R","E","R","?","R","BOSS","M","?","M","?","?","R","M","R","T","M","$","E","$","M","R","BOSS","R","$","E","BOSS"],"items_purchased_type":["Relic","Relic","Relic","Card","Relic"],"build_version":"2020-12-22","purchased_purges":1,"victory":false,"max_hp_per_floor":[72,72,72,72,72,72,72,72,72,72,72,72,72,72,72,72,72,72,72,72,77,77,77,77,77,77,77,77,77,77,77,77,77,77,77,77,77,77,73,73,73,73,73,73,73,73,73,73,73,73,73,73,73,73,73,73],"card_choices":[{"not_picked":["Vengeance","ClearTheMind"],"picked":"CrushJoints","floor":1.0},{"not_picked":["FlyingSleeves","ClearTheMind"],"picked":"CutThroughFate","floor":2.0},{"not_picked":["JustLucky","Protect"],"picked":"FlurryOfBlows","floor":4.0},{"not_picked":["Indignation","CutThroughFate"],"picked":"WheelKick","floor":5.0},{"not_picked":["BattleHymn","SignatureMove","Sanctity"],"picked":"SKIP","floor":7.0},{"not_picked":["ReachHeaven","FollowUp"],"picked":"ClearTheMind","floor":10.0},{"not_picked":["Wish","CutThroughFate"],"picked":"Vengeance","floor":11.0},{"not_picked":["SashWhip","ClearTheMind"],"picked":"SandsOfTime","floor":12.0},{"not_picked":["Protect","JustLucky"],"picked":"EmptyFist","floor":13.0},{"not_picked":["JustLucky","Alpha"],"picked":"BowlingBash","floor":14.0},{"not_picked":["ConjureBlade","Brilliance"],"picked":"LessonLearned","floor":16.0},{"not_picked":["PathToVictory","BattleHymn"],"picked":"Crescendo+1","floor":18.0},{"not_picked":["Halt","Protect"],"picked":"ThirdEye","floor":19.0},{"not_picked":["FlyingSleeves+1","WaveOfTheHand"],"picked":"ThirdEye","floor":22.0},{"not_picked":["SandsOfTime","Protect"],"picked":"Tantrum+1","floor":24.0},{"not_picked":["Crescendo","FollowUp","ThirdEye"],"picked":"SKIP","floor":25.0},{"not_picked":["Evaluate","Perseverance","EmptyBody"],"picked":"SKIP","floor":27.0},{"not_picked":["Judgement","FlurryOfBlows+1"],"picked":"ThirdEye+1","floor":29.0},{"not_picked":["Alpha","MasterReality"],"picked":"Blasphemy","floor":33.0},{"not_picked":["Conclude","ForeignInfluence+1"],"picked":"FlurryOfBlows+1","floor":35},{"not_picked":["SandsOfTime","PathToVictory"],"picked":"ClearTheMind+1","floor":37},{"not_picked":["Collect+1","CarveReality","WreathOfFlame+1"],"picked":"SKIP","floor":41},{"not_picked":["Collect+1","CarveReality","WreathOfFlame+1"],"picked":"SKIP","floor":41},{"not_picked":["CarveReality+1","ThirdEye"],"picked":"ClearTheMind+1","floor":44},{"not_picked":["FlyingSleeves+1","JustLucky","Blasphemy"],"picked":"SKIP","floor":46},{"not_picked":["BowlingBash+1","CarveReality+1"],"picked":"CutThroughFate+1","floor":48},{"not_picked":["BattleHymn+1","EmptyFist"],"picked":"InnerPeace","floor":54}],"player_experience":1101245,"relics_obtained":[{"floor":7.0,"key":"CloakClasp"},{"floor":9.0,"key":"Meat on the Bone"},{"floor":10.0,"key":"Mummified Hand"},{"floor":12.0,"key":"Gremlin Horn"},{"floor":24.0,"key":"Eternal Feather"},{"floor":26.0,"key":"Matryoshka"},{"floor":29.0,"key":"Pen Nib"},{"floor":31.0,"key":"Pocketwatch"},{"floor":31.0,"key":"MawBank"},{"floor":46,"key":"Toy Ornithopter"},{"floor":54,"key":"Mercury Hourglass"}],"event_choices":[{"damage_healed":0.0,"max_hp_gain":0.0,"max_hp_loss":0.0,"gold_gain":75.0,"event_name":"World of Goop","player_choice":"Gather Gold","floor":3.0,"gold_loss":0.0,"damage_taken":11.0},{"damage_healed":0.0,"max_hp_gain":5.0,"max_hp_loss":0.0,"gold_gain":0.0,"event_name":"Forgotten Altar","player_choice":"Shed Blood","floor":21.0,"gold_loss":0.0,"damage_taken":18.0},{"cards_removed":["SandsOfTime"],"damage_healed":0,"gold_gain":0,"player_choice":"Removed Attack","damage_taken":0,"max_hp_gain":0,"max_hp_loss":0,"event_name":"Falling","floor":36,"gold_loss":0},{"damage_healed":0,"gold_gain":0,"player_choice":"Ignored","damage_taken":0,"max_hp_gain":0,"max_hp_loss":0,"event_name":"Tomb of Lord Red Mask","floor":38,"gold_loss":0},{"damage_healed":0,"gold_gain":0,"player_choice":"Max HP","damage_taken":0,"max_hp_gain":0,"max_hp_loss":4,"event_name":"Winding Halls","floor":39,"gold_loss":0}],"is_beta":false,"boss_relics":[{"not_picked":["Sozu","Ectoplasm"],"picked":"Philosopher\u0027s Stone"},{"not_picked":["Astrolabe","SlaversCollar"],"picked":"Coffee Dripper"}],"items_purged_floors":[47],"is_endless":false,"potions_floor_spawned":[1,12,13,14,16,22,24,25,27,29,33,35,37,41,44,46,48,54],"killed_by":"The Heart","ascension_level":0}}