{"host":"o6k2gaocsza4qys9","time":1611234255,"event":{"mods":["BaseMod","Minty Spire (QoL Compilation)","Permanent Neow","Relic Stats"],"gold_per_floor":[110,110,124,140,158,184,184,213,213,233,233,233,249,278,278,353,353,331,381,398,113,130,162,173,173,173,12,12,28,28,45,45,45,45],"floor_reached":33,"language":"ENG","playtime":1317,"items_purged":["Strike_R"],"score":578,"play_id":"c864b17a-d10a-4e9f-a712-37ab53b46d4f","local_time":"20210121210415","is_ascension_mode":true,"campfire_choices":[{"data":"True Grit","floor":7,"key":"SMITH"},{"floor":12,"key":"REST"},{"data":"Blood for Blood","floor":15,"key":"SMITH"},{"floor":28,"key":"REST"},{"floor":32,"key":"REST"}],"circlet_count":0,"master_deck":["AscendersBane","Strike_R+1","Strike_R+1","Strike_R","Defend_R","Defend_R","Defend_R","Defend_R","Bash+1","Clothesline+1","Reckless Charge","Feel No Pain","True Grit+1","Blood for Blood+1","Sentinel","Fiend Fire","Dark Embrace","Whirlwind+1","Offering","Pommel Strike+1","Flex","Hemokinesis","Spot Weakness"],"relics":["Burning Blood","Mango","Pen Nib","InkBottle","Mercury Hourglass","Mark of Pain","Question Card","Singing Bowl","Brimstone"],"acts_visited":["Exordium","TheCity"],"potions_floor_usage":[6,8,16,16,23,23,31,33],"damage_taken":[{"damage":17,"enemies":"Small Slimes","floor":1,"turns":5},{"damage":2,"enemies":"Jaw Worm","floor":3,"turns":4},{"damage":0,"enemies":"Cultist","floor":4,"turns":2},{"damage":8,"enemies":"Large Slime","floor":5,"turns":4},{"damage":20,"enemies":"Lagavulin","floor":6,"turns":6},{"damage":19,"enemies":"Gremlin Nob","floor":8,"turns":4},{"damage":26,"enemies":"Exordium Thugs","floor":10,"turns":6},{"damage":3,"enemies":"Looter","floor":13,"turns":2},{"damage":18,"enemies":"Lagavulin","floor":14,"turns":8},{"damage":24,"enemies":"The Guardian","floor":16,"turns":11},{"damage":17,"enemies":"2 Thieves","floor":18,"turns":4},{"damage":19,"enemies":"Spheric Guardian","floor":20,"turns":5},{"damage":6,"enemies":"3 Cultists","floor":22,"turns":4},{"damage":27,"enemies":"Book of Stabbing","floor":23,"turns":3},{"damage":22,"enemies":"Shelled Parasite and Fungi","floor":24,"turns":4},{"damage":6,"enemies":"Snecko","floor":29,"turns":2},{"damage":15,"enemies":"Centurion and Healer","floor":31,"turns":2},{"damage":68,"enemies":"Automaton","floor":33,"turns":4}],"seed_played":"-306797089723933279","potions_obtained":[{"floor":1,"key":"LiquidMemories"},{"floor":3,"key":"ElixirPotion"},{"floor":6,"key":"FearPotion"},{"floor":13,"key":"LiquidBronze"},{"floor":18,"key":"SpeedPotion"},{"floor":22,"key":"GamblersBrew"},{"floor":30,"key":"SteroidPotion"},{"floor":30,"key":"Strength Potion"},{"floor":31,"key":"BlessingOfTheForge"}],"is_trial":false,"path_per_floor":["M","?","M","M","M","E","R","E","T","M","?","R","M","E","R","B",null,"M","?","M","$","M","E","M","?","T","$","R","M","?","M","R","B"],"character_chosen":"IRONCLAD","items_purchased":["Offering","Fire Potion","Brimstone"],"campfire_rested":3,"item_purchase_floors":[21,21,27],"current_hp_per_floor":[57,34,38,44,42,42,42,29,29,9,9,35,38,26,26,8,69,58,58,45,45,45,24,8,8,8,8,34,36,36,27,54,0,0],"gold":45,"neow_bonus":"UPGRADE_CARD","is_daily":false,"chose_seed":false,"campfire_upgraded":2,"win_rate":0.0,"timestamp":1611234255,"path_taken":["M","?","M","M","M","E","R","E","T","M","?","R","M","E","R","BOSS","M","?","M","$","M","E","?","?","T","?","R","M","?","M","R","BOSS"],"items_purchased_type":["Card","Potion","Relic"],"build_version":"2020-12-22","purchased_purges":1,"victory":false,"max_hp_per_floor":[75,75,75,75,75,89,89,89,89,89,89,89,89,89,89,89,89,89,89,89,89,89,89,89,89,89,89,89,91,91,91,91,91,91],"relic_stats":{"Singing Bowl":2,"counters":[18,80],"Pen Nib":[8],"Question Card":3,"obtain_stats":[{"Singing Bowl":26,"Brimstone":27,"Mango":6,"Pen Nib":8,"Mark of Pain":17,"Question Card":23,"Burning Blood":0,"InkBottle":9,"Mercury Hourglass":14},{"Singing Bowl":15,"Brimstone":15,"Mango":5,"Pen Nib":6,"Mark of Pain":10,"Question Card":14,"Burning Blood":0,"InkBottle":6,"Mercury Hourglass":9},{"Singing Bowl":72,"Brimstone":72,"Mango":21,"Pen Nib":25,"Mark of Pain":52,"Question Card":68,"Burning Blood":0,"InkBottle":25,"Mercury Hourglass":41}],"Burning Blood":102,"InkBottle":[11],"Mercury Hourglass":[132]},"card_choices":[{"not_picked":["Bloodletting","Heavy Blade"],"picked":"Clothesline","floor":1},{"not_picked":["Second Wind","Armaments"],"picked":"Reckless Charge","floor":3},{"not_picked":["Disarm","Heavy Blade","Cleave"],"picked":"SKIP","floor":4},{"not_picked":["Disarm","Clothesline"],"picked":"Feel No Pain","floor":5},{"not_picked":["Pommel Strike","Shrug It Off"],"picked":"True Grit","floor":6},{"not_picked":["Wild Strike","Body Slam"],"picked":"Blood for Blood","floor":8},{"not_picked":["Anger","True Grit"],"picked":"Sentinel","floor":10},{"not_picked":["Body Slam","Dropkick","Infernal Blade"],"picked":"SKIP","floor":13},{"not_picked":["Headbutt","Dropkick","Reckless Charge"],"picked":"SKIP","floor":14},{"not_picked":["Double Tap","Berserk"],"picked":"Fiend Fire","floor":16},{"not_picked":["Thunderclap","Cleave+1"],"picked":"Dark Embrace","floor":18},{"not_picked":["Entrench","Warcry"],"picked":"Whirlwind+1","floor":20},{"not_picked":["Wild Strike","Feel No Pain","Metallicize"],"picked":"SKIP","floor":22},{"not_picked":["Feel No Pain","Havoc"],"picked":"Pommel Strike+1","floor":23},{"not_picked":["Heavy Blade","Perfected Strike","Sword Boomerang"],"picked":"Flex","floor":24},{"not_picked":["Body Slam","Armaments","Perfected Strike","Thunderclap"],"picked":"Singing Bowl","floor":29},{"not_picked":["Havoc","Perfected Strike+1","Intimidate"],"picked":"Spot Weakness","floor":31}],"player_experience":456358,"relics_obtained":[{"floor":6,"key":"Mango"},{"floor":8,"key":"Pen Nib"},{"floor":9,"key":"InkBottle"},{"floor":14,"key":"Mercury Hourglass"},{"floor":23,"key":"Question Card"},{"floor":26,"key":"Singing Bowl"}],"event_choices":[{"damage_healed":0,"gold_gain":0,"player_choice":"Entered Light","damage_taken":23,"max_hp_gain":0,"max_hp_loss":0,"event_name":"Shining Light","floor":2,"gold_loss":0,"cards_upgraded":["Strike_R","Strike_R"]},{"damage_healed":0,"gold_gain":0,"player_choice":"Grow","damage_taken":0,"max_hp_gain":0,"max_hp_loss":0,"event_name":"Living Wall","floor":11,"gold_loss":0,"cards_upgraded":["Clothesline"]},{"damage_healed":0,"gold_gain":100,"player_choice":"Bet on Murderer","damage_taken":0,"max_hp_gain":0,"max_hp_loss":0,"event_name":"The Joust","floor":19,"gold_loss":50},{"damage_healed":0,"gold_gain":0,"cards_transformed":["Strike_R"],"player_choice":"Transformed","damage_taken":0,"max_hp_gain":0,"max_hp_loss":0,"event_name":"Transmorgrifier","floor":25,"gold_loss":0,"cards_obtained":["Hemokinesis"]},{"damage_healed":0,"gold_gain":0,"player_choice":"Got Potions","damage_taken":0,"max_hp_gain":0,"max_hp_loss":0,"event_name":"Lab","floor":30,"gold_loss":0}],"is_beta":false,"boss_relics":[{"not_picked":["Calling Bell","Astrolabe"],"picked":"Mark of Pain"}],"items_purged_floors":[21],"is_endless":false,"potions_floor_spawned":[1,3,6,13,14,18,22,31],"killed_by":"Automaton","ascension_level":20}}