{"host":"ci7ivtocgfxh0ueo","time":1611242577,"event":{"mods":["BaseMod","GifTheSpireLib","Minty Spire (QoL Compilation)","StSLib"],"gold_per_floor":[115,115,179,199,31,31,59,59,136,79,99,99,99,113,113,184,184,198,248,266,266,282,315,326,326,326,361,2,29,29,48,48,48,48],"floor_reached":33,"language":"ZHT","playtime":862,"items_purged":[],"score":576,"play_id":"eca0be23-2776-42d3-9a70-b1917054c2b6","local_time":"20210121232257","is_ascension_mode":true,"campfire_choices":[{"data":"Bash","floor":6,"key":"SMITH"},{"data":"Iron Wave","floor":8,"key":"SMITH"},{"data":"Armaments","floor":13,"key":"SMITH"},{"data":"Shockwave","floor":15,"key":"SMITH"},{"floor":25,"key":"REST"},{"data":"Corruption","floor":32,"key":"SMITH"}],"circlet_count":0,"master_deck":["AscendersBane","Bash+1","Carnage+1","Iron Wave+1","Shockwave+1","Armaments+1","Flex","Reaper","Exhume","Juggernaut","Seeing Red","Pummel","Power Through","Flex","Corruption+1","Whirlwind","Feel No Pain","Blood for Blood","Metallicize+1","Enlightenment","Sentinel","Armaments","Burning Pact+1"],"relics":["Burning Blood","PreservedInsect","Bronze Scales","Kunai","Self Forming Clay","Pandora\u0027s Box","Pantograph","Dead Branch","Potion Belt","Blood Vial","Lantern"],"acts_visited":["Exordium","TheCity"],"potions_floor_usage":[16,18,18,29,29,33],"damage_taken":[{"damage":14,"enemies":"Jaw Worm","floor":1,"turns":3},{"damage":0,"enemies":"Small Slimes","floor":4,"turns":3},{"damage":8,"enemies":"Gremlin Nob","floor":7,"turns":3},{"damage":2,"enemies":"2 Louse","floor":11,"turns":2},{"damage":5,"enemies":"Red Slaver","floor":14,"turns":2},{"damage":28,"enemies":"Hexaghost","floor":16,"turns":8},{"damage":12,"enemies":"2 Thieves","floor":18,"turns":3},{"damage":9,"enemies":"Chosen","floor":20,"turns":4},{"damage":12,"enemies":"Centurion and Healer","floor":22,"turns":7},{"damage":19,"enemies":"Book of Stabbing","floor":23,"turns":4},{"damage":7,"enemies":"Snecko","floor":24,"turns":4},{"damage":26,"enemies":"Gremlin Leader","floor":27,"turns":5},{"damage":22,"enemies":"Slavers","floor":29,"turns":3},{"damage":6,"enemies":"Snake Plant","floor":31,"turns":4},{"damage":90,"enemies":"Automaton","floor":33,"turns":8}],"seed_played":"6742285661324438041","potions_obtained":[{"floor":7,"key":"Dexterity Potion"},{"floor":16,"key":"AttackPotion"},{"floor":22,"key":"CultistPotion"},{"floor":23,"key":"FearPotion"}],"is_trial":false,"path_per_floor":["M","?","?","M","$","R","E","R","T","$","M","?","R","M","R","B",null,"M","?","M","?","M","E","M","R","T","E","$","E","$","M","R","B"],"character_chosen":"IRONCLAD","items_purchased":["Bronze Scales","SteroidPotion","Blood Vial","Enlightenment","PowerPotion","Sentinel"],"campfire_rested":1,"item_purchase_floors":[5,10,28,28,28,28],"current_hp_per_floor":[60,60,60,66,66,66,64,64,64,64,68,73,73,74,74,52,73,73,73,70,70,64,51,50,74,74,80,80,78,78,80,80,0,0],"gold":48,"neow_bonus":"RANDOM_COMMON_RELIC","is_daily":false,"chose_seed":false,"campfire_upgraded":5,"win_rate":0.0,"timestamp":1611242577,"path_taken":["M","?","?","M","$","R","E","R","T","$","M","?","R","?","R","BOSS","M","?","M","?","?","E","M","R","T","E","$","E","$","?","R","BOSS"],"items_purchased_type":["Relic","Potion","Relic","Card","Potion","Card"],"build_version":"2020-12-22","purchased_purges":0,"victory":false,"max_hp_per_floor":[75,75,75,75,75,75,75,75,75,75,75,80,80,80,80,80,80,80,80,80,80,80,80,80,80,80,80,80,80,80,80,80,80,80],"card_choices":[{"not_picked":["Cleave","Headbutt"],"picked":"Carnage","floor":1},{"not_picked":["Fire Breathing","Body Slam"],"picked":"Iron Wave","floor":4},{"not_picked":["Evolve","Anger"],"picked":"Shockwave","floor":7},{"not_picked":["Body Slam","Iron Wave"],"picked":"Armaments","floor":11},{"not_picked":["Pommel Strike","Headbutt"],"picked":"Flex","floor":14},{"not_picked":["Exhume","Juggernaut"],"picked":"Reaper","floor":16},{"not_picked":["Burning Pact","Sword Boomerang","Clothesline"],"picked":"SKIP","floor":18},{"not_picked":["Havoc","Bloodletting"],"picked":"Feel No Pain","floor":20},{"not_picked":["Flex","Clothesline+1","Shockwave+1"],"picked":"SKIP","floor":22},{"not_picked":["Perfected Strike","Feel No Pain"],"picked":"Blood for Blood","floor":23},{"not_picked":["Pommel Strike","Thunderclap","Cleave"],"picked":"SKIP","floor":24},{"not_picked":["Anger","Dual Wield"],"picked":"Metallicize+1","floor":27},{"not_picked":["Flex","Clothesline"],"picked":"Armaments","floor":29},{"not_picked":["Searing Blow","Flex"],"picked":"Burning Pact+1","floor":31}],"player_experience":1345926,"relics_obtained":[{"floor":7,"key":"Kunai"},{"floor":9,"key":"Self Forming Clay"},{"floor":23,"key":"Pantograph"},{"floor":26,"key":"Dead Branch"},{"floor":27,"key":"Potion Belt"},{"floor":29,"key":"Lantern"}],"event_choices":[{"damage_healed":0,"gold_gain":0,"player_choice":"Grow","damage_taken":0,"max_hp_gain":0,"max_hp_loss":0,"event_name":"Living Wall","floor":2,"gold_loss":0,"cards_upgraded":["Carnage"]},{"damage_healed":0,"gold_gain":64,"player_choice":"Gained Gold","damage_taken":0,"max_hp_gain":0,"max_hp_loss":0,"event_name":"Golden Wing","floor":3,"gold_loss":0},{"damage_healed":0,"gold_gain":0,"player_choice":"Donut","damage_taken":0,"max_hp_gain":5,"max_hp_loss":0,"event_name":"Big Fish","floor":12,"gold_loss":0},{"damage_healed":0,"gold_gain":50,"player_choice":"Stole From Cult","damage_taken":0,"max_hp_gain":0,"max_hp_loss":0,"event_name":"Nest","floor":19,"gold_loss":0},{"cards_removed":["Twin Strike"],"damage_healed":0,"gold_gain":0,"player_choice":"Purged","damage_taken":0,"max_hp_gain":0,"max_hp_loss":0,"event_name":"Purifier","floor":21,"gold_loss":0}],"is_beta":false,"boss_relics":[{"not_picked":["Velvet Choker","Ectoplasm"],"picked":"Pandora\u0027s Box"}],"items_purged_floors":[],"is_endless":false,"potions_floor_spawned":[7,11,16,22,23],"killed_by":"Automaton","ascension_level":18}}