{"host":"2se5dq1do2gp0x9k","time":1611205480,"event":{"mods":["AchievementEnabler","BaseMod","Block Reminder","Colored Map","Colored Powertips","Minty Spire (QoL Compilation)","Relic Stats","StSLib","SuperFastMode"],"gold_per_floor":[111,111,128,140,140,140,173,198,235,247,247],"floor_reached":10,"language":"ENG","playtime":284,"items_purged":[],"score":129,"play_id":"2fab759b-9361-4b6b-9452-f3b58922d428","local_time":"20210120210440","is_ascension_mode":true,"campfire_choices":[{"floor":6,"key":"REST"}],"circlet_count":0,"master_deck":["AscendersBane","Strike_P","Defend_P+1","Defend_P","Defend_P","Eruption","Vigilance","Alpha+1","Brilliance+1","Nirvana+1","Prostrate+1","Prostrate","CarveReality","BowlingBash","Prostrate"],"relics":["Astrolabe","MawBank","Ancient Tea Set"],"acts_visited":["Exordium"],"potions_floor_usage":[10],"damage_taken":[{"damage":16,"enemies":"Jaw Worm","floor":1,"turns":4},{"damage":5,"enemies":"Small Slimes","floor":3,"turns":4},{"damage":0,"enemies":"2 Louse","floor":4,"turns":4},{"damage":13,"enemies":"3 Sentries","floor":7,"turns":3},{"damage":15,"enemies":"Red Slaver","floor":8,"turns":4},{"damage":35,"enemies":"Gremlin Nob","floor":10,"turns":3}],"seed_played":"396279893694085462","potions_obtained":[{"floor":3,"key":"CultistPotion"}],"is_trial":false,"path_per_floor":["M","?","M","M","?","R","E","M","T","E"],"character_chosen":"WATCHER","items_purchased":[],"campfire_rested":1,"item_purchase_floors":[],"current_hp_per_floor":[45,25,20,20,13,33,20,5,5,0,0],"gold":247,"neow_bonus":"BOSS_RELIC","is_daily":false,"chose_seed":false,"campfire_upgraded":0,"win_rate":0.0,"timestamp":1611205480,"path_taken":["M","?","M","M","?","R","E","M","T","E"],"items_purchased_type":[],"build_version":"2020-12-22","purchased_purges":0,"victory":false,"max_hp_per_floor":[68,68,68,68,68,68,68,68,68,68,68],"relic_stats":{"counters":[6,22],"Astrolabe":["Alpha","Brilliance","Nirvana"],"MawBank":36,"obtain_stats":[{"Astrolabe":0,"PureWater":0,"MawBank":7,"Ancient Tea Set":9},{"Astrolabe":0,"PureWater":0,"MawBank":4,"Ancient Tea Set":5},{"Astrolabe":0,"PureWater":0,"MawBank":15,"Ancient Tea Set":19}]},"card_choices":[{"not_picked":["Crescendo","PathToVictory"],"picked":"Prostrate","floor":1},{"not_picked":["EmptyBody","Halt"],"picked":"Prostrate","floor":3},{"not_picked":["Evaluate","ClearTheMind"],"picked":"CarveReality","floor":4},{"not_picked":["ConjureBlade","Protect"],"picked":"BowlingBash","floor":7},{"not_picked":["Halt","FollowUp"],"picked":"Prostrate","floor":8}],"player_experience":3927155,"relics_obtained":[{"floor":7,"key":"MawBank"},{"floor":9,"key":"Ancient Tea Set"}],"event_choices":[{"damage_healed":0,"gold_gain":0,"player_choice":"Entered Light","damage_taken":20,"max_hp_gain":0,"max_hp_loss":0,"event_name":"Shining Light","floor":2,"gold_loss":0,"cards_upgraded":["Prostrate","Defend_P"]},{"cards_removed":["Strike_P"],"damage_healed":0,"gold_gain":0,"player_choice":"Card Removal","damage_taken":7,"max_hp_gain":0,"max_hp_loss":0,"event_name":"Golden Wing","floor":5,"gold_loss":0}],"is_beta":false,"boss_relics":[],"items_purged_floors":[],"is_endless":false,"potions_floor_spawned":[3],"killed_by":"Gremlin Nob","ascension_level":18}}