{"host":"y24pqu7jih1n8m3t","time":1611207582,"event":{"mods":["AchievementEnabler","BaseMod","Bestiary","Block Reminder","Colored Map","Colored Powertips","DeckTracker","Highlight Path","Minty Spire (QoL Compilation)","Permanent Neow","Quick Restart","Rare Cards Sparkle","Relic Stats"],"gold_per_floor":[110,127,138,155,166,166,196,196,196,212,242,242,270,285,285,384,384,397,133,148,48,61,61,92,21,21,49,49,62,88,98,98,203,203,222,237,44,44,59,59,59,59],"floor_reached":41,"language":"ENG","playtime":2788,"items_purged":["Strike_G","Strike_G","Strike_G"],"score":551,"play_id":"ea8a6f07-3d66-43bb-9c2e-7fbda90535f6","local_time":"20210121003942","is_ascension_mode":true,"campfire_choices":[{"data":"Blade Dance","floor":6,"key":"SMITH"},{"floor":8,"key":"RECALL"},{"floor":12,"key":"REST"},{"floor":15,"key":"REST"},{"floor":23,"key":"REST"},{"floor":32,"key":"REST"},{"floor":40,"key":"REST"}],"circlet_count":0,"master_deck":["Strike_G+1","Strike_G","Defend_G","Defend_G","Defend_G","Defend_G","Defend_G","Survivor","Neutralize","Blade Dance+1","Cloak And Dagger","Dagger Throw+1","Backstab","Backflip","Cloak And Dagger","Infinite Blades+1","Backflip","Storm of Steel","Dagger Throw","Burst","Blade Dance","Blur","Footwork+1","Dash","Prepared","Noxious Fumes+1","Cloak And Dagger","Cloak And Dagger","Accuracy+1","Infinite Blades+1","Infinite Blades+1","Blur","Phantasmal Killer","Backflip","Wraith Form v2","Choke"],"relics":["WristBlade","Whetstone","Question Card","Pantograph","Runic Pyramid","Orrery","Thread and Needle","Mercury Hourglass","Nloth\u0027s Gift","Pen Nib","Busted Crown"],"acts_visited":["Exordium","TheCity","TheBeyond"],"potions_floor_usage":[24,24,31],"damage_taken":[{"damage":2,"enemies":"Jaw Worm","floor":1,"turns":4},{"damage":0,"enemies":"Cultist","floor":2,"turns":3},{"damage":0,"enemies":"Small Slimes","floor":3,"turns":3},{"damage":0,"enemies":"Exordium Wildlife","floor":4,"turns":3},{"damage":10,"enemies":"Large Slime","floor":5,"turns":3},{"damage":4,"enemies":"3 Sentries","floor":7,"turns":5},{"damage":5,"enemies":"Lots of Slimes","floor":10,"turns":2},{"damage":2,"enemies":"Lagavulin","floor":11,"turns":4},{"damage":12,"enemies":"Gremlin Nob","floor":13,"turns":3},{"damage":0,"enemies":"3 Louse","floor":14,"turns":3},{"damage":39,"enemies":"The Guardian","floor":16,"turns":11},{"damage":6,"enemies":"Chosen","floor":18,"turns":3},{"damage":8,"enemies":"Shell Parasite","floor":20,"turns":3},{"damage":34,"enemies":"Snake Plant","floor":22,"turns":5},{"damage":28,"enemies":"Slavers","floor":24,"turns":5},{"damage":25,"enemies":"Gremlin Leader","floor":27,"turns":5},{"damage":1,"enemies":"3 Cultists","floor":29,"turns":5},{"damage":0,"enemies":"Centurion and Healer","floor":31,"turns":2},{"damage":5,"enemies":"Collector","floor":33,"turns":7},{"damage":30,"enemies":"3 Darklings","floor":35,"turns":3},{"damage":23,"enemies":"3 Shapes","floor":36,"turns":4},{"damage":0,"enemies":"3 Darklings","floor":39,"turns":3},{"damage":52,"enemies":"Reptomancer","floor":41,"turns":4}],"seed_played":"7533454173204584514","potions_obtained":[{"floor":2,"key":"Fire Potion"},{"floor":3,"key":"PowerPotion"},{"floor":7,"key":"SpeedPotion"},{"floor":13,"key":"Poison Potion"},{"floor":14,"key":"SteroidPotion"},{"floor":18,"key":"Regen Potion"},{"floor":33,"key":"Swift Potion"},{"floor":36,"key":"SpeedPotion"}],"is_trial":false,"path_per_floor":["M","M","M","M","M","R","E","R","T","M","E","R","E","M","R","B",null,"M","$","M","$","M","R","E","$","T","E","?","M","T","M","R","B",null,"M","M","$","?","M","R","E"],"character_chosen":"THE_SILENT","items_purchased":["Orrery","Noxious Fumes+1","Infinite Blades+1","Choke"],"campfire_rested":5,"item_purchase_floors":[19,19,25,37],"current_hp_per_floor":[68,68,68,68,58,58,54,54,54,49,47,68,56,56,70,31,70,64,64,56,56,22,43,29,29,29,4,4,3,3,3,24,44,70,40,17,17,17,17,36,0,0],"gold":59,"neow_bonus":"BOSS_RELIC","is_daily":false,"chose_seed":false,"campfire_upgraded":1,"win_rate":0.0,"timestamp":1611207582,"path_taken":["M","M","M","M","M","R","E","R","T","M","E","R","E","M","R","BOSS","M","$","M","$","M","R","E","$","T","E","?","?","?","M","R","BOSS","M","M","$","?","M","R","E"],"items_purchased_type":["Relic","Card","Card","Card"],"build_version":"2020-12-22","purchased_purges":3,"victory":false,"max_hp_per_floor":[70,70,70,70,70,70,70,70,70,70,70,70,70,70,70,70,70,70,70,70,70,70,70,70,70,70,70,70,70,70,70,70,70,70,70,70,70,66,66,66,66,66],"relic_stats":{"Busted Crown":6,"counters":[23,93],"Pantograph":25,"Pen Nib":[10],"Nloth\u0027s Gift":2,"Whetstone":["Dagger Throw","Strike_G"],"Question Card":19,"obtain_stats":[{"Thread and Needle":24,"Pen Nib":30,"Whetstone":7,"Frozen Egg 2":9,"Question Card":11,"Mercury Hourglass":27,"Busted Crown":34,"WristBlade":0,"Pantograph":13,"Orrery":19,"Nloth\u0027s Gift":28,"Ring of the Snake":0,"Runic Pyramid":17},{"Thread and Needle":15,"Pen Nib":17,"Whetstone":6,"Frozen Egg 2":6,"Question Card":8,"Mercury Hourglass":16,"Busted Crown":19,"WristBlade":0,"Pantograph":9,"Orrery":12,"Nloth\u0027s Gift":16,"Ring of the Snake":0,"Runic Pyramid":11},{"Thread and Needle":60,"Pen Nib":70,"Whetstone":21,"Frozen Egg 2":21,"Question Card":27,"Mercury Hourglass":65,"Busted Crown":79,"WristBlade":0,"Pantograph":30,"Orrery":47,"Nloth\u0027s Gift":65,"Ring of the Snake":0,"Runic Pyramid":44}],"Mercury Hourglass":[156]},"card_choices":[{"not_picked":["Dagger Spray","Underhanded Strike"],"picked":"Blade Dance","floor":1},{"not_picked":["Dagger Throw","Endless Agony"],"picked":"Cloak And Dagger","floor":2},{"not_picked":["Deflect","Flechettes"],"picked":"Dagger Throw","floor":3},{"not_picked":["Flechettes","Underhanded Strike"],"picked":"Backstab","floor":4},{"not_picked":["Deflect","Terror"],"picked":"Backflip","floor":5},{"not_picked":["Dagger Spray","Well Laid Plans"],"picked":"Cloak And Dagger","floor":7},{"not_picked":["Deadly Poison","Flechettes"],"picked":"Infinite Blades+1","floor":10},{"not_picked":["Acrobatics","Masterful Stab"],"picked":"Backflip","floor":11},{"not_picked":["Flying Knee","Catalyst","Cloak And Dagger"],"picked":"Storm of Steel","floor":13},{"not_picked":["Deadly Poison","Poisoned Stab","Backflip"],"picked":"Dagger Throw","floor":14},{"not_picked":["Wraith Form v2+1","Doppelganger","Adrenaline"],"picked":"Burst","floor":16},{"not_picked":["Eviscerate","Prepared","Finisher"],"picked":"Blade Dance","floor":18},{"not_picked":["Dagger Spray+1","Masterful Stab","Prepared+1"],"picked":"Blur","floor":19},{"not_picked":["Quick Slash","Finisher","Escape Plan"],"picked":"Footwork+1","floor":19},{"not_picked":["Dodge and Roll","Finisher+1","Escape Plan+1"],"picked":"Dash","floor":19},{"not_picked":["Crippling Poison","Deadly Poison","Distraction"],"picked":"Prepared","floor":19},{"not_picked":["Noxious Fumes+1","All Out Attack","Sucker Punch"],"picked":"Cloak And Dagger","floor":20},{"not_picked":["Leg Sweep","Deadly Poison","Dagger Throw"],"picked":"Cloak And Dagger","floor":22},{"not_picked":["A Thousand Cuts+1","Bane","Cloak And Dagger"],"picked":"Accuracy+1","floor":24},{"not_picked":["Quick Slash","Backflip","Underhanded Strike","Bane"],"picked":"SKIP","floor":27},{"not_picked":["Sucker Punch","Doppelganger","Skewer"],"picked":"Infinite Blades+1","floor":29},{"not_picked":["Backflip","Deadly Poison","Leg Sweep"],"picked":"Blur","floor":31},{"not_picked":["Adrenaline","Tools of the Trade","Venomology"],"picked":"Phantasmal Killer","floor":33},{"not_picked":["Crippling Poison"],"picked":"Backflip","floor":35},{"not_picked":["Sucker Punch"],"picked":"Wraith Form v2","floor":36},{"not_picked":["Dodge and Roll+1","PiercingWail"],"picked":"SKIP","floor":39}],"player_experience":107434,"relics_obtained":[{"floor":7,"key":"Whetstone"},{"floor":9,"key":"Frozen Egg 2"},{"floor":11,"key":"Question Card"},{"floor":13,"key":"Pantograph"},{"floor":24,"key":"Thread and Needle"},{"floor":27,"key":"Mercury Hourglass"},{"floor":30,"key":"Pen Nib"}],"event_choices":[{"damage_healed":0,"gold_gain":0,"player_choice":"Traded Relic","damage_taken":0,"relics_obtained":["Nloth\u0027s Gift"],"max_hp_gain":0,"max_hp_loss":0,"event_name":"N\u0027loth","floor":28,"relics_lost":["Frozen Egg 2"],"gold_loss":0},{"damage_healed":0,"gold_gain":0,"player_choice":"Max HP","damage_taken":0,"max_hp_gain":0,"max_hp_loss":4,"event_name":"Winding Halls","floor":38,"gold_loss":0}],"is_beta":false,"boss_relics":[{"not_picked":["Cursed Key","SlaversCollar"],"picked":"Runic Pyramid"},{"not_picked":["Black Star","Snecko Eye"],"picked":"Busted Crown"}],"items_purged_floors":[19,21,37],"is_endless":false,"potions_floor_spawned":[2,3,7,11,13,14,18,22,33,36],"killed_by":"Reptomancer","ascension_level":2}}