{"host":"mai03x2ekbjy4059","time":1611202163,"event":{"mods":["2.2 Compatiblity","BaseMod","Colored Map","DeckTracker","Keyboard Shortcuts","Minty Spire (QoL Compilation)","Permanent Neow","Quick Restart","SuperFastMode","everything is the same but u backflip on backflip"],"gold_per_floor":[110,121,138,138,14,39,52,2,28,56,56,56,13,48,48,155,155,179,104,117,134,151,179,179,208,208,208,239,20,120,132,132,241,241,251,265,265,76,103,128,145,172,172,194,194,0,12,38,38,38,38,38,13,46,46],"floor_reached":56,"language":"KOR","playtime":1706,"items_purged":["Bash"],"score":1442,"play_id":"d37ff755-bca0-40f3-8c70-fa2c39bb5447","local_time":"20210121130923","is_ascension_mode":true,"campfire_choices":[{"data":"True Grit","floor":12.0,"key":"SMITH"},{"data":"Body Slam","floor":15.0,"key":"SMITH"},{"data":"Armaments","floor":24.0,"key":"SMITH"},{"data":"Barricade","floor":32,"key":"SMITH"},{"data":"Feel No Pain","floor":45,"key":"SMITH"},{"floor":49,"key":"RECALL"},{"data":"Metallicize","floor":52,"key":"SMITH"}],"circlet_count":0,"master_deck":["Defend_R","Defend_R","Juggernaut+1","Feel No Pain+1","Metallicize+1","Body Slam","True Grit+1","Body Slam+1","Barricade+1","Armaments+1","Metallicize","Impervious","Shrug It Off","Finesse","Trip","Jack Of All Trades","Shrug It Off","Second Wind"],"relics":["Burning Blood","Regal Pillow","CeramicFish","MealTicket","Ancient Tea Set","Sozu","Mercury Hourglass","Dream Catcher","Charon\u0027s Ashes","PreservedInsect","Ice Cream","Frozen Egg 2","Empty Cage","Omamori","Pen Nib","Potion Belt","Orichalcum","Red Mask","Eternal Feather","White Beast Statue"],"acts_visited":["Exordium","TheCity","TheBeyond","TheEnding"],"potions_floor_usage":[55,55],"damage_taken":[{"damage":8.0,"enemies":"Small Slimes","floor":1.0,"turns":4.0},{"damage":13.0,"enemies":"Jaw Worm","floor":2.0,"turns":6.0},{"damage":0.0,"enemies":"Cultist","floor":3.0,"turns":4.0},{"damage":16.0,"enemies":"3 Sentries","floor":6.0,"turns":6.0},{"damage":6.0,"enemies":"Large Slime","floor":7.0,"turns":6.0},{"damage":17.0,"enemies":"Gremlin Nob","floor":10.0,"turns":5.0},{"damage":16.0,"enemies":"3 Sentries","floor":14.0,"turns":6.0},{"damage":33.0,"enemies":"Slime Boss","floor":16.0,"turns":9.0},{"damage":7.0,"enemies":"Spheric Guardian","floor":18.0,"turns":5.0},{"damage":3.0,"enemies":"Shell Parasite","floor":20.0,"turns":5.0},{"damage":9.0,"enemies":"Centurion and Healer","floor":21.0,"turns":6.0},{"damage":2.0,"enemies":"Cultist and Chosen","floor":22.0,"turns":5.0},{"damage":6.0,"enemies":"Slavers","floor":23.0,"turns":7.0},{"damage":0.0,"enemies":"Gremlin Leader","floor":25.0,"turns":5.0},{"damage":35,"enemies":"Slavers","floor":28,"turns":6},{"damage":22,"enemies":"Colosseum Slavers","floor":30,"turns":5},{"damage":12,"enemies":"Colosseum Nobs","floor":30,"turns":4},{"damage":2,"enemies":"Chosen and Byrds","floor":31,"turns":5},{"damage":10,"enemies":"Champ","floor":33,"turns":8},{"damage":14,"enemies":"Orb Walker","floor":35,"turns":4},{"damage":46,"enemies":"3 Darklings","floor":36,"turns":5},{"damage":0,"enemies":"Reptomancer","floor":40,"turns":5},{"damage":0,"enemies":"4 Shapes","floor":41,"turns":3},{"damage":0,"enemies":"Giant Head","floor":42,"turns":6},{"damage":0,"enemies":"Transient","floor":44,"turns":5},{"damage":0,"enemies":"Spire Growth","floor":47,"turns":3},{"damage":30,"enemies":"Reptomancer","floor":48,"turns":5},{"damage":8,"enemies":"Time Eater","floor":50,"turns":8},{"damage":23,"enemies":"Shield and Spear","floor":54,"turns":6},{"damage":50,"enemies":"The Heart","floor":55,"turns":10}],"seed_played":"8421795754648589683","potions_obtained":[{"floor":1.0,"key":"HeartOfIron"},{"floor":3.0,"key":"DistilledChaos"},{"floor":6.0,"key":"SpeedPotion"},{"floor":16.0,"key":"HeartOfIron"}],"is_trial":false,"path_per_floor":["M","M","M","?","$","E","M","?","T","E","$","R","$","E","R","B",null,"M","?","M","M","M","E","R","E","T","?","E","$","?","M","R","B",null,"M","M","?","$","?","E","M","E","T","M","R","?","M","E","R","B",null,"R","$","E","B",null],"character_chosen":"IRONCLAD","items_purchased":["Body Slam","Body Slam","PreservedInsect","Metallicize","Shrug It Off","Omamori","Second Wind"],"campfire_rested":0,"item_purchase_floors":[5,13,29,29,38,38,53],"current_hp_per_floor":[70,63,69,62,62,52,52,52,52,41,56,56,71,61,61,34,72,71,71,72,69,72,72,72,72,72,72,43,58,36,40,40,36,72,64,24,24,39,29,35,41,47,47,53,53,53,59,35,44,42,72,72,72,55,11],"gold":46,"neow_bonus":"TRANSFORM_TWO_CARDS","is_daily":false,"chose_seed":false,"campfire_upgraded":6,"win_rate":0.0,"timestamp":1611202163,"path_taken":["M","M","M","?","$","E","M","?","T","E","$","R","$","E","R","BOSS","M","?","M","M","M","E","R","E","T","?","E","$","?","M","R","BOSS","M","M","?","?","?","E","M","E","T","M","R","?","?","E","R","BOSS","R","$","E","BOSS"],"items_purchased_type":["Card","Card","Relic","Card","Card","Relic","Card"],"build_version":"2020-12-22","purchased_purges":1,"victory":true,"max_hp_per_floor":[72,72,72,72,72,72,72,72,72,72,72,72,72,72,72,72,72,72,72,72,72,72,72,72,72,72,72,72,72,72,72,72,72,72,72,72,72,72,72,72,72,72,72,72,72,72,72,72,72,72,72,72,72,72,72],"card_choices":[{"not_picked":["Heavy Blade","Bloodletting","Perfected Strike"],"picked":"SKIP","floor":1.0},{"not_picked":["Sever Soul","Carnage","Clothesline"],"picked":"SKIP","floor":2.0},{"not_picked":["Uppercut","Hemokinesis"],"picked":"Metallicize","floor":3.0},{"not_picked":["Dual Wield","Combust","Battle Trance"],"picked":"SKIP","floor":6.0},{"not_picked":["Clash","Wild Strike"],"picked":"True Grit","floor":7.0},{"not_picked":["Sever Soul","Iron Wave","Clothesline"],"picked":"SKIP","floor":10.0},{"not_picked":["Dual Wield","Shockwave","Second Wind"],"picked":"SKIP","floor":14.0},{"not_picked":["Bludgeon","Corruption"],"picked":"Barricade","floor":16.0},{"not_picked":["Clothesline+1","Metallicize"],"picked":"Armaments","floor":18.0},{"not_picked":["Twin Strike","Warcry","Sword Boomerang"],"picked":"SKIP","floor":20.0},{"not_picked":["Uppercut","Combust","Fire Breathing"],"picked":"SKIP","floor":21.0},{"not_picked":["Anger","Body Slam","Searing Blow"],"picked":"SKIP","floor":22.0},{"not_picked":["Feed","Clash+1","Armaments"],"picked":"SKIP","floor":23.0},{"not_picked":["Carnage","Havoc","Clash"],"picked":"SKIP","floor":25.0},{"not_picked":["Wild Strike","Anger+1","Flex+1"],"picked":"SKIP","floor":28},{"not_picked":["Fire Breathing+1","Searing Blow","Body Slam"],"picked":"SKIP","floor":31},{"not_picked":["Corruption+1","Exhume"],"picked":"Impervious","floor":33},{"not_picked":["Pommel Strike","Cleave","Warcry+1"],"picked":"SKIP","floor":35},{"not_picked":["Heavy Blade+1","Inflame+1","Wild Strike"],"picked":"SKIP","floor":36},{"not_picked":["Swift Strike","HandOfGreed"],"picked":"Finesse","floor":39},{"not_picked":["Metamorphosis","Swift Strike"],"picked":"Trip","floor":39},{"not_picked":["The Bomb","Dramatic Entrance"],"picked":"Jack Of All Trades","floor":39},{"not_picked":["Clash","Juggernaut+1","True Grit"],"picked":"SKIP","floor":40},{"not_picked":["Perfected Strike","Havoc+1","Sever Soul+1"],"picked":"SKIP","floor":41},{"not_picked":["Cleave+1","Hemokinesis","Armaments"],"picked":"SKIP","floor":42},{"not_picked":["Twin Strike+1","Wild Strike+1"],"picked":"Shrug It Off","floor":44},{"not_picked":["Clash","Heavy Blade+1","Second Wind"],"picked":"SKIP","floor":47},{"not_picked":["Immolate","Clash","Iron Wave+1"],"picked":"SKIP","floor":48},{"not_picked":["Flex","Demon Form+1","Wild Strike"],"picked":"SKIP","floor":54}],"player_experience":1129074,"relics_obtained":[{"floor":6.0,"key":"Regal Pillow"},{"floor":9.0,"key":"CeramicFish"},{"floor":10.0,"key":"MealTicket"},{"floor":14.0,"key":"Ancient Tea Set"},{"floor":23.0,"key":"Mercury Hourglass"},{"floor":25.0,"key":"Dream Catcher"},{"floor":28,"key":"Charon\u0027s Ashes"},{"floor":30,"key":"Ice Cream"},{"floor":30,"key":"Frozen Egg 2"},{"floor":40,"key":"Pen Nib"},{"floor":42,"key":"Potion Belt"},{"floor":43,"key":"Orichalcum"},{"floor":48,"key":"Eternal Feather"},{"floor":54,"key":"White Beast Statue"}],"event_choices":[{"cards_removed":["Strike_R"],"damage_healed":0.0,"max_hp_gain":0.0,"max_hp_loss":0.0,"gold_gain":0.0,"event_name":"Golden Wing","player_choice":"Card Removal","floor":4.0,"gold_loss":0.0,"damage_taken":7.0},{"cards_removed":["Strike_R"],"damage_healed":0.0,"max_hp_gain":0.0,"max_hp_loss":0.0,"gold_gain":0.0,"event_name":"The Cleric","player_choice":"Card Removal","floor":8.0,"gold_loss":50.0,"damage_taken":0.0},{"cards_removed":["Strike_R"],"damage_healed":0.0,"max_hp_gain":0.0,"max_hp_loss":0.0,"gold_gain":0.0,"event_name":"Beggar","player_choice":"Gave Gold","floor":19.0,"gold_loss":75.0,"damage_taken":0.0},{"damage_healed":0.0,"max_hp_gain":0.0,"max_hp_loss":0.0,"gold_gain":0.0,"event_name":"Ghosts","player_choice":"Ignored","floor":27.0,"gold_loss":0.0,"damage_taken":0.0},{"damage_healed":0,"gold_gain":0,"player_choice":"Fight","damage_taken":0,"max_hp_gain":0,"max_hp_loss":0,"event_name":"Colosseum","floor":30,"gold_loss":0},{"damage_healed":0,"gold_gain":0,"player_choice":"Fought Nobs","damage_taken":0,"max_hp_gain":0,"max_hp_loss":0,"event_name":"Colosseum","floor":30,"gold_loss":0},{"damage_healed":0,"gold_gain":0,"player_choice":"Upgraded","damage_taken":0,"max_hp_gain":0,"max_hp_loss":0,"event_name":"Upgrade Shrine","floor":37,"gold_loss":0,"cards_upgraded":["Juggernaut"]},{"damage_healed":0,"gold_gain":0,"player_choice":"Memory 3","damage_taken":10,"max_hp_gain":0,"max_hp_loss":0,"event_name":"SensoryStone","floor":39,"gold_loss":0},{"damage_healed":0,"gold_gain":0,"player_choice":"Paid","damage_taken":0,"relics_obtained":["Red Mask"],"max_hp_gain":0,"max_hp_loss":0,"event_name":"Tomb of Lord Red Mask","floor":46,"gold_loss":194}],"is_beta":false,"boss_relics":[{"not_picked":["Ectoplasm","Cursed Key"],"picked":"Sozu"},{"not_picked":["Astrolabe","Mark of Pain"],"picked":"Empty Cage"}],"items_purged_floors":[5],"is_endless":false,"potions_floor_spawned":[1,3,6,16,21,22,31,33,36,44],"ascension_level":1}}