{"host":"3y33rrrkia6pkpow","time":1611231032,"event":{"mods":["2.2 Compatiblity","AchievementEnabler","Act Like it!","BaseMod","BetterRewards","Block Reminder","Colored Map","Colored Powertips","DeckTracker","Faster Ascension Climbing","Gensokyo","Highlight Path","Infinite Spire","Minty Spire (QoL Compilation)","Quick Restart","Rare Cards Sparkle","Replay The Spire","Shop Mod","Spicy Shops","StSLib","Synergy Search","The Animator","The Blue Laboratory","Unknown Chances"],"gold_per_floor":[117,117,134,24,24,24,55,3,3,3,31,31,48,78,78,182,282,326,351,417,235,268,268,351,351,376,466,500,526,571,365,365,480,505,548,412,412,412,451,551,551,576,601,511,601,601,650,138,138,138],"floor_reached":51,"language":"ENG","playtime":4337,"items_purged":["Gensokyo:ImpossibleRequest","Voices","Clumsy"],"score":986,"play_id":"0914c32a-8641-43da-80b5-a67aa2a42b72","local_time":"20210121061032","is_ascension_mode":true,"campfire_choices":[{"floor":6.0,"key":"REST"},{"data":"animator:EmiyaShirou","floor":10.0,"key":"SMITH"},{"floor":12.0,"key":"REST"},{"data":"animator:Berserker","floor":15.0,"key":"SMITH"},{"data":"animator:EmiyaShirou","floor":23.0,"key":"SMITH"},{"data":"animator:AcuraAkari","floor":23.0,"key":"SMITH"},{"data":"animator:Saber","floor":25.0,"key":"SMITH"},{"data":"animator:JeanneDArc","floor":25.0,"key":"SMITH"},{"floor":32.0,"key":"REST"},{"floor":41,"key":"REST"},{"floor":49,"key":"REST"}],"circlet_count":0,"master_deck":["AscendersBane","animator:Strike_Overlord","animator:Defend_Overlord","animator:Strike","animator:Defend","animator:Defend","animator:Defend","animator:Cocytus","animator:Demiurge","animator:Cocytus","animator:Cocytus","animator:Alexander","animator:Viivi","animator:EmiyaShirou+1","animator:Laby","animator:Alexander","animator:Alexander","animator:Berserker+1","animator:Lu","animator:Gilgamesh+17","animator:Rimuru","Parasite","animator:AcuraAkari+1","animator:JeanneDArc+1","animator:Illya","animator:MetalKnight","animator:EmiyaShirou+1","animator:Saber+1","animator:Illya+1","animator:Berserker","animator:Illya+1","animator:Sora","Gensokyo:MenInBlack","animator:KanadeTachibana+1","animator:Laby","animator:Illya","Gensokyo:CustomPotion","animator:Vesta","animator:Illya","ReplayTheSpireMod:Black Plague"],"relics":["animator:LivingPicture","animator:TheMissingPiece","animator:PurgingStone","DollysMirror","animator:Hoodie","Gensokyo:NagashiBinaDoll","Replay:Mystery Machine","Garlic","Bag of Preparation","Paper Crane","Replay:Ancient Bell","Replay:Bandana","Gremlin Horn","Replay:Arrowhead","Letter Opener","animator:CursedGlyph","Singing Bowl","Happy Flower","infinitespire:Lucky Rock","Black Star","War Paint","Centennial Puzzle","Replay:Wax Seal","Gensokyo:DualWield","Pet Ghost","Strawberry","animator:HeavyHalberd"],"acts_visited":["Gensokyo:Gensokyo","Gensokyo:Gensokyoer","Gensokyo:Gensokyoest"],"potions_floor_usage":[35],"damage_taken":[{"damage":8.0,"enemies":"Gensokyo:2_Kodama","floor":1.0,"turns":4.0},{"damage":11.0,"enemies":"Gensokyo:Gryphon","floor":3.0,"turns":3.0},{"damage":0.0,"enemies":"Gensokyo:Mamizou","floor":7.0,"turns":6.0},{"damage":32.0,"enemies":"Gensokyo:Aya","floor":11.0,"turns":7.0},{"damage":0.0,"enemies":"Gensokyo:Python","floor":13.0,"turns":3.0},{"damage":11.0,"enemies":"Gensokyo:Mamizou","floor":14.0,"turns":7.0},{"damage":19.0,"enemies":"Gensokyo:Kokoro","floor":16.0,"turns":9.0},{"damage":0.0,"enemies":"Gensokyo:2_Gloops","floor":18.0,"turns":3.0},{"damage":1.0,"enemies":"Gensokyo:CosmicMonolith","floor":20.0,"turns":3.0},{"damage":0.0,"enemies":"Gensokyo:Mirror_and_Dog","floor":22.0,"turns":5.0},{"damage":2.0,"enemies":"Gensokyo:Tenshi","floor":24.0,"turns":4.0},{"damage":22.0,"enemies":"Gensokyo:Koishi","floor":27.0,"turns":6.0},{"damage":0.0,"enemies":"Gensokyo:Slime_Group","floor":28.0,"turns":3.0},{"damage":8.0,"enemies":"Gensokyo:Wraith","floor":29.0,"turns":3.0},{"damage":8.0,"enemies":"Gensokyo:Mirror_and_Dog","floor":30.0,"turns":3.0},{"damage":37.0,"enemies":"Gensokyo:Eternal_Rivals","floor":33.0,"turns":9.0},{"damage":12,"enemies":"Gensokyo:AncientGuardian","floor":35,"turns":3},{"damage":0,"enemies":"Gensokyo:3_Bats","floor":39,"turns":2},{"damage":47,"enemies":"Gensokyo:Kasen","floor":40,"turns":6},{"damage":9,"enemies":"Gensokyo:Marisa","floor":45,"turns":6},{"damage":0,"enemies":"Gensokyo:3_Boulders","floor":47,"turns":2},{"damage":0,"enemies":"Gensokyo:Shinki","floor":50,"turns":1}],"seed_played":"6771264740585442427","potions_obtained":[{"floor":3.0,"key":"Fire Potion"},{"floor":11.0,"key":"blueLaboratory:BubblePotion"},{"floor":16.0,"key":"blueLaboratory:EnragingPotion"},{"floor":18.0,"key":"Regen Potion"},{"floor":22.0,"key":"Milkshake"},{"floor":24.0,"key":"blueLaboratory:CorrosionFlask"},{"floor":29.0,"key":"blueLaboratory:ImpenetrablePotion"},{"floor":33.0,"key":"blueLaboratory:BottleOfRum"},{"floor":40,"key":"blueLaboratory:FruitPunch"}],"is_trial":false,"path_per_floor":["M","?","M","$","?","R","E","$","T","R","E","R","M","E","R_BF","B",null,"M","AVR","M","$","M","R","E","R","T","E","M","M","M","COS","R","B",null,"M","$","?","AVR","M","E","R","?","T","?","E","?","M","?","R","B",null],"character_chosen":"THE_ANIMATOR","items_purchased":["DollysMirror","animator:Hoodie","animator:Cocytus","animator:Alexander","animator:Laby","animator:Alexander","animator:Illya","animator:MetalKnight","animator:Laby"],"campfire_rested":5,"item_purchase_floors":[0,0,0,0,4,8,21,21,36],"current_hp_per_floor":[51,45,34,34,34,53,56,56,56,56,24,44,47,36,36,17,58,61,61,60,60,63,63,61,61,61,39,42,43,35,35,58,21,63,53,53,53,53,56,11,36,36,36,36,34,34,37,37,65,68],"gold":138,"neow_bonus":"","is_daily":false,"chose_seed":true,"campfire_upgraded":6,"win_rate":0.0,"timestamp":1611231032,"path_taken":["M","?","M","$","?","R","E","?","T","R","E","R","M","E","R_BF","BOSS","M","AVR","M","$","M","R","E","R","T","E","?","M","?","COS","R","BOSS","M","$","?","AVR","?","E","R","?","T","?","E","?","?","?","R","BOSS"],"items_purchased_type":["Relic","Relic","Card","Card","Card","Card","Card","Card","Card"],"build_version":"2020-12-22","purchased_purges":3,"victory":true,"max_hp_per_floor":[66,66,66,66,66,66,69,69,69,69,69,69,72,72,72,72,72,75,75,71,71,74,74,74,74,74,74,77,77,77,77,77,77,77,79,79,79,79,82,84,84,84,84,84,91,91,94,94,94,97],"card_choices":[{"not_picked":["animator:Hakurou","animator:OrikoMikuni"],"picked":"animator:Viivi","floor":1.0},{"not_picked":["animator:HidekiHinata","animator:Tatsumaki"],"picked":"animator:EmiyaShirou","floor":3.0},{"not_picked":["animator:Hakurou","animator:Entoma"],"picked":"animator:Alexander","floor":7.0},{"not_picked":["animator:Lancer","animator:SakuraMatou"],"picked":"animator:Berserker","floor":11.0},{"not_picked":["animator:DolaStephanie","animator:Ciel"],"picked":"animator:Lu","floor":13.0},{"not_picked":["animator:Saitama","animator:KyokoSakura"],"picked":"animator:Gilgamesh","floor":14.0},{"not_picked":["animator:AcuraShin","animator:AyatoNaoi"],"picked":"animator:Rimuru","floor":16.0},{"not_picked":["Amnesia","animator:Curse_JunTormented"],"picked":"Gensokyo:ImpossibleRequest","floor":17.0},{"not_picked":["AbeCurse","ReplayTheSpireMod:Splinters"],"picked":"Voices","floor":17.0},{"not_picked":["Looming Evil","Gensokyo:ImpossibleRequest"],"picked":"Parasite","floor":17.0},{"not_picked":["animator:NagisaMomoe","animator:Noda"],"picked":"animator:AcuraAkari","floor":18.0},{"not_picked":["animator:Rider","animator:RinTohsaka"],"picked":"animator:JeanneDArc","floor":20.0},{"not_picked":["animator:SilverFang","animator:Elsword"],"picked":"animator:EmiyaShirou","floor":22.0},{"not_picked":["animator:HidekiHinata","animator:Shalltear"],"picked":"animator:Saber","floor":24.0},{"not_picked":["animator:Hakurou+1","animator:OrikoMikuni"],"picked":"animator:Illya","floor":27.0},{"not_picked":["animator:Rider","animator:SakuraMatou"],"picked":"animator:Berserker","floor":28.0},{"not_picked":["animator:RinTohsaka+1","animator:Benimaru"],"picked":"animator:Illya+1","floor":29.0},{"not_picked":["animator:Lancer","animator:Guy"],"picked":"animator:Sora","floor":30.0},{"not_picked":["animator:Shizu","animator:MadokaKaname"],"picked":"animator:KanadeTachibana","floor":33.0},{"not_picked":["animator:Lancer+1","animator:Alexander","animator:Melzalgald+1"],"picked":"Singing Bowl","floor":35},{"not_picked":["animator:EmiyaShirou","animator:Alexander"],"picked":"animator:Illya","floor":39},{"not_picked":["animator:Tet","animator:MasamiIwasawa","animator:FielNirvalen+1"],"picked":"Singing Bowl","floor":40},{"not_picked":["animator:YachiyoNanami+1","animator:Rider+1"],"picked":"animator:Vesta","floor":45},{"not_picked":["animator:Berserker+1","animator:Chaa+1"],"picked":"animator:Illya","floor":47},{"not_picked":["infinitespire:TheBestDefense","infinitespire:FutureSight"],"picked":"ReplayTheSpireMod:Black Plague","floor":48}],"player_experience":885976,"relics_obtained":[{"floor":7.0,"key":"Replay:Mystery Machine"},{"floor":9.0,"key":"Garlic"},{"floor":11.0,"key":"Bag of Preparation"},{"floor":14.0,"key":"Paper Crane"},{"floor":20.0,"key":"animator:CursedGlyph"},{"floor":24.0,"key":"Singing Bowl"},{"floor":26.0,"key":"Happy Flower"},{"floor":27.0,"key":"infinitespire:Lucky Rock"},{"floor":40,"key":"Centennial Puzzle"},{"floor":40,"key":"Replay:Wax Seal"},{"floor":43,"key":"Pet Ghost"},{"floor":45,"key":"Strawberry"},{"floor":45,"key":"animator:HeavyHalberd"}],"event_choices":[],"is_beta":false,"boss_relics":[{"not_picked":["SlaversCollar","Runic Dome"],"picked":"Replay:Ancient Bell"},{"not_picked":["Toy Ornithopter","Boot"],"picked":"Replay:Bandana"},{"not_picked":["Sundial","Eternal Feather"],"picked":"Gremlin Horn"},{"not_picked":["Lizard Tail","Ginger"],"picked":"Replay:Arrowhead"},{"not_picked":["Velvet Choker","Ring of Chaos"],"picked":"Black Star"}],"items_purged_floors":[19,21,36],"is_endless":false,"potions_floor_spawned":[3,11,16,18,22,24,28,29,33,40],"ascension_level":10}}