{"host":"9vecvdjkx64cw9bo","time":1611239769,"event":{"mods":["Ascension Unlocker","BaseMod","Custom Start","Keyboard Shortcuts","Minty Spire (QoL Compilation)","Quick Restart","StSLib","SuperFastMode"],"gold_per_floor":[20,20,20,20,41,41,116,116,196,196,217,217,116,150,150,244,244,268,268,268,268],"floor_reached":20,"language":"KOR","playtime":327,"items_purged":["Strike_B"],"score":336,"play_id":"7c559c36-e21c-46d8-b38f-72cbb0fbfe02","local_time":"20210121233609","is_ascension_mode":true,"campfire_choices":[{"floor":6.0,"key":"REST"},{"data":"Darkness","floor":8.0,"key":"SMITH"},{"data":"Dualcast","floor":10.0,"key":"SMITH"},{"floor":12.0,"key":"REST"},{"data":"Redo","floor":15.0,"key":"SMITH"}],"circlet_count":0,"master_deck":["AscendersBane","Strike_B","Defend_B","Defend_B","Defend_B","Defend_B+1","Zap+1","Dualcast+1","Rip and Tear","Darkness+1","Turbo","Compile Driver","Redo+1","Reinforced Body","Echo Form","Hologram","Coolheaded"],"relics":["Cracked Core","Golden Idol","Sundial","Boot","Cursed Key"],"acts_visited":["Exordium","TheCity"],"potions_floor_usage":[20],"damage_taken":[{"damage":4.0,"enemies":"Jaw Worm","floor":1.0,"turns":5.0},{"damage":9.0,"enemies":"2 Louse","floor":5.0,"turns":3.0},{"damage":7.0,"enemies":"Small Slimes","floor":11.0,"turns":3.0},{"damage":11.0,"enemies":"Gremlin Nob","floor":14.0,"turns":3.0},{"damage":18.0,"enemies":"The Guardian","floor":16.0,"turns":7.0},{"damage":1.0,"enemies":"Spheric Guardian","floor":18.0,"turns":4.0},{"damage":74,"enemies":"Masked Bandits","floor":20,"turns":3}],"seed_played":"8032985253913245558","potions_obtained":[{"floor":14.0,"key":"DistilledChaos"},{"floor":16.0,"key":"Regen Potion"}],"is_trial":false,"path_per_floor":["M","?","?","?","M","R","?","R","T","R","M","R","$","E","R","B",null,"M","?","?"],"character_chosen":"DEFECT","items_purchased":["Redo"],"campfire_rested":2,"item_purchase_floors":[13],"current_hp_per_floor":[60,36,36,15,6,27,16,16,16,16,9,30,30,19,19,1,54,53,53,0,0],"gold":268,"neow_bonus":"TRANSFORM_TWO_CARDS","is_daily":false,"chose_seed":false,"campfire_upgraded":3,"win_rate":0.0,"timestamp":1611239769,"path_taken":["M","?","?","?","?","R","?","R","T","R","M","R","$","E","R","BOSS","M","?","?"],"items_purchased_type":["Card"],"build_version":"2020-12-22","purchased_purges":1,"victory":false,"max_hp_per_floor":[71,71,71,71,71,71,71,71,71,71,71,71,71,71,71,71,71,71,71,71,71],"card_choices":[{"not_picked":["Beam Cell","Leap"],"picked":"Turbo","floor":1.0},{"not_picked":["Rebound","Ball Lightning","Cold Snap"],"picked":"SKIP","floor":5.0},{"not_picked":["Cold Snap","Sunder"],"picked":"Compile Driver","floor":11.0},{"not_picked":["Barrage","Beam Cell"],"picked":"Reinforced Body","floor":14.0},{"not_picked":["Core Surge","Amplify"],"picked":"Echo Form","floor":16.0},{"not_picked":["Gash","Rebound+1"],"picked":"Hologram","floor":18.0}],"player_experience":784918,"relics_obtained":[{"floor":9.0,"key":"Sundial"},{"floor":14.0,"key":"Boot"}],"event_choices":[{"damage_healed":0.0,"max_hp_gain":0.0,"max_hp_loss":0.0,"gold_gain":0.0,"event_name":"Golden Idol","player_choice":"Take Damage","floor":2.0,"gold_loss":0.0,"damage_taken":24.0,"relics_obtained":["Golden Idol"]},{"damage_healed":0.0,"max_hp_gain":0.0,"max_hp_loss":0.0,"gold_gain":0.0,"event_name":"Liars Game","player_choice":"Ignored","floor":3.0,"gold_loss":0.0,"damage_taken":0.0},{"damage_healed":0.0,"max_hp_gain":0.0,"max_hp_loss":0.0,"gold_gain":0.0,"event_name":"Shining Light","player_choice":"Entered Light","floor":4.0,"gold_loss":0.0,"damage_taken":21.0,"cards_upgraded":["Defend_B","Zap"]},{"damage_healed":0.0,"max_hp_gain":0.0,"max_hp_loss":0.0,"gold_gain":75.0,"event_name":"World of Goop","player_choice":"Gather Gold","floor":7.0,"gold_loss":0.0,"damage_taken":11.0},{"damage_healed":0,"gold_gain":0,"player_choice":"Read","damage_taken":0,"max_hp_gain":0,"max_hp_loss":0,"event_name":"The Library","floor":19,"gold_loss":0,"cards_obtained":["Coolheaded"]},{"damage_healed":0,"gold_gain":0,"player_choice":"Fought Bandits","damage_taken":0,"max_hp_gain":0,"max_hp_loss":0,"event_name":"Masked Bandits","floor":20,"gold_loss":0}],"is_beta":false,"boss_relics":[{"not_picked":["Busted Crown","Snecko Eye"],"picked":"Cursed Key"}],"items_purged_floors":[13],"is_endless":false,"potions_floor_spawned":[14,16],"killed_by":"Masked Bandits","ascension_level":20}}