{"host":"qsusua7l529r8z9k","time":1611238594,"event":{"mods":["BaseMod","Minty Spire (QoL Compilation)","Replay The Spire","Spicy Shops","StSLib"],"gold_per_floor":[116,41,41,41,57,57,75,101,101,126,171,183,196,211,231,16,16,87,87,107,174,154,117,117,149,166,166,166,216,242,242,298,361,361,361,361],"floor_reached":35,"language":"ZHS","playtime":1057,"items_purged":["Shame","Strike_P"],"score":833,"play_id":"3087d11e-b892-4466-9658-98a5a4729fb2","local_time":"20210121221634","is_ascension_mode":true,"campfire_choices":[{"data":"Eruption","floor":9.0,"key":"SMITH"},{"floor":34,"key":"DIG"}],"circlet_count":0,"master_deck":["AscendersBane","Strike_P+1","Defend_P","Defend_P","Defend_P","Eruption+1","Vigilance","WheelKick","Ragnarok+1","FlurryOfBlows","Omniscience","InnerPeace","Wish","FearNoEvil+1","Halt+1","DevaForm","WreathOfFlame","DeusExMachina"],"relics":["PureWater","Calipers","Onion Ring","Blue Doll","Replay:Mystery Machine","Replay:Wax Seal","Happy Flower","ReplayTheSpireMod:DimensionalGlitch","Mango","ReplayTheSpireMod:Ring of Challenge","Whetstone","Gremlin Food","Durian","Strawberry"],"acts_visited":["TheCity"],"potions_floor_usage":[33,33],"damage_taken":[{"damage":4.0,"enemies":"Cultist","floor":1.0,"turns":4.0},{"damage":0.0,"enemies":"Small Slimes","floor":5.0,"turns":6.0},{"damage":0.0,"enemies":"Jaw Worm","floor":7.0,"turns":3.0},{"damage":8.0,"enemies":"Gremlin Nob","floor":8.0,"turns":3.0},{"damage":0.0,"enemies":"Lagavulin","floor":10.0,"turns":4.0},{"damage":0.0,"enemies":"Lots of Slimes","floor":12.0,"turns":1.0},{"damage":0.0,"enemies":"2 Fungi Beasts","floor":13.0,"turns":1.0},{"damage":0.0,"enemies":"Blue Slaver","floor":14.0,"turns":1.0},{"damage":0.0,"enemies":"Large Slime","floor":15.0,"turns":2.0},{"damage":56.0,"enemies":"Fading Forest","floor":18.0,"turns":13.0},{"damage":0.0,"enemies":"Shell Parasite","floor":20.0,"turns":1.0},{"damage":23.0,"enemies":"2 Thieves","floor":21.0,"turns":3.0},{"damage":20.0,"enemies":"Shelled Parasite and Fungi","floor":23.0,"turns":2.0},{"damage":0.0,"enemies":"Book of Stabbing","floor":25.0,"turns":1.0},{"damage":0.0,"enemies":"Sentry and Sphere","floor":26.0,"turns":1.0},{"damage":23.0,"enemies":"Replay:Snechameleon","floor":30.0,"turns":4.0},{"damage":0.0,"enemies":"Gremlin Leader","floor":32.0,"turns":3.0},{"damage":5,"enemies":"Centurion and Healer","floor":33,"turns":3},{"damage":10,"enemies":"Pondfish","floor":35,"turns":2}],"seed_played":"3277172888703558753","potions_obtained":[{"floor":1.0,"key":"Fire Potion"},{"floor":8.0,"key":"Languid Potion"},{"floor":12.0,"key":"DistilledChaos"},{"floor":21.0,"key":"Explosive Potion"},{"floor":22.0,"key":"DistilledChaos"},{"floor":23.0,"key":"PowerPotion"},{"floor":25.0,"key":"Energy Potion"}],"is_trial":false,"path_per_floor":["M","$","PTL","PTL","M","?","M","E","R","E","T","M","M","M","M","$","R","B",null,"M","M","?","M","$","E","M","?","T","?","E","?","E","M","R","B"],"character_chosen":"WATCHER","items_purchased":["Replay:Wax Seal","Happy Flower"],"campfire_rested":0,"item_purchase_floors":[16,16],"current_hp_per_floor":[57,57,57,57,57,57,57,49,49,49,49,49,49,49,49,49,49,9,53,53,30,30,10,10,24,24,24,24,24,1,1,6,1,8,0,0],"gold":361,"neow_bonus":"ONE_RARE_RELIC","is_daily":false,"chose_seed":false,"campfire_upgraded":1,"win_rate":0.0,"timestamp":1611238594,"path_taken":["M","$","PTL","PTL","?","?","M","E","R","E","T","M","M","M","M","$","R","BOSS","M","M","?","?","$","E","M","?","T","?","E","?","E","?","R","BOSS"],"items_purchased_type":["Relic","Relic"],"build_version":"2020-12-22","purchased_purges":2,"victory":false,"max_hp_per_floor":[68,68,68,68,68,68,68,68,68,68,68,68,68,68,68,68,68,68,68,68,68,68,68,68,82,82,82,82,82,82,82,87,87,94,94,94],"card_choices":[{"not_picked":["Replay:BluntJabs","Collect","JustLucky"],"picked":"SKIP","floor":1.0},{"not_picked":["PathToVictory","EmptyBody"],"picked":"WheelKick","floor":5.0},{"not_picked":["ReachHeaven","CarveReality","BattleHymn"],"picked":"SKIP","floor":7.0},{"not_picked":["CarveReality","WindmillStrike"],"picked":"FlurryOfBlows","floor":8.0},{"not_picked":["Adaptation","Replay:Cycle"],"picked":"Omniscience","floor":10.0},{"not_picked":["BattleHymn","WaveOfTheHand","FlurryOfBlows"],"picked":"SKIP","floor":12.0},{"not_picked":["BattleHymn","CarveReality","Perseverance"],"picked":"SKIP","floor":13.0},{"not_picked":["EmptyFist","Vengeance","ClearTheMind"],"picked":"SKIP","floor":14.0},{"not_picked":["ThirdEye","Halt","FlurryOfBlows"],"picked":"SKIP","floor":15.0},{"not_picked":["MasterReality","Judgement"],"picked":"Wish","floor":18.0},{"not_picked":["EmptyFist","ThirdEye+1"],"picked":"FearNoEvil","floor":20.0},{"not_picked":["PathToVictory","FollowUp"],"picked":"Halt+1","floor":21.0},{"not_picked":["FollowUp","FlyingSleeves"],"picked":"DevaForm","floor":23.0},{"not_picked":["WindmillStrike","EmptyFist","ThirdEye"],"picked":"SKIP","floor":25.0},{"not_picked":["Replay:AtTheReady","Protect","Consecrate"],"picked":"SKIP","floor":26.0},{"not_picked":["Crescendo","SignatureMove","Prostrate+1"],"picked":"SKIP","floor":30.0},{"not_picked":["SashWhip","Evaluate"],"picked":"WreathOfFlame","floor":32.0},{"not_picked":["DeceiveReality","ReachHeaven+1"],"picked":"DeusExMachina","floor":33}],"player_experience":427587,"relics_obtained":[{"floor":8.0,"key":"Onion Ring"},{"floor":10.0,"key":"Blue Doll"},{"floor":11.0,"key":"Replay:Mystery Machine"},{"floor":25.0,"key":"Mango"},{"floor":27.0,"key":"ReplayTheSpireMod:Ring of Challenge"},{"floor":28.0,"key":"Whetstone"},{"floor":30.0,"key":"Gremlin Food"},{"floor":32.0,"key":"Durian"},{"floor":34,"key":"Strawberry"}],"event_choices":[{"damage_healed":0.0,"max_hp_gain":0.0,"max_hp_loss":0.0,"gold_gain":0.0,"event_name":"The Woman in Blue","player_choice":"Bought 1 Potion","floor":22.0,"gold_loss":0.0,"damage_taken":0.0},{"damage_healed":0.0,"max_hp_gain":0.0,"max_hp_loss":0.0,"gold_gain":50.0,"event_name":"Nest","player_choice":"Stole From Cult","floor":29.0,"gold_loss":0.0,"damage_taken":0.0},{"cards_removed":["Strike_P"],"damage_healed":0.0,"max_hp_gain":0.0,"max_hp_loss":0.0,"gold_gain":0.0,"event_name":"Purifier","player_choice":"Purged","floor":31.0,"gold_loss":0.0,"damage_taken":0.0}],"is_beta":false,"boss_relics":[{"not_picked":["Runic Pyramid","Pandora\u0027s Box"],"picked":"ReplayTheSpireMod:DimensionalGlitch"}],"items_purged_floors":[2,16],"is_endless":false,"potions_floor_spawned":[1,8,12,13,14,21,23,25,32],"killed_by":"Pondfish","ascension_level":20}}