{"host":"Rich","time":1611250030,"event":{"mods":["AchievementEnabler","BaseMod","Highlight Path","Minty Spire (QoL Compilation)","Relic Stats"],"gold_per_floor":[112,112,0,0,13,54,79,95,118,118,161,161,186,202,202,291,291,307,332,282,296,6,39,39,39,39,60,78,78,96,137,149,161,161],"floor_reached":33,"language":"ENG","playtime":1403,"items_purged":["Regret","Strike_G"],"score":698,"play_id":"6c46a960-fbbe-4813-9d6f-c3e4923781d8","local_time":"20210121122710","is_ascension_mode":true,"campfire_choices":[{"floor":10,"key":"REST"},{"floor":15,"key":"REST"},{"floor":25,"key":"REST"},{"floor":29,"key":"REST"},{"data":"Body Slam","floor":32,"key":"SMITH"}],"circlet_count":0,"master_deck":["AscendersBane","Strike_G","Strike_G","Strike_G","Strike_G","Defend_G","Defend_G","Defend_G","Defend_G","Defend_G","Survivor","Neutralize","Crippling Poison","Escape Plan","Blur","Caltrops","Backflip","Dodge and Roll","Blade Dance+1","Deflect","Deadly Poison","Deflect","Catalyst","Adrenaline","CurseOfTheBell","Backstab","Endless Agony","SashWhip","FTL","Body Slam+1","Immolate","ForeignInfluence+1","Bouncing Flask","Reinforced Body"],"relics":["Ring of the Snake","NeowsBlessing","Dream Catcher","Golden Idol","Smiling Mask","Orichalcum","Letter Opener","Calling Bell","Ancient Tea Set","Ninja Scroll","Dead Branch","PrismaticShard","Potion Belt","Regal Pillow","MawBank"],"acts_visited":["Exordium","TheCity"],"potions_floor_usage":[11,14,16,28,30,33,33],"damage_taken":[{"damage":0,"enemies":"Jaw Worm","floor":1,"turns":1},{"damage":0,"enemies":"Small Slimes","floor":5,"turns":1},{"damage":0,"enemies":"Lagavulin","floor":6,"turns":1},{"damage":9,"enemies":"Cultist","floor":7,"turns":6},{"damage":7,"enemies":"Blue Slaver","floor":8,"turns":7},{"damage":68,"enemies":"Gremlin Nob","floor":11,"turns":5},{"damage":13,"enemies":"Exordium Thugs","floor":13,"turns":5},{"damage":4,"enemies":"Gremlin Gang","floor":14,"turns":3},{"damage":7,"enemies":"The Guardian","floor":16,"turns":12},{"damage":10,"enemies":"Spheric Guardian","floor":18,"turns":5},{"damage":6,"enemies":"2 Thieves","floor":19,"turns":4},{"damage":3,"enemies":"3 Cultists","floor":21,"turns":3},{"damage":19,"enemies":"Gremlin Leader","floor":23,"turns":5},{"damage":1,"enemies":"Cultist and Chosen","floor":27,"turns":3},{"damage":0,"enemies":"Chosen and Byrds","floor":28,"turns":2},{"damage":0,"enemies":"Snecko","floor":30,"turns":3},{"damage":21,"enemies":"Slavers","floor":31,"turns":4},{"damage":94,"enemies":"Automaton","floor":33,"turns":10}],"seed_played":"-1555056160937980025","potions_obtained":[{"floor":1,"key":"PowerPotion"},{"floor":5,"key":"Dexterity Potion"},{"floor":8,"key":"FairyPotion"},{"floor":11,"key":"GamblersBrew"},{"floor":13,"key":"Poison Potion"},{"floor":19,"key":"DuplicationPotion"},{"floor":23,"key":"FairyPotion"},{"floor":28,"key":"Fire Potion"},{"floor":30,"key":"Swift Potion"},{"floor":31,"key":"Weak Potion"}],"is_trial":false,"path_per_floor":["M","?","$","?","M","E","M","M","T","R","E","?","M","M","R","B",null,"M","M","?","M","$","E","$","R","T","M","M","R","M","E","R","B"],"character_chosen":"THE_SILENT","items_purchased":["Escape Plan","Endless Agony","PrismaticShard"],"campfire_rested":4,"item_purchase_floors":[3,22,22],"current_hp_per_floor":[59,59,59,36,36,36,27,20,20,39,19,19,6,2,21,14,53,43,37,37,34,34,15,15,34,34,33,33,66,66,45,45,0,0],"gold":161,"neow_bonus":"THREE_ENEMY_KILL","is_daily":false,"chose_seed":false,"campfire_upgraded":1,"win_rate":0.0,"timestamp":1611250030,"path_taken":["M","?","$","?","M","E","M","M","T","R","E","?","M","?","R","BOSS","M","M","?","M","$","E","?","R","T","M","?","R","?","E","R","BOSS"],"items_purchased_type":["Card","Card","Relic"],"build_version":"2020-12-18","purchased_purges":2,"victory":false,"max_hp_per_floor":[66,66,66,66,66,66,66,66,66,66,66,66,66,66,66,66,66,66,66,66,66,66,66,66,66,66,66,66,66,66,66,66,66,66],"relic_stats":{"Dream Catcher":4,"Regal Pillow":14,"counters":[18,80],"Golden Idol":92,"Dead Branch":[115],"Letter Opener":[204],"Orichalcum":[78],"Smiling Mask":50,"MawBank":24,"obtain_stats":[{"Potion Belt":23,"Regal Pillow":26,"NeowsBlessing":0,"Golden Idol":4,"Dead Branch":17,"Letter Opener":11,"Orichalcum":9,"Smiling Mask":6,"Ancient Tea Set":17,"PrismaticShard":22,"MawBank":31,"Calling Bell":17,"Dream Catcher":2,"Ninja Scroll":17,"Ring of the Snake":0},{"Potion Belt":13,"Regal Pillow":13,"NeowsBlessing":0,"Golden Idol":1,"Dead Branch":9,"Letter Opener":6,"Orichalcum":5,"Smiling Mask":3,"Ancient Tea Set":9,"PrismaticShard":12,"MawBank":17,"Calling Bell":9,"Dream Catcher":1,"Ninja Scroll":9,"Ring of the Snake":0},{"Potion Belt":58,"Regal Pillow":58,"NeowsBlessing":0,"Golden Idol":1,"Dead Branch":41,"Letter Opener":21,"Orichalcum":16,"Smiling Mask":3,"Ancient Tea Set":41,"PrismaticShard":53,"MawBank":70,"Calling Bell":41,"Dream Catcher":1,"Ninja Scroll":41,"Ring of the Snake":0}],"Ring of the Snake":[34]},"card_choices":[{"not_picked":["Predator","Quick Slash"],"picked":"Crippling Poison","floor":1},{"not_picked":["Deflect","Dagger Throw"],"picked":"Blur","floor":5},{"not_picked":["Infinite Blades","Distraction"],"picked":"Caltrops","floor":6},{"not_picked":["Prepared","All Out Attack"],"picked":"Backflip","floor":7},{"not_picked":["Prepared","Bane"],"picked":"Dodge and Roll","floor":8},{"not_picked":["Quick Slash","Skewer"],"picked":"Blade Dance","floor":10},{"not_picked":["Choke","Riddle With Holes"],"picked":"Deflect","floor":11},{"not_picked":["Poisoned Stab","Skewer"],"picked":"Deadly Poison","floor":13},{"not_picked":["Doppelganger","Dagger Throw"],"picked":"Deflect","floor":14},{"not_picked":["Choke","Dash"],"picked":"Catalyst","floor":15},{"not_picked":["Unload","A Thousand Cuts"],"picked":"Adrenaline","floor":16},{"not_picked":["Prepared","Dagger Spray"],"picked":"Backstab","floor":18},{"not_picked":["Bane","Poisoned Stab","Accuracy"],"picked":"SKIP","floor":19},{"not_picked":["Catalyst","Riddle With Holes","Flying Knee"],"picked":"SKIP","floor":21},{"not_picked":["Crescendo","Perfected Strike"],"picked":"SashWhip","floor":23},{"not_picked":["EmptyFist","Genetic Algorithm"],"picked":"FTL","floor":25},{"not_picked":["Barrage","Steam Power"],"picked":"Body Slam","floor":27},{"not_picked":["Leg Sweep","Combust"],"picked":"Immolate","floor":28},{"not_picked":["Hologram","Melter"],"picked":"ForeignInfluence+1","floor":29},{"not_picked":["Rebound","Reckless Charge"],"picked":"Bouncing Flask","floor":30},{"not_picked":["Deflect","PiercingWail"],"picked":"Reinforced Body","floor":31}],"player_experience":2004938,"relics_obtained":[{"floor":6,"key":"Smiling Mask"},{"floor":9,"key":"Orichalcum"},{"floor":11,"key":"Letter Opener"},{"floor":17,"key":"Ancient Tea Set"},{"floor":17,"key":"Ninja Scroll"},{"floor":17,"key":"Dead Branch"},{"floor":23,"key":"Potion Belt"},{"floor":26,"key":"Regal Pillow"},{"floor":31,"key":"MawBank"}],"event_choices":[{"damage_healed":0,"gold_gain":0,"player_choice":"Box","damage_taken":0,"relics_obtained":["Dream Catcher"],"max_hp_gain":0,"max_hp_loss":0,"event_name":"Big Fish","floor":2,"gold_loss":0,"cards_obtained":["Regret"]},{"damage_healed":0,"gold_gain":0,"player_choice":"Take Damage","damage_taken":23,"relics_obtained":["Golden Idol"],"max_hp_gain":0,"max_hp_loss":0,"event_name":"Golden Idol","floor":4,"gold_loss":0},{"damage_healed":0,"gold_gain":0,"player_choice":"Upgraded","damage_taken":0,"max_hp_gain":0,"max_hp_loss":0,"event_name":"Upgrade Shrine","floor":12,"gold_loss":0,"cards_upgraded":["Blade Dance"]},{"damage_healed":0,"gold_gain":0,"player_choice":"Bet on Murderer","damage_taken":0,"max_hp_gain":0,"max_hp_loss":0,"event_name":"The Joust","floor":20,"gold_loss":50}],"is_beta":true,"boss_relics":[{"not_picked":["Snecko Eye","Runic Dome"],"picked":"Calling Bell"}],"items_purged_floors":[3,22],"is_endless":false,"potions_floor_spawned":[1,5,8,11,13,19,23,28,30,31],"killed_by":"Automaton","ascension_level":20}}