{"host":"r53pw7z744tg3fxg","time":1611253127,"event":{"mods":["AchievementEnabler","BaseMod","Colored Map","Colored Powertips","Highlight Path","Minty Spire (QoL Compilation)","Quick Restart","Transform Curses"],"gold_per_floor":[18,18,18,31,46,46,101,101,127,147,165,165,195,140,140,214,214,226,226,226],"floor_reached":19,"language":"ENG","playtime":732,"items_purged":[],"score":327,"play_id":"01223427-668a-41cd-b705-82fdf567648e","local_time":"20210121111847","is_ascension_mode":true,"campfire_choices":[{"floor":6.0,"key":"REST"},{"floor":8.0,"key":"REST"},{"floor":12.0,"key":"REST"},{"floor":15.0,"key":"REST"}],"circlet_count":0,"master_deck":["AscendersBane","Strike_P","Strike_P","Strike_P","Strike_P","Defend_P","Defend_P","Defend_P","Defend_P","Eruption+1","Vigilance","Magnetism","Prostrate","EmptyFist","WindmillStrike","DeceiveReality","BowlingBash","Consecrate","Devotion","CurseOfTheBell","CutThroughFate+1"],"relics":["PureWater","Tiny Chest","Unceasing Top","Strawberry","Ginger","Calling Bell","Ancient Tea Set","Yang","Torii"],"acts_visited":["Exordium","TheCity"],"potions_floor_usage":[19],"damage_taken":[{"damage":11.0,"enemies":"2 Louse","floor":1.0,"turns":4.0},{"damage":2.0,"enemies":"Jaw Worm","floor":4.0,"turns":2.0},{"damage":2.0,"enemies":"Small Slimes","floor":5.0,"turns":3.0},{"damage":25.0,"enemies":"Lagavulin","floor":7.0,"turns":5.0},{"damage":7.0,"enemies":"2 Fungi Beasts","floor":10.0,"turns":3.0},{"damage":11.0,"enemies":"3 Louse","floor":11.0,"turns":2.0},{"damage":13.0,"enemies":"3 Sentries","floor":13.0,"turns":7.0},{"damage":28.0,"enemies":"Hexaghost","floor":16.0,"turns":9.0},{"damage":33.0,"enemies":"Shell Parasite","floor":18.0,"turns":5.0},{"damage":28,"enemies":"Chosen","floor":19,"turns":5}],"seed_played":"2670532868583141928","potions_obtained":[{"floor":1.0,"key":"Energy Potion"},{"floor":4.0,"key":"Weak Potion"},{"floor":10.0,"key":"Strength Potion"},{"floor":11.0,"key":"SpeedPotion"},{"floor":18.0,"key":"Strength Potion"}],"is_trial":false,"path_per_floor":["M","?","?","M","M","R","E","R","T","M","M","R","E","?","R","B",null,"M","M"],"character_chosen":"WATCHER","items_purchased":[],"campfire_rested":4,"item_purchase_floors":[],"current_hp_per_floor":[50,50,15,13,11,31,6,26,33,26,15,37,24,24,46,18,61,28,0,0],"gold":226,"neow_bonus":"RANDOM_COLORLESS_2","is_daily":false,"chose_seed":false,"campfire_upgraded":0,"win_rate":0.0,"timestamp":1611253127,"path_taken":["M","?","?","M","M","R","E","R","T","M","M","R","E","?","R","BOSS","M","M"],"items_purchased_type":[],"build_version":"2020-12-22","purchased_purges":0,"victory":false,"max_hp_per_floor":[68,68,68,68,68,68,68,68,75,75,75,75,75,75,75,75,75,75,75,75],"card_choices":[{"not_picked":["Secret Weapon","HandOfGreed"],"picked":"Magnetism","floor":0.0},{"not_picked":["Nirvana","EmptyFist"],"picked":"Prostrate","floor":1.0},{"not_picked":["WaveOfTheHand","JustLucky"],"picked":"EmptyFist","floor":4.0},{"not_picked":["Evaluate","PathToVictory"],"picked":"WindmillStrike","floor":5.0},{"not_picked":["Scrawl","CutThroughFate"],"picked":"DeceiveReality","floor":7.0},{"not_picked":["Weave","EmptyFist"],"picked":"BowlingBash","floor":10.0},{"not_picked":["SashWhip","Weave"],"picked":"Consecrate","floor":11.0},{"not_picked":["Consecrate","BowlingBash","Vengeance"],"picked":"SKIP","floor":13.0},{"not_picked":["ConjureBlade","SpiritShield"],"picked":"Devotion","floor":16.0},{"not_picked":["Adaptation","FollowUp"],"picked":"CutThroughFate+1","floor":18.0}],"player_experience":1328955,"relics_obtained":[{"floor":7.0,"key":"Unceasing Top"},{"floor":9.0,"key":"Strawberry"},{"floor":13.0,"key":"Ginger"},{"floor":17.0,"key":"Ancient Tea Set"},{"floor":17.0,"key":"Yang"},{"floor":17.0,"key":"Torii"}],"event_choices":[{"damage_healed":0.0,"max_hp_gain":0.0,"max_hp_loss":0.0,"gold_gain":0.0,"event_name":"Living Wall","player_choice":"Grow","floor":2.0,"gold_loss":0.0,"damage_taken":0.0,"cards_upgraded":["Eruption"]},{"damage_healed":0.0,"max_hp_gain":0.0,"max_hp_loss":0.0,"gold_gain":0.0,"event_name":"Scrap Ooze","player_choice":"Success","floor":3.0,"gold_loss":0.0,"damage_taken":35.0,"relics_obtained":["Tiny Chest"]},{"damage_healed":0.0,"max_hp_gain":0.0,"max_hp_loss":0.0,"gold_gain":0.0,"event_name":"World of Goop","player_choice":"Left Gold","floor":14.0,"gold_loss":55.0,"damage_taken":0.0}],"is_beta":false,"boss_relics":[{"not_picked":["Cursed Key","Tiny House"],"picked":"Calling Bell"}],"items_purged_floors":[],"is_endless":false,"potions_floor_spawned":[1,4,10,11,18],"killed_by":"Chosen","ascension_level":17}}