{"host":"iyj530209nkhhjuz","time":1611220577,"event":{"mods":["AchievementEnabler","BaseMod","Better Match","Better Note","Better Third Choice","BetterRewards","Colored Map","Colored Powertips","Dark Map","Fox Events","Highlight Path","Minty Spire (QoL Compilation)","Permanent Neow","Random Character Button","Rare Cards Sparkle","Relic Stats","StSLib","Waifu the Spire"],"gold_per_floor":[112,127,143,161,161,204,15,15,67,67,88,88,88,128,128,252,252,265,283,301,301,319,355,368,368,394,415,429,453,497,169,169,300,300,314,314,327,89,0,0,43,61,86,106,147,215,245,275,287,299,311,323,19,63,63],"floor_reached":56,"language":"ENG","playtime":7028,"items_purged":["Strike_R","Defend_R","Defend_R","Strike_R","Armaments+1","Defend_R"],"score":2093,"play_id":"5e62ad86-a569-4965-8647-f4eaee6a2e0a","local_time":"20210121101617","is_ascension_mode":true,"campfire_choices":[{"data":"Rampage","floor":8.0,"key":"SMITH"},{"data":"Bash","floor":10.0,"key":"SMITH"},{"data":"Strike_R","floor":12.0,"key":"SMITH"},{"data":"Strike_R","floor":15.0,"key":"SMITH"},{"floor":25.0,"key":"REST"},{"data":"Feed","floor":32.0,"key":"SMITH"},{"floor":40.0,"key":"RECALL"},{"floor":49.0,"key":"REST"},{"data":"Juggernaut","floor":52.0,"key":"SMITH"}],"circlet_count":0,"master_deck":["Strike_R+1","Strike_R+1","Strike_R","Defend_R","Bash+1","Shrug It Off+1","Rampage+1","Warcry+1","Seeing Red+1","Flame Barrier+1","Shrug It Off+1","Apotheosis+1","Havoc+1","Juggernaut+1","Buffer+1","Seeing Red+1","Rage+1","Rage+1","Seeing Red+1","Feed+1","Rampage+1","Finesse+1","Parasite","Havoc+1","Shockwave+1","Battle Trance+1","Shrug It Off+1","Impervious+1","Double Tap+1","True Grit+1"],"relics":["Burning Blood","Toxic Egg 2","Golden Idol","The Courier","Art of War","Bronze Scales","Runic Pyramid","Calipers","Lantern","Question Card","DollysMirror","SlaversCollar","Red Mask","Orichalcum","Regal Pillow","MawBank","Ginger","Happy Flower"],"acts_visited":["TheEnding"],"potions_floor_usage":[55],"damage_taken":[{"damage":5.0,"enemies":"Cultist","floor":1.0,"turns":4.0},{"damage":0.0,"enemies":"Small Slimes","floor":2.0,"turns":4.0},{"damage":2.0,"enemies":"2 Louse","floor":3.0,"turns":4.0},{"damage":1.0,"enemies":"Looter","floor":4.0,"turns":3.0},{"damage":13.0,"enemies":"Gremlin Nob","floor":6.0,"turns":3.0},{"damage":0.0,"enemies":"Exordium Wildlife","floor":11.0,"turns":4.0},{"damage":6.0,"enemies":"3 Sentries","floor":14.0,"turns":9.0},{"damage":48.0,"enemies":"Hexaghost","floor":16.0,"turns":8.0},{"damage":2.0,"enemies":"Spheric Guardian","floor":18.0,"turns":3.0},{"damage":0.0,"enemies":"Shell Parasite","floor":19.0,"turns":5.0},{"damage":15.0,"enemies":"Centurion and Healer","floor":20.0,"turns":6.0},{"damage":0.0,"enemies":"Shelled Parasite and Fungi","floor":22.0,"turns":5.0},{"damage":21.0,"enemies":"Slavers","floor":23.0,"turns":6.0},{"damage":18.0,"enemies":"Cultist and Chosen","floor":24.0,"turns":7.0},{"damage":0.0,"enemies":"Snake Plant","floor":27.0,"turns":3.0},{"damage":2.0,"enemies":"Sentry and Sphere","floor":28.0,"turns":6.0},{"damage":9.0,"enemies":"Shelled Parasite and Fungi","floor":29.0,"turns":4.0},{"damage":24.0,"enemies":"Book of Stabbing","floor":30.0,"turns":5.0},{"damage":0.0,"enemies":"Champ","floor":33.0,"turns":13.0},{"damage":0.0,"enemies":"Orb Walker","floor":35.0,"turns":3.0},{"damage":11.0,"enemies":"3 Shapes","floor":37.0,"turns":4.0},{"damage":31.0,"enemies":"Reptomancer","floor":41.0,"turns":7.0},{"damage":33.0,"enemies":"Writhing Mass","floor":42.0,"turns":7.0},{"damage":11.0,"enemies":"Sphere and 2 Shapes","floor":44.0,"turns":6.0},{"damage":0.0,"enemies":"Giant Head","floor":45.0,"turns":7.0},{"damage":19.0,"enemies":"2 Orb Walkers","floor":46.0,"turns":6.0},{"damage":0.0,"enemies":"4 Shapes","floor":47.0,"turns":8.0},{"damage":0.0,"enemies":"Maw","floor":48.0,"turns":6.0},{"damage":15.0,"enemies":"Donu and Deca","floor":50.0,"turns":10.0},{"damage":12.0,"enemies":"Shield and Spear","floor":54.0,"turns":7.0},{"damage":22,"enemies":"The Heart","floor":55,"turns":8}],"seed_played":"4777702774517257978","potions_obtained":[{"floor":3.0,"key":"LiquidMemories"},{"floor":4.0,"key":"Energy Potion"},{"floor":6.0,"key":"LiquidMemories"},{"floor":18.0,"key":"BlessingOfTheForge"},{"floor":23.0,"key":"Weak Potion"},{"floor":28.0,"key":"Fire Potion"},{"floor":29.0,"key":"SteroidPotion"},{"floor":33.0,"key":"BloodPotion"},{"floor":35.0,"key":"SneckoOil"},{"floor":44.0,"key":"Energy Potion"}],"is_trial":false,"path_per_floor":["M","M","M","M","?","E","$","R","T","R","M","R","?","E","R","B",null,"M","M","M","?","M","E","M","R","T","M","M","M","E","$","R","B",null,"M","?","M","$","?","R","E","M","T","M","E","?","M","M","R","B",null,"R","$","E","B",null],"character_chosen":"IRONCLAD","items_purchased":["Toxic Egg 2","Shrug It Off+1","Flame Barrier+1","Shrug It Off+1","DollysMirror","Finesse+1","FairyPotion","Impervious+1","Double Tap+1","LiquidMemories"],"campfire_rested":2,"item_purchase_floors":[0,0,7,7,31,31,38,53,53,53],"current_hp_per_floor":[57,63,67,72,52,45,45,45,45,45,51,51,51,51,51,9,62,66,72,63,63,69,54,42,66,66,72,76,73,55,55,55,61,75,84,84,83,83,83,83,58,35,35,34,44,35,45,55,103,94,108,108,108,102,108],"gold":63,"neow_bonus":"","is_daily":false,"chose_seed":false,"campfire_upgraded":6,"win_rate":0.0,"timestamp":1611220577,"path_taken":["M","?","M","M","?","E","$","R","T","R","M","R","?","E","R","BOSS","M","M","M","?","M","E","M","R","T","M","M","M","E","$","R","BOSS","M","?","M","$","?","R","E","M","T","M","E","?","M","M","R","BOSS","R","$","E","BOSS"],"items_purchased_type":["Relic","Card","Card","Card","Relic","Card","Potion","Card","Card","Potion"],"build_version":"2020-12-22","purchased_purges":6,"victory":true,"max_hp_per_floor":[80,80,80,80,80,80,80,80,80,80,80,80,80,80,80,80,80,80,80,80,80,80,80,80,80,80,80,80,80,80,80,80,80,80,84,84,88,88,88,88,88,92,92,96,100,104,108,112,112,112,112,112,112,112,112],"relic_stats":{"Regal Pillow":15,"Happy Flower":[2],"counters":[7,52],"Golden Idol":90,"Bronze Scales":[223],"Art of War":[10],"Ginger":[5],"Orichalcum":[30],"Question Card":6,"MawBank":96,"obtain_stats":[{"Lantern":0,"Regal Pillow":0,"Calipers":0,"Happy Flower":54,"Golden Idol":0,"The Courier":0,"Ginger":46,"Orichalcum":0,"Question Card":0,"MawBank":45,"Burning Blood":0,"SlaversCollar":0,"DollysMirror":0,"Bronze Scales":0,"Art of War":0,"Red Mask":0,"Toxic Egg 2":0,"Runic Pyramid":0},{"Lantern":0,"Regal Pillow":0,"Calipers":0,"Happy Flower":6,"Golden Idol":0,"The Courier":0,"Ginger":2,"Orichalcum":0,"Question Card":0,"MawBank":1,"Burning Blood":0,"SlaversCollar":0,"DollysMirror":0,"Bronze Scales":0,"Art of War":0,"Red Mask":0,"Toxic Egg 2":0,"Runic Pyramid":0},{"Lantern":0,"Regal Pillow":0,"Calipers":0,"Happy Flower":44,"Golden Idol":0,"The Courier":0,"Ginger":13,"Orichalcum":0,"Question Card":0,"MawBank":7,"Burning Blood":0,"SlaversCollar":0,"DollysMirror":0,"Bronze Scales":0,"Art of War":0,"Red Mask":0,"Toxic Egg 2":0,"Runic Pyramid":0}],"Burning Blood":42},"card_choices":[{"not_picked":["Warcry+1","Power Through+1"],"picked":"Rampage","floor":1.0},{"not_picked":["Heavy Blade","Clothesline"],"picked":"Warcry+1","floor":2.0},{"not_picked":["Heavy Blade","Whirlwind"],"picked":"Armaments+1","floor":3.0},{"not_picked":["Thunderclap","Flex+1","Clothesline"],"picked":"SKIP","floor":4.0},{"not_picked":["Metallicize","Second Wind+1"],"picked":"Seeing Red+1","floor":6.0},{"not_picked":["Bloodletting+1","Thunderclap","Twin Strike"],"picked":"SKIP","floor":11.0},{"not_picked":["Bloodletting+1","Reckless Charge"],"picked":"Havoc+1","floor":14.0},{"not_picked":["Fiend Fire","Corruption"],"picked":"Juggernaut","floor":16.0},{"not_picked":["Bloodletting+1","Rupture","Blood for Blood"],"picked":"SKIP","floor":18.0},{"not_picked":["Iron Wave+1","Flame Barrier+1","Thunderclap"],"picked":"SKIP","floor":19.0},{"not_picked":["Armaments+1","Headbutt","Cleave"],"picked":"SKIP","floor":20.0},{"not_picked":["Whirlwind","Power Through+1","Armaments+1"],"picked":"SKIP","floor":22.0},{"not_picked":["Disarm+1","Barricade"],"picked":"Seeing Red+1","floor":23.0},{"not_picked":["Wild Strike","Pummel"],"picked":"Rage+1","floor":24.0},{"not_picked":["Perfected Strike","Rage+1","Bloodletting+1"],"picked":"SKIP","floor":27.0},{"not_picked":["Perfected Strike","Bloodletting+1"],"picked":"Rage+1","floor":27.0},{"not_picked":["Entrench+1","Perfected Strike"],"picked":"Seeing Red+1","floor":28.0},{"not_picked":["Perfected Strike","Shrug It Off+1","Rupture"],"picked":"SKIP","floor":29.0},{"not_picked":["Sentinel+1","Twin Strike"],"picked":"Feed","floor":30.0},{"not_picked":["Clash","Whirlwind+1","Perfected Strike+1","Clothesline"],"picked":"SKIP","floor":35.0},{"not_picked":["Armaments+1","Intimidate+1","True Grit+1","Clash+1"],"picked":"SKIP","floor":37.0},{"not_picked":["Dropkick+1","Iron Wave+1","Whirlwind","Pommel Strike+1"],"picked":"SKIP","floor":41.0},{"not_picked":["Cleave+1","Ghostly Armor+1","Pommel Strike+1","Limit Break+1"],"picked":"SKIP","floor":42.0},{"not_picked":["Twin Strike+1","Pummel","Flex+1"],"picked":"Havoc+1","floor":44.0},{"not_picked":["Clothesline","Intimidate+1","Rage+1"],"picked":"Shockwave+1","floor":45.0},{"not_picked":["Spot Weakness+1","Carnage","Dropkick+1"],"picked":"Battle Trance+1","floor":47.0},{"not_picked":["Flex+1","Dark Embrace","Heavy Blade+1"],"picked":"Shrug It Off+1","floor":48.0},{"not_picked":["Flex+1","Thunderclap+1","Wild Strike"],"picked":"True Grit+1","floor":54.0}],"player_experience":437185,"relics_obtained":[{"floor":6.0,"key":"The Courier"},{"floor":9.0,"key":"Art of War"},{"floor":14.0,"key":"Bronze Scales"},{"floor":23.0,"key":"Calipers"},{"floor":26.0,"key":"Lantern"},{"floor":30.0,"key":"Question Card"},{"floor":41.0,"key":"Orichalcum"},{"floor":43.0,"key":"Regal Pillow"},{"floor":45.0,"key":"MawBank"},{"floor":46.0,"key":"Ginger"},{"floor":54.0,"key":"Happy Flower"}],"event_choices":[{"damage_healed":0.0,"max_hp_gain":0.0,"max_hp_loss":0.0,"gold_gain":0.0,"event_name":"Golden Idol","player_choice":"Take Damage","floor":5.0,"gold_loss":0.0,"damage_taken":20.0,"relics_obtained":["Golden Idol"]},{"damage_healed":51.0,"max_hp_gain":0.0,"max_hp_loss":80.0,"gold_gain":0.0,"event_name":"betterThird:BetterShining","player_choice":"Embrace","floor":13.0,"gold_loss":0.0,"damage_taken":0.0},{"cards_removed":["Buffer"],"damage_healed":0.0,"max_hp_gain":0.0,"max_hp_loss":0.0,"gold_gain":0.0,"event_name":"betterNote:BetterNote","player_choice":"Take \u0026 Give","floor":21.0,"gold_loss":0.0,"damage_taken":0.0,"cards_obtained":["Buffer"]},{"damage_healed":0.0,"max_hp_gain":0.0,"max_hp_loss":0.0,"gold_gain":0.0,"event_name":"Tomb of Lord Red Mask","player_choice":"Paid","floor":39.0,"gold_loss":89.0,"damage_taken":0.0,"relics_obtained":["Red Mask"]},{"damage_healed":0.0,"max_hp_gain":0.0,"max_hp_loss":0.0,"gold_gain":0.0,"event_name":"Mysterious Sphere","player_choice":"Fight","floor":46.0,"gold_loss":0.0,"damage_taken":0.0}],"is_beta":false,"boss_relics":[{"not_picked":["Empty Cage","Runic Cube"],"picked":"Runic Pyramid"},{"not_picked":["Pandora\u0027s Box","Cursed Key"],"picked":"SlaversCollar"}],"items_purged_floors":[0,0,0,7,31,38],"is_endless":false,"potions_floor_spawned":[3,4,6,18,23,28,29,33,35,44,46],"ascension_level":8}}