{"host":"p4zwdb2o9iawjdqa","time":1611209607,"event":{"mods":["BaseMod","BetterRewards","Hubris","Minty Spire (QoL Compilation)","Replay The Spire","Shop Mod","StSLib","The Animator"],"gold_per_floor":[119,119,119,131,144,144,144],"floor_reached":6,"language":"ENG","playtime":384,"items_purged":[],"score":38,"play_id":"530862cf-1417-4a42-8b37-a5513b055769","local_time":"20210120221327","is_ascension_mode":true,"campfire_choices":[],"circlet_count":0,"master_deck":["animator:Strike_Konosuba","animator:Defend_Konosuba+1","animator:Strike","animator:Strike+1","animator:Defend","animator:Defend","animator:Defend","animator:Kazuma","animator:Aqua","animator:AcuraAkari","animator:Sebas","animator:Azekura","animator:TukaLunaMarceau"],"relics":["animator:LivingPicture","animator:TheMissingPiece","animator:PurgingStone","NeowsBlessing"],"acts_visited":["Exordium"],"potions_floor_usage":[],"damage_taken":[{"damage":0,"enemies":"Jaw Worm","floor":1,"turns":1},{"damage":0,"enemies":"Small Slimes","floor":4,"turns":1},{"damage":0,"enemies":"Cultist","floor":5,"turns":2},{"damage":2,"enemies":"Gremlin Nob","floor":6,"turns":3}],"seed_played":"-3640160396026541434","potions_obtained":[{"floor":4,"key":"Weak Potion"}],"is_trial":false,"path_per_floor":["M","?","?","M","M","E"],"character_chosen":"THE_ANIMATOR","items_purchased":[],"campfire_rested":0,"item_purchase_floors":[],"current_hp_per_floor":[66,53,53,53,55,55,55],"gold":144,"neow_bonus":"THREE_ENEMY_KILL","is_daily":false,"chose_seed":false,"campfire_upgraded":0,"win_rate":0.0,"timestamp":1611209607,"path_taken":["M","?","?","M","M","E"],"items_purchased_type":[],"build_version":"2020-12-22","purchased_purges":0,"victory":false,"max_hp_per_floor":[66,66,66,66,66,66,66],"card_choices":[{"not_picked":["animator:Demiurge","animator:Gillette"],"picked":"animator:AcuraAkari","floor":1},{"not_picked":["animator:Caster","animator:Spearman"],"picked":"animator:Azekura","floor":4},{"not_picked":["animator:Vanir","animator:Berserker"],"picked":"animator:TukaLunaMarceau","floor":5}],"player_experience":348883,"relics_obtained":[],"event_choices":[{"damage_healed":0,"gold_gain":0,"player_choice":"Entered Light","damage_taken":13,"max_hp_gain":0,"max_hp_loss":0,"event_name":"Shining Light","floor":2,"gold_loss":0,"cards_upgraded":["animator:Strike","animator:Defend_Konosuba"]},{"damage_healed":0,"gold_gain":0,"cards_transformed":["animator:Strike"],"player_choice":"Transformed","damage_taken":0,"max_hp_gain":0,"max_hp_loss":0,"event_name":"Transmorgrifier","floor":3,"gold_loss":0,"cards_obtained":["animator:Sebas"]}],"is_beta":false,"boss_relics":[],"items_purged_floors":[],"is_endless":false,"potions_floor_spawned":[4],"killed_by":"Gremlin Nob","ascension_level":1}}