{"host":"ipnf7ktf1pyxq9u3","time":1611265189,"event":{"mods":["Act Like it!","Aspiration","BaseMod","BetterRewards","Conspire","Downfall","Gremlin Mod","Hallownest","Hermit","Hubris","Infinite Spire","Lobotomy","Minty Spire (QoL Compilation)","Reworked Bosses","Shade Mod","Shop Mod","StSLib","The Bug Knight","The Construct","The Cursed","The Factory","The Forsaken","The Hierophant","The Jungle","The Necromancer"],"gold_per_floor":[99,99,99,99,99,109,135,170,70,70,55,67,87,105,118,213,213,13,26,37,56,41,41,68,68,68,168,168,168,168],"floor_reached":28,"language":"ENG","playtime":1484,"items_purged":[],"score":227,"play_id":"5181ee9d-230a-42df-bace-0933d46e6e5c","local_time":"20210122083949","is_ascension_mode":true,"campfire_choices":[{"floor":1,"key":"RECALL"},{"data":"bronze:BurnOut","floor":9,"key":"SMITH"},{"data":"bronze:Format","floor":18,"key":"SMITH"},{"data":"bronze:GetLatest","floor":26,"key":"SMITH"}],"circlet_count":0,"master_deck":["bronze:Strike","bronze:Strike","bronze:Defend","bronze:Defend","bronze:Defend","bronze:Defend","bronze:Replicate","bronze:Goto","bronze:WildBeam","bronze:CutThrough","bronze:GetLatest+1","bronze:BurnOut+1","Injury","bronze:Shield","bronze:ItsAFeature","bronze:BugBarrage+1","bronze:Format+1","bronze:ChildClass","bronze:NullPointer+1"],"relics":["bronze:BronzeCore","downfall:HeartsMalice","HollowMod:PaleOreRelic","Toy Ornithopter","downfall:HeartBlessingRed","Molten Egg 2","theForsaken:PaleLantern","downfall:HeartBlessingGreen","downfall:HeartBlessingBlue","aspiration:Lifesprig"],"acts_visited":["Exordium","TheCity"],"potions_floor_usage":[14,16],"damage_taken":[{"damage":0,"enemies":"2 Louse","floor":2,"turns":1},{"damage":0,"enemies":"Jaw Worm","floor":4,"turns":1},{"damage":0,"enemies":"Small Slimes","floor":5,"turns":1},{"damage":6,"enemies":"3 Louse","floor":6,"turns":2},{"damage":10,"enemies":"3 Sentries","floor":8,"turns":7},{"damage":5,"enemies":"downfall:FleeingMerchant","floor":11,"turns":4},{"damage":6,"enemies":"Exordium Thugs","floor":12,"turns":3},{"damage":6,"enemies":"Lots of Slimes","floor":13,"turns":4},{"damage":5,"enemies":"Large Slime","floor":14,"turns":6},{"damage":9,"enemies":"Exordium Thugs","floor":15,"turns":3},{"damage":21,"enemies":"SI_SHIV_ARCHETYPE","floor":16,"turns":7},{"damage":0,"enemies":"Spheric Guardian","floor":19,"turns":3},{"damage":16,"enemies":"Shell Parasite","floor":20,"turns":5},{"damage":27,"enemies":"Shelled Parasite and Fungi","floor":21,"turns":5},{"damage":0,"enemies":"downfall:FleeingMerchant","floor":22,"turns":4},{"damage":6,"enemies":"Centurion and Healer","floor":28,"turns":1}],"seed_played":"8268354890126025483","potions_obtained":[{"floor":12,"key":"EssenceOfSteel"},{"floor":13,"key":"Explosive Potion"},{"floor":14,"key":"bronze:CleanCodePotion"},{"floor":15,"key":"champ:CounterPotion"},{"floor":16,"key":"Swift Potion"}],"is_trial":false,"path_per_floor":["R","M","?","M","M","M","T","E","R","?","$","M","M","M","M","B",null,"R","M","M","M","$","?","T","?","R","?","M"],"character_chosen":"THE_AUTOMATON","items_purchased":[],"campfire_rested":0,"item_purchase_floors":[],"current_hp_per_floor":[70,70,70,70,70,64,64,54,54,54,49,43,37,37,28,12,70,80,80,64,37,37,37,37,37,37,37,31,31,31],"gold":168,"neow_bonus":"THREE_ENEMY_KILL","is_daily":false,"chose_seed":false,"campfire_upgraded":3,"win_rate":0.0,"timestamp":1611265189,"path_taken":["R","M","?","M","M","M","T","E","R","?","$","M","?","M","M","BOSS","R","M","M","M","$","?","T","?","R","?","M"],"items_purchased_type":[],"build_version":"2020-12-22","purchased_purges":0,"victory":false,"max_hp_per_floor":[70,70,70,70,70,70,70,70,70,70,70,70,70,70,70,70,70,80,80,80,80,80,80,80,80,80,80,80,80,80],"card_choices":[{"not_picked":["bronze:BronzeArmor","bronze:Constructor"],"picked":"bronze:WildBeam","floor":2},{"not_picked":["bronze:BitShift","bronze:WildBeam"],"picked":"bronze:CutThrough","floor":4},{"not_picked":["bronze:Shield","bronze:Turbo"],"picked":"bronze:GetLatest","floor":5},{"not_picked":["bronze:FineTuning","bronze:WhirlingStrike","bronze:Return"],"picked":"SKIP","floor":6},{"not_picked":["bronze:Invalidate","bronze:Overheat"],"picked":"bronze:BurnOut","floor":8},{"not_picked":["bronze:OilSpill+1","bronze:Constructor"],"picked":"bronze:Shield","floor":11},{"not_picked":["bronze:ChosenStrike+1","bronze:Iterate+1","bronze:NullPointer+1"],"picked":"SKIP","floor":12},{"not_picked":["bronze:DelayedSlice+1","bronze:Frontload"],"picked":"bronze:ItsAFeature","floor":13},{"not_picked":["bronze:Return","bronze:Repulsor"],"picked":"bronze:BugBarrage+1","floor":14},{"not_picked":["bronze:OilSpill+1","bronze:BitShift","bronze:Repulsor"],"picked":"SKIP","floor":15},{"not_picked":["bronze:SpaghettiCode","bronze:InfiniteLoop+1"],"picked":"bronze:Format","floor":16},{"not_picked":["bronze:FineTuning+1","bronze:DigitalCarnage+1","bronze:ForLoop"],"picked":"SKIP","floor":19},{"not_picked":["bronze:BitShift+1","bronze:FineTuning","bronze:Overheat+1"],"picked":"SKIP","floor":20},{"not_picked":["bronze:OilSpill+1","bronze:ForceShield+1","bronze:FineTuning"],"picked":"SKIP","floor":21},{"not_picked":["bronze:DelayedGuard","bronze:WildBeam+1","bronze:DigitalCarnage+1"],"picked":"SKIP","floor":22}],"player_experience":611390,"relics_obtained":[{"floor":3,"key":"HollowMod:PaleOreRelic"},{"floor":8,"key":"Toy Ornithopter"},{"floor":24,"key":"aspiration:Lifesprig"}],"event_choices":[{"damage_healed":0,"gold_gain":0,"cards_transformed":["bronze:Strike","bronze:Strike"],"player_choice":"Became Test Subject","damage_taken":0,"max_hp_gain":0,"max_hp_loss":0,"event_name":"Drug Dealer","floor":23,"gold_loss":0,"cards_obtained":["bronze:ChildClass","bronze:NullPointer"]}],"is_beta":false,"boss_relics":[{"not_picked":["Black Star","Pandora\u0027s Box"],"picked":"theForsaken:PaleLantern"}],"items_purged_floors":[],"is_endless":false,"potions_floor_spawned":[12,13,14,15,16,20],"killed_by":"Centurion and Healer","ascension_level":1}}