{"host":"Jinnai","time":1611209292,"event":{"mods":["BaseMod","Bestiary","Block Reminder","Colored Map","Colored Powertips","Highlight Path","Minty Spire (QoL Compilation)","Quick Restart","Relic Stats","StSLib"],"gold_per_floor":[119,119,181,198,248,278,291,38,38,38,64,75,135,163,163,241,241,255,255,255],"floor_reached":19,"language":"ENG","playtime":680,"items_purged":[],"score":369,"play_id":"442f31d8-4722-4f92-b059-339f57cb53ad","local_time":"20210121010812","is_ascension_mode":true,"campfire_choices":[{"data":"Conclude","floor":10,"key":"SMITH"},{"floor":15,"key":"REST"}],"circlet_count":0,"master_deck":["AscendersBane","Strike_P","Strike_P","Strike_P","Strike_P","Defend_P","Defend_P","Defend_P","Eruption","Vigilance","FlyingSleeves","SandsOfTime","Vengeance","CutThroughFate","Conclude+1","Adaptation","SpiritShield","Adaptation","JustLucky","TalkToTheHand","Blasphemy","SandsOfTime"],"relics":["HolyWater","NeowsBlessing","SsserpentHead","Toy Ornithopter","ClockworkSouvenir","Pantograph","Shovel","The Courier"],"acts_visited":["Exordium","TheCity"],"potions_floor_usage":[7,14],"damage_taken":[{"damage":0,"enemies":"2 Louse","floor":1,"turns":1},{"damage":0,"enemies":"Cultist","floor":3,"turns":1},{"damage":0,"enemies":"Jaw Worm","floor":4,"turns":1},{"damage":16,"enemies":"Gremlin Nob","floor":6,"turns":3},{"damage":4,"enemies":"Red Slaver","floor":7,"turns":2},{"damage":17,"enemies":"3 Sentries","floor":11,"turns":4},{"damage":1,"enemies":"3 Louse","floor":12,"turns":2},{"damage":9,"enemies":"Lots of Slimes","floor":13,"turns":3},{"damage":8,"enemies":"Gremlin Nob","floor":14,"turns":3},{"damage":31,"enemies":"Slime Boss","floor":16,"turns":5},{"damage":21,"enemies":"Chosen","floor":18,"turns":4},{"damage":41,"enemies":"3 Byrds","floor":19,"turns":4}],"seed_played":"4971296972512127407","potions_obtained":[{"floor":1,"key":"Energy Potion"},{"floor":4,"key":"StancePotion"},{"floor":11,"key":"Weak Potion"},{"floor":12,"key":"CultistPotion"}],"is_trial":false,"path_per_floor":["M","?","M","M","?","E","M","$","T","R","E","M","M","E","R","B",null,"M","M"],"character_chosen":"WATCHER","items_purchased":["Adaptation","ClockworkSouvenir"],"campfire_rested":1,"item_purchase_floors":[8,8],"current_hp_per_floor":[61,61,61,61,61,45,46,46,46,46,29,28,19,16,36,30,59,38,0,0],"gold":255,"neow_bonus":"THREE_ENEMY_KILL","is_daily":false,"chose_seed":false,"campfire_upgraded":1,"win_rate":0.0,"timestamp":1611209292,"path_taken":["M","?","?","M","?","E","M","$","T","R","E","M","?","E","R","BOSS","M","M"],"items_purchased_type":["Card","Relic"],"build_version":"2020-12-18","purchased_purges":0,"victory":false,"max_hp_per_floor":[68,68,68,68,68,68,68,68,68,68,68,68,68,68,68,68,68,68,68,68],"relic_stats":{"SsserpentHead":150,"Shovel":0,"counters":[12,33],"Pantograph":25,"obtain_stats":[{"SsserpentHead":2,"Shovel":11,"NeowsBlessing":0,"Pantograph":9,"HolyWater":17,"The Courier":14,"PureWater":0,"Toy Ornithopter":6,"ClockworkSouvenir":8},{"SsserpentHead":1,"Shovel":6,"NeowsBlessing":0,"Pantograph":5,"HolyWater":10,"The Courier":9,"PureWater":0,"Toy Ornithopter":4,"ClockworkSouvenir":5},{"SsserpentHead":1,"Shovel":12,"NeowsBlessing":0,"Pantograph":8,"HolyWater":25,"The Courier":20,"PureWater":0,"Toy Ornithopter":6,"ClockworkSouvenir":8}],"Toy Ornithopter":10},"card_choices":[{"not_picked":["Prostrate","Evaluate"],"picked":"FlyingSleeves","floor":1},{"not_picked":["Protect","EmptyBody"],"picked":"SandsOfTime","floor":3},{"not_picked":["Weave","ThirdEye"],"picked":"Vengeance","floor":4},{"not_picked":["MasterReality","Protect"],"picked":"CutThroughFate","floor":6},{"not_picked":["WheelKick","Protect"],"picked":"Conclude","floor":7},{"not_picked":["EmptyMind","FlurryOfBlows"],"picked":"SpiritShield","floor":11},{"not_picked":["WaveOfTheHand","Pray"],"picked":"Adaptation","floor":12},{"not_picked":["CrushJoints","EmptyBody"],"picked":"JustLucky","floor":13},{"not_picked":["MentalFortress","CarveReality"],"picked":"TalkToTheHand","floor":14},{"not_picked":["Brilliance","Alpha"],"picked":"Blasphemy","floor":16},{"not_picked":["Adaptation","SashWhip"],"picked":"SandsOfTime","floor":18}],"player_experience":1541051,"relics_obtained":[{"floor":6,"key":"Toy Ornithopter"},{"floor":9,"key":"Pantograph"},{"floor":11,"key":"Shovel"},{"floor":14,"key":"The Courier"}],"event_choices":[{"damage_healed":0,"gold_gain":0,"player_choice":"Trade","damage_taken":0,"relics_obtained":["SsserpentHead"],"max_hp_gain":0,"max_hp_loss":0,"event_name":"FaceTrader","floor":2,"gold_loss":0},{"cards_removed":["Defend_P"],"damage_healed":0,"gold_gain":0,"player_choice":"Purged","damage_taken":0,"max_hp_gain":0,"max_hp_loss":0,"event_name":"Purifier","floor":5,"gold_loss":0}],"is_beta":true,"boss_relics":[{"not_picked":["Busted Crown","Sozu"],"picked":"HolyWater"}],"items_purged_floors":[],"is_endless":false,"potions_floor_spawned":[1,4,11,12],"killed_by":"3 Byrds","ascension_level":19}}