{"host":"wppa8gky53tnknhf","time":1611199434,"event":{"mods":["AchievementEnabler","Act Like it!","BaseMod","Better Third Choice","BetterRewards","Card Forge","Colored Powertips","Energized Spire","Hubris","Infinite Spire","Marked Mod","Minty Spire (QoL Compilation)","Permanent Neow","Quick Restart","Rare Cards Sparkle","Relic Stats","Remove Card Discount Mod","Replay The Spire","Spikes Relics","Spire Birthday Party","StSLib","Wandering Minibosses"],"gold_per_floor":[112,131,131,150,166,166,199,199,199,212,244,145,160,180,180,279,279,298,318,337,356,356,387,403,420,420,265,265,300,319,516,516,618,618,637,651,736,736,736,736,804,890,890,960,1040,1138,1222,1326,1326,1326,1326,1326,1217,1328,1328,1328],"floor_reached":55,"language":"ENG","playtime":1524,"items_purged":[],"score":935,"play_id":"27a1eedc-87c1-4d76-b595-1390827f4602","local_time":"20210121032354","is_ascension_mode":true,"campfire_choices":[{"floor":6,"key":"RECALL"},{"floor":15,"key":"REST"},{"floor":28,"key":"REST"},{"data":"Disarm","floor":32,"key":"SMITH"},{"floor":40,"key":"REST"},{"floor":49,"key":"REST"},{"data":"Sword Boomerang","floor":52,"key":"SMITH"}],"circlet_count":0,"master_deck":["Strike_R+1","Strike_R+1","Strike_R+1","Strike_R+1","Strike_R+1","Defend_R+1","Defend_R+1","Defend_R+1","Defend_R+1","Bash+1","Immolate+1","Shrug It Off+1","Clash+1","Clash+1","Clash+1","Spot Weakness+1","Thunderclap+1","Cleave+1","Shrug It Off+1","Spot Weakness+1","Metallicize+1","Berserk+1","AbeCurse","Disarm+1","Heavy Blade+1","Body Slam+1","Heavy Blade+1","Bludgeon+1","Thunderclap+1","Limit Break+1","Twin Strike+1","Rage+1","Heavy Blade+1","Demon Form+1","Cleave+1","Sword Boomerang+1","Thunderclap+1","Metallicize+1","Heavy Blade+1","Entrench+1"],"relics":["Burning Blood","Hammer of Thor","Seething Fire","Anvil of the Gods","infinitespire:EmpoweringShard","Bird Faced Urn","infinitespire:Golems Mask","Abe\u0027s Treasure","infinitespire:WardingShard","Orichalcum","StoneCalendar","infinitespire:EvilPickle","infinitespire:FocusingShard","Mummified Hand","PreservedInsect","Pantograph"],"acts_visited":["Exordium","TheCity","TheBeyond","TheEnding"],"potions_floor_usage":[18,18,29,37,55,55,55],"damage_taken":[{"damage":0,"enemies":"Jaw Worm","floor":1,"turns":3},{"damage":0,"enemies":"Cultist","floor":2,"turns":2},{"damage":0,"enemies":"2 Louse","floor":4,"turns":2},{"damage":0,"enemies":"Lots of Slimes","floor":5,"turns":2},{"damage":6,"enemies":"Gremlin Nob","floor":7,"turns":3},{"damage":10,"enemies":"Exordium Thugs","floor":10,"turns":3},{"damage":11,"enemies":"3 Sentries","floor":11,"turns":2},{"damage":0,"enemies":"Blue Slaver","floor":13,"turns":1},{"damage":0,"enemies":"Gremlin Gang","floor":14,"turns":2},{"damage":18,"enemies":"Slime Boss","floor":16,"turns":9},{"damage":9,"enemies":"3 Byrds","floor":18,"turns":3},{"damage":0,"enemies":"Spheric Guardian","floor":19,"turns":3},{"damage":4,"enemies":"Snecko","floor":20,"turns":5},{"damage":2,"enemies":"Chosen and Byrds","floor":21,"turns":3},{"damage":5,"enemies":"Replay:Snechameleon","floor":23,"turns":4},{"damage":15,"enemies":"Snake Plant","floor":24,"turns":2},{"damage":6,"enemies":"3 Cultists","floor":25,"turns":3},{"damage":17,"enemies":"Gremlin Leader","floor":29,"turns":3},{"damage":6,"enemies":"Snecko","floor":30,"turns":3},{"damage":8,"enemies":"Cultist and Chosen","floor":31,"turns":5},{"damage":28,"enemies":"Pondfish","floor":33,"turns":4},{"damage":0,"enemies":"3 Darklings","floor":35,"turns":3},{"damage":7,"enemies":"3 Shapes","floor":36,"turns":4},{"damage":9,"enemies":"Sphere and 2 Shapes","floor":37,"turns":5},{"damage":2,"enemies":"3 Darklings","floor":41,"turns":3},{"damage":10,"enemies":"Reptomancer","floor":42,"turns":4},{"damage":14,"enemies":"Jaw Worm Horde","floor":44,"turns":3},{"damage":2,"enemies":"4 Shapes","floor":45,"turns":3},{"damage":12,"enemies":"Giant Head","floor":46,"turns":6},{"damage":17,"enemies":"Sphere and 2 Shapes","floor":47,"turns":4},{"damage":13,"enemies":"Reptomancer","floor":48,"turns":3},{"damage":23,"enemies":"Replay:Hell Engine","floor":50,"turns":7},{"damage":0,"enemies":"Shield and Spear","floor":54,"turns":2},{"damage":100,"enemies":"The Heart","floor":55,"turns":6}],"seed_played":"813307594736720694","potions_obtained":[{"floor":1,"key":"SkillPotion"},{"floor":3,"key":"CultistPotion"},{"floor":16,"key":"AttackPotion"},{"floor":18,"key":"Energy Potion"},{"floor":25,"key":"Milkshake"},{"floor":29,"key":"FearPotion"},{"floor":35,"key":"AttackPotion"},{"floor":37,"key":"ElixirPotion"},{"floor":44,"key":"HeartOfIron"},{"floor":46,"key":"Adrenaline Potion"}],"is_trial":false,"path_per_floor":["M","M","?","M","M","R","E","?","T","M","E","$","M","M","R","B",null,"M","M","M","M","?","E","M","M","T","$","R","E","M","M","R","B",null,"M","M","M","?","$","R","M","E","T","M","M","E","M","E","R","B",null,"R","$","E","B"],"character_chosen":"IRONCLAD","items_purchased":["Cleave","Shrug It Off","Orichalcum","Metallicize","Heavy Blade+1"],"campfire_rested":4,"item_purchase_floors":[12,12,27,53,53],"current_hp_per_floor":[80,80,80,80,80,80,80,80,80,76,71,71,77,80,80,68,80,77,80,80,80,80,80,71,73,73,73,80,69,71,73,73,53,80,80,79,80,80,80,80,80,78,78,72,78,76,67,62,80,64,80,80,80,80,0,0],"gold":1328,"neow_bonus":"THREE_RARE_CARDS","is_daily":false,"chose_seed":false,"campfire_upgraded":2,"win_rate":0.0,"timestamp":1611199434,"path_taken":["M","M","?","M","?","R","E","?","T","M","E","$","?","M","R","BOSS","M","M","M","M","?","E","M","M","T","?","R","E","M","M","R","BOSS","M","M","M","?","?","R","M","E","T","M","M","E","M","E","R","BOSS","R","$","E","BOSS"],"items_purchased_type":["Card","Card","Relic","Card","Card"],"build_version":"2020-12-22","purchased_purges":0,"victory":false,"max_hp_per_floor":[80,80,80,80,80,80,80,80,80,80,80,80,80,80,80,80,80,80,80,80,80,80,80,80,80,80,80,80,80,80,80,80,80,80,80,80,80,80,80,80,80,80,80,80,80,80,80,80,80,80,80,80,80,80,80,80],"relic_stats":{"counters":[34,120],"Mummified Hand":[16],"Bird Faced Urn":[30],"Pantograph":0,"StoneCalendar":[0],"PreservedInsect":125,"Orichalcum":[168],"obtain_stats":[{"StoneCalendar":29,"Hammer of Thor":0,"infinitespire:FocusingShard":42,"PreservedInsect":46,"Seething Fire":0,"Orichalcum":27,"Burning Blood":0,"infinitespire:EvilPickle":39,"infinitespire:WardingShard":26,"Anvil of the Gods":0,"Mummified Hand":43,"Bird Faced Urn":8,"Pantograph":48,"infinitespire:Golems Mask":11,"infinitespire:EmpoweringShard":7,"Abe\u0027s Treasure":17},{"StoneCalendar":18,"Hammer of Thor":0,"infinitespire:FocusingShard":26,"PreservedInsect":29,"Seething Fire":0,"Orichalcum":17,"Burning Blood":0,"infinitespire:EvilPickle":24,"infinitespire:WardingShard":17,"Anvil of the Gods":0,"Mummified Hand":26,"Bird Faced Urn":5,"Pantograph":31,"infinitespire:Golems Mask":7,"infinitespire:EmpoweringShard":5,"Abe\u0027s Treasure":10},{"StoneCalendar":55,"Hammer of Thor":0,"infinitespire:FocusingShard":86,"PreservedInsect":98,"Seething Fire":0,"Orichalcum":52,"Burning Blood":0,"infinitespire:EvilPickle":79,"infinitespire:WardingShard":52,"Anvil of the Gods":0,"Mummified Hand":86,"Bird Faced Urn":12,"Pantograph":105,"infinitespire:Golems Mask":17,"infinitespire:EmpoweringShard":12,"Abe\u0027s Treasure":29}],"Burning Blood":145},"card_choices":[{"not_picked":["Demonic Infusion","Fiend Fire"],"picked":"Immolate","floor":0},{"not_picked":["Sword Boomerang","Replay:Undeath\u0027s Touch","Flex"],"picked":"SKIP","floor":1},{"not_picked":["Twin Strike","Anger"],"picked":"Shrug It Off","floor":2},{"not_picked":["hubris:ReadiedAction","ReplayReversal"],"picked":"Clash","floor":4},{"not_picked":["Sever Soul","Sword Boomerang"],"picked":"Clash","floor":5},{"not_picked":["ReplayReversal","Sever Soul"],"picked":"Clash","floor":7},{"not_picked":["Eclipse","Clothesline"],"picked":"Spot Weakness","floor":10},{"not_picked":["Wild Strike","Body Slam"],"picked":"Thunderclap","floor":11},{"not_picked":["Warcry","hubris:ReadiedAction"],"picked":"Spot Weakness","floor":13},{"not_picked":["Life Link","Clothesline"],"picked":"Metallicize","floor":14},{"not_picked":["Feed","Exhume"],"picked":"Berserk","floor":16},{"not_picked":["Sword Boomerang","Havoc"],"picked":"Disarm","floor":18},{"not_picked":["Run Through","hubris:ReadiedAction","Flex"],"picked":"SKIP","floor":19},{"not_picked":["Abandon+1","Armaments","ReplayTheSpireMod:Stacked"],"picked":"SKIP","floor":20},{"not_picked":["Pommel Strike","Hemokinesis+1","Clothesline"],"picked":"SKIP","floor":21},{"not_picked":["ReplayTheSpireMod:LeadingStrike+1","Offering"],"picked":"Heavy Blade","floor":23},{"not_picked":["Perfected Strike","Anger"],"picked":"Body Slam+1","floor":24},{"not_picked":["ReplayTheSpireMod:Muscle Training+1","Sword Boomerang"],"picked":"Heavy Blade","floor":25},{"not_picked":["hubris:CleavingFinish+1","Replay:Undeath\u0027s Touch+1"],"picked":"Bludgeon","floor":29},{"not_picked":["Perfected Strike","Pommel Strike"],"picked":"Thunderclap","floor":30},{"not_picked":["True Grit","Shrug It Off","Flex"],"picked":"SKIP","floor":31},{"not_picked":["Fiend Fire","Double Tap"],"picked":"Limit Break","floor":33},{"not_picked":["Armaments+1","Wild Strike"],"picked":"Twin Strike+1","floor":35},{"not_picked":["ReplayTheSpireMod:Strike From Hell","Armaments+1"],"picked":"Rage+1","floor":36},{"not_picked":["ReplayTheSpireMod:Strike From Hell+1","Shrug It Off+1"],"picked":"Heavy Blade","floor":37},{"not_picked":["Whirlwind","hubris:CleavingFinish+1"],"picked":"Cleave+1","floor":41},{"not_picked":["Abandon+1","Intimidate","Rampage+1"],"picked":"SKIP","floor":42},{"not_picked":["Absolvement+1","Seeing Red","Run Through"],"picked":"SKIP","floor":44},{"not_picked":["Hemokinesis+1","Perfected Strike","Corruption"],"picked":"SKIP","floor":45},{"not_picked":["Flex+1","Dropkick","Anger+1"],"picked":"SKIP","floor":46},{"not_picked":["Armaments+1","Clash+1"],"picked":"Sword Boomerang","floor":47},{"not_picked":["Massacre+1","Demonic Infusion"],"picked":"Thunderclap+1","floor":48},{"not_picked":["Havoc","Feel No Pain+1"],"picked":"Entrench","floor":54}],"player_experience":695010,"relics_obtained":[{"floor":7,"key":"infinitespire:EmpoweringShard"},{"floor":8,"key":"Bird Faced Urn"},{"floor":11,"key":"infinitespire:Golems Mask"},{"floor":26,"key":"infinitespire:WardingShard"},{"floor":29,"key":"StoneCalendar"},{"floor":42,"key":"infinitespire:FocusingShard"},{"floor":43,"key":"Mummified Hand"},{"floor":46,"key":"PreservedInsect"},{"floor":48,"key":"Pantograph"}],"event_choices":[{"damage_healed":0,"gold_gain":0,"player_choice":"Got Potions","damage_taken":0,"max_hp_gain":0,"max_hp_loss":0,"event_name":"Lab","floor":3,"gold_loss":0},{"damage_healed":0,"gold_gain":0,"player_choice":"Relic","damage_taken":0,"max_hp_gain":0,"max_hp_loss":0,"event_name":"Wheel of Change","floor":8,"gold_loss":0},{"damage_healed":0,"gold_gain":0,"player_choice":"Ignored","damage_taken":0,"max_hp_gain":0,"max_hp_loss":0,"event_name":"N\u0027loth","floor":22,"gold_loss":0},{"damage_healed":0,"gold_gain":0,"player_choice":"1 cards matched","damage_taken":0,"max_hp_gain":0,"max_hp_loss":0,"event_name":"Match and Keep!","floor":38,"gold_loss":0,"cards_obtained":["Demon Form"]}],"is_beta":false,"boss_relics":[{"not_picked":["energizedSpire:TabascoSauce","Replay:Ancient Bell"],"picked":"Abe\u0027s Treasure"},{"not_picked":["Pandora\u0027s Box","Electric Blood","Mark of Pain"]}],"items_purged_floors":[],"is_endless":false,"potions_floor_spawned":[1,14,16,18,20,23,25,29,35,36,37,42,44,46,54],"killed_by":"The Heart","ascension_level":1}}