{"host":"n7mxhpjy89lltbhc","time":1611245842,"event":{"mods":["2.2 Compatiblity","Act Like it!","BaseMod","Better Match","Better Sensory Stone","Better Synergies","BetterRewards","Colored Map","Colored Powertips","Downfall","Exacting","Gensokyo","Infinite Spire","Jedi Mod","Marisa????????","Minty Spire (QoL Compilation)","Permanent Neow","Rare Cards Sparkle","Relic Stats","Shop Mod","Small Relic Pack","Spicy Shops","Spire Arcade","StSLib","The Blue Laboratory","The Servant 0.9.4","Waifu the Spire","Wandering Minibosses"],"gold_per_floor":[99,61,61,61,77,92,116,149,49,82,107,164,164,199,215,215,215,215],"floor_reached":16,"language":"ENG","playtime":592,"items_purged":[],"score":138,"play_id":"db867dd8-d32e-4596-a6b6-b1b17734add1","local_time":"25640121231722","is_ascension_mode":true,"campfire_choices":[{"floor":1,"key":"RECALL"},{"data":"champ:FancyFootwork","floor":9,"key":"SMITH"},{"data":"champ:FanOfKnives","floor":13,"key":"SMITH"}],"circlet_count":0,"master_deck":["champ:Strike+1","champ:Strike","champ:Strike","champ:Strike+1","champ:Defend","champ:Defend","champ:Defend+1","champ:Defend","champ:Execute","champ:Taunt","champ:BringItOn+1","champ:CrownThrow","champ:BerserkerStyle","champ:ShieldWall","champ:FancyFootwork+1","champ:FanOfKnives+1","champ:Devastate"],"relics":["champ:ChampionCrown","Unceasing Top","champ:DefensiveTrainingManual","War Paint","downfall:HeartBlessingRed","Whetstone","Dead Branch"],"acts_visited":["Exordium"],"potions_floor_usage":[8,14],"damage_taken":[{"damage":10,"enemies":"downfall:FleeingMerchant","floor":2,"turns":4},{"damage":10,"enemies":"Cultist","floor":5,"turns":4},{"damage":19,"enemies":"Jaw Worm","floor":6,"turns":4},{"damage":45,"enemies":"Lagavulin","floor":8,"turns":6},{"damage":10,"enemies":"2 Louse","floor":10,"turns":2},{"damage":37,"enemies":"Lots of Slimes","floor":12,"turns":5},{"damage":42,"enemies":"Gremlin Nob","floor":14,"turns":4},{"damage":10,"enemies":"2 Fungi Beasts","floor":15,"turns":2},{"damage":25,"enemies":"IC_STATUS_ARCHETYPE","floor":16,"turns":4}],"seed_played":"969488859716526366","potions_obtained":[{"floor":4,"key":"infinitespire:BlackPotion"},{"floor":4,"key":"CultistPotion"},{"floor":4,"key":"jedi:mysterypotion"},{"floor":6,"key":"champ:UltimateStancePotion"}],"is_trial":false,"path_per_floor":["R","$","?","?","M","M","T","E","R","M","T","M","R","E","M","B"],"character_chosen":"THE_CHAMP","items_purchased":["champ:CrownThrow"],"campfire_rested":0,"item_purchase_floors":[2],"current_hp_per_floor":[81,81,86,86,86,84,84,66,66,66,66,46,46,14,14,0,0,0],"gold":215,"neow_bonus":"ONE_RARE_RELIC","is_daily":false,"chose_seed":false,"campfire_upgraded":2,"win_rate":0.0,"timestamp":1611245842,"path_taken":["R","$","?","?","?","M","T","E","R","?","?","M","R","E","M","BOSS"],"items_purchased_type":["Card"],"build_version":"2020-12-22","purchased_purges":0,"victory":false,"max_hp_per_floor":[81,81,86,86,86,86,86,86,86,86,86,86,86,86,86,86,86,86],"relic_stats":{"counters":[9,35],"Dead Branch":[1],"Whetstone":["champ:Strike","champ:Strike"],"War Paint":["champ:Defend","champ:BringItOn"],"obtain_stats":[{"downfall:HeartBlessingRed":9,"champ:DefensiveTrainingManual":7,"Dead Branch":14,"champ:ChampionCrown":0,"Whetstone":11,"War Paint":8,"Unceasing Top":0},{"downfall:HeartBlessingRed":4,"champ:DefensiveTrainingManual":3,"Dead Branch":7,"champ:ChampionCrown":0,"Whetstone":5,"War Paint":4,"Unceasing Top":0},{"downfall:HeartBlessingRed":18,"champ:DefensiveTrainingManual":12,"Dead Branch":29,"champ:ChampionCrown":0,"Whetstone":20,"War Paint":18,"Unceasing Top":0}],"Unceasing Top":[0]},"card_choices":[{"not_picked":["champ:ShieldSigil","champ:EnGarde"],"picked":"champ:BringItOn","floor":2},{"not_picked":["champ:DeathBlow","champ:Duel"],"picked":"champ:BerserkerStyle","floor":5},{"not_picked":["champ:Shatter","champ:SkillfulDodge"],"picked":"champ:ShieldWall","floor":6},{"not_picked":["champ:TornadoPunch","champ:DefensiveStyle"],"picked":"champ:FancyFootwork","floor":8},{"not_picked":["champ:EnGarde","champ:StanceDance"],"picked":"champ:FanOfKnives","floor":10},{"not_picked":["champ:PreciseThrust","champ:TornadoPunch","champ:BringItOn"],"picked":"SKIP","floor":12},{"not_picked":["champ:TornadoPunch","champ:PreciseThrust"],"picked":"champ:Devastate","floor":14},{"not_picked":["champ:RapidStrikes","champ:SetATrap","champ:DeathBlow"],"picked":"SKIP","floor":15}],"player_experience":1011725,"relics_obtained":[{"floor":7,"key":"champ:DefensiveTrainingManual"},{"floor":8,"key":"War Paint"},{"floor":11,"key":"Whetstone"},{"floor":14,"key":"Dead Branch"}],"event_choices":[{"damage_healed":0,"gold_gain":0,"player_choice":"Donut","damage_taken":0,"max_hp_gain":5,"max_hp_loss":0,"event_name":"Big Fish","floor":3,"gold_loss":0},{"damage_healed":0,"gold_gain":0,"player_choice":"Got Potions","damage_taken":0,"max_hp_gain":0,"max_hp_loss":0,"event_name":"Lab","floor":4,"gold_loss":0}],"is_beta":false,"boss_relics":[],"items_purged_floors":[],"is_endless":false,"potions_floor_spawned":[5,6],"killed_by":"IC_STATUS_ARCHETYPE","ascension_level":5}}