{"host":"ydb2tj77qwtn71sy","time":1611217320,"event":{"mods":["2.2 Compatiblity","AchievementEnabler","Aspiration","BaseMod","Bestiary","Better Note","Better Skull","Better Third Choice","BetterRewards","Colored Map","Colored Powertips","Conspire","DeckTracker","Displayed Cursed Tome","Infinite Spire","Lobotomy","Minty Spire (QoL Compilation)","Relic Stats","Replay The Spire","Spicy Shops","StSLib","The Blue Laboratory","Uncapped"],"gold_per_floor":[112,122,141,156,156,191,191,208,234,234,265,277,288,306,406,504,504,518,538,320,333,347,373,373,415,493,553,586,586,615,615,615,748,748,788,258,292,292,292,344,386,442,467,467,511,31,31,94,94,126,126],"floor_reached":50,"language":"ENG","playtime":2664,"items_purged":[],"score":1435,"play_id":"c56d8b8e-ba5f-4498-8c65-4622aeaf808c","local_time":"20210121172200","is_ascension_mode":true,"campfire_choices":[{"data":"Pot Of Greed","floor":7,"key":"SMITH"},{"data":"Pot Of Greed","floor":10,"key":"SMITH"},{"floor":24,"key":"REST"},{"floor":29,"key":"REST"},{"floor":32,"key":"REST"},{"floor":44,"key":"REST"},{"floor":49,"key":"REST"}],"circlet_count":0,"master_deck":["AscendersBane","Defend_G","Defend_G","Defend_G+1","Defend_G","Defend_G","Survivor","Neutralize","Masterful Stab","Blade Dance","Acrobatics","Endless Agony+1","ReplayTheSpireMod:Private Reserves+1","Fluid Movement","Backstab+1","Infinite Blades","Sucker Punch","Deflect","Die Die Die","Pot Of Greed","Pot Of Greed+1","Pot Of Greed+1","Deflect","Accuracy","Flying Knee","Toxin Wave","Backflip","Glass Knife","Endless Agony+1","Slice","Tactician","After Image","Endless Agony","All Out Attack","Pot Of Greed+1","Blade Dance","Blur+1","Bane","Outmaneuver","Accuracy","Bite","Bite","Bite","Bite+1","Bite","Accuracy","Phantasmal Killer","Pot Of Greed","Deflect+1","A Thousand Cuts","Doubt","Prepared","Dagger Spray+1","Prepared+1","Outmaneuver+1","Cloak And Dagger","Prepared","Terror","Heel Hook+1","Cloak And Dagger+1","Pot Of Greed"],"relics":["Ring of the Snake","Ornamental Fan","Letter Opener","Paper Crane","Nunchaku","Bag of Marbles","Whetstone","Grinning Jar","Boot","conspire:DecoderRing","infinitespire:Cupcake","Dream Catcher","Gremlin Food","Replay:Bandana","aspiration:HummingbirdHeart","Vajra","HoveringKite","aspiration:HatOfInfinitePower","ReplayTheSpireMod:Shallot","Juzu Bracelet","Mercury Hourglass","ReplayTheSpireMod:Lightbulb","Strawberry","Pantograph","ReplayTheSpireMod:TigerMarble"],"acts_visited":["Exordium","TheCity","TheBeyond"],"potions_floor_usage":[33,33,40,42,42],"damage_taken":[{"damage":0,"enemies":"Jaw Worm","floor":1,"turns":1},{"damage":0,"enemies":"conspire:RoseBush","floor":2,"turns":1},{"damage":0,"enemies":"2 Louse","floor":3,"turns":1},{"damage":0,"enemies":"Looter","floor":4,"turns":1},{"damage":0,"enemies":"3 Sentries","floor":6,"turns":5},{"damage":0,"enemies":"Blue Slaver","floor":8,"turns":1},{"damage":0,"enemies":"Gremlin Nob","floor":11,"turns":2},{"damage":0,"enemies":"2 Fungi Beasts","floor":12,"turns":1},{"damage":0,"enemies":"Large Slime","floor":13,"turns":2},{"damage":0,"enemies":"Red Slaver","floor":14,"turns":1},{"damage":32,"enemies":"Fading Forest","floor":16,"turns":11},{"damage":0,"enemies":"conspire:FuzzyDice","floor":18,"turns":2},{"damage":5,"enemies":"3 Byrds","floor":19,"turns":3},{"damage":9,"enemies":"Snecko","floor":21,"turns":3},{"damage":0,"enemies":"Cultist and Chosen","floor":22,"turns":3},{"damage":6,"enemies":"Book of Stabbing","floor":23,"turns":5},{"damage":0,"enemies":"Snake Plant","floor":25,"turns":3},{"damage":0,"enemies":"conspire:Head Lice","floor":27,"turns":3},{"damage":0,"enemies":"Centurion and Healer","floor":28,"turns":4},{"damage":6,"enemies":"Snecko","floor":30,"turns":5},{"damage":18,"enemies":"Champ","floor":33,"turns":11},{"damage":0,"enemies":"3 Darklings","floor":35,"turns":2},{"damage":0,"enemies":"Orb Walker","floor":37,"turns":2},{"damage":15,"enemies":"Nemesis","floor":40,"turns":5},{"damage":24,"enemies":"Transient","floor":41,"turns":5},{"damage":32,"enemies":"Giant Head","floor":42,"turns":6},{"damage":0,"enemies":"3 Darklings","floor":45,"turns":2},{"damage":5,"enemies":"Reptomancer","floor":48,"turns":4},{"damage":107,"enemies":"Time Eater","floor":50,"turns":8}],"seed_played":"1588525606143816239","potions_obtained":[{"floor":4,"key":"PowerPotion"},{"floor":8,"key":"PowerPotion"},{"floor":33,"key":"SteroidPotion"},{"floor":37,"key":"Block Potion"},{"floor":40,"key":"Ancient Potion"},{"floor":41,"key":"SkillPotion"}],"is_trial":false,"path_per_floor":["M","M","M","M","?","E","R","M","T","R","E","M","M","M","R_BF","B",null,"M","M","$","M","M","E","R","M","T","E","M","R","M","?","R","B",null,"M","$","M","?","?","E","M","E","T","R","M","$","?","E","R","B"],"character_chosen":"THE_SILENT","items_purchased":["Ornamental Fan","Blood Vial","Masterful Stab","Blade Dance","Acrobatics","Endless Agony","Letter Opener","Paper Crane","ReplayTheSpireMod:Private Reserves","Fluid Movement","Backstab","Infinite Blades","Nunchaku","Bag of Marbles","Whetstone","Dream Catcher","Gremlin Food","A Thousand Cuts","aspiration:HatOfInfinitePower","ReplayTheSpireMod:Shallot","Terror","Strawberry","Pantograph"],"campfire_rested":5,"item_purchase_floors":[0,0,0,0,0,0,0,0,0,0,0,0,0,0,0,20,20,36,36,36,46,46,46],"current_hp_per_floor":[65,67,69,70,70,70,70,70,70,70,70,70,70,70,70,38,62,64,61,61,54,56,52,70,70,70,70,70,70,64,64,70,59,67,67,67,69,69,69,63,45,21,21,42,42,49,49,50,73,0,0],"gold":126,"neow_bonus":"","is_daily":false,"chose_seed":false,"campfire_upgraded":2,"win_rate":0.0,"timestamp":1611217320,"path_taken":["M","M","M","M","?","E","R","M","T","R","E","M","M","M","R_BF","BOSS","M","M","$","M","M","E","R","M","T","E","M","R","M","?","R","BOSS","M","$","M","?","?","E","M","E","T","R","M","$","?","E","R","BOSS"],"items_purchased_type":["Relic","Relic","Card","Card","Card","Card","Relic","Relic","Card","Card","Card","Card","Relic","Relic","Relic","Relic","Relic","Card","Relic","Relic","Card","Relic","Relic"],"build_version":"2020-12-22","purchased_purges":0,"victory":false,"max_hp_per_floor":[70,70,70,70,70,70,70,70,70,70,70,70,70,70,70,70,70,70,70,70,70,70,70,70,70,70,70,70,70,70,70,70,70,70,70,70,70,70,70,70,70,70,70,70,70,77,77,77,77,77,77],"relic_stats":{"counters":[342,1236],"HoveringKite":[13],"Juzu Bracelet":0,"Letter Opener":[341],"Whetstone":["Finisher","Strike_G","Strike_G","Backstab"],"Boot":[88],"Mercury Hourglass":[67],"Nunchaku":[41],"Dream Catcher":5,"Ornamental Fan":[420],"Pantograph":4,"obtain_stats":[{"TwistedFunnel":0,"infinitespire:BottledMercury":9,"Golden Egg":45,"aspiration:SneckoTail":108,"Spirit Poop":20,"Whetstone":44,"Sling":0,"Boot":9,"Old Coin":7,"Blood Vial":0,"Replay:Ringing Soul":0,"infinitespire:ShieldingShard":26,"MealTicket":9,"infinitespire:Golems Mask":0,"Fusion Hammer":17,"HandDrill":0,"Replay:Bottled Flurry":23,"Kunai":38,"Replay:Wax Seal":0,"Replay:Bottled Steam":78,"aspiration:StickyExplosives":47,"Pear":142,"Blue Candle":40,"ReplayTheSpireMod:Ring of Addiction":5,"Eternal Feather":6,"Tingsha":30,"ReplayTheSpireMod:SealedPack":17,"Pen Nib":26,"Replay:Ancient Bell":85,"Paper Crane":0,"aspiration:IroncladSkillbook":17,"SlaversCollar":17,"infinitespire:Broken Mirror":24,"conspire:BottledYoYo":147,"infinitespire:PuzzleCube":23,"Ring of the Serpent":153,"conspire:Flyswatter":81,"infinitespire:Cupcake":17,"Lantern":0,"Torii":0,"Singing Bowl":128,"Blue Doll":9,"StoneCalendar":95,"Replay:Multitool":45,"Bag of Preparation":28,"Cursed Key":21,"Ancient Tea Set":14,"Burning Blood":21,"conspire:InfiniteJournal":6,"Matryoshka":26,"Ring of Fangs":5,"WristBlade":17,"infinitespire:Bottled Soul":93,"aspiration:AnachronicSnailShell":26,"infinitespire:Eraser":40,"Replay:Bottled Eggs":43,"InkBottle":0,"Ring of the Snake":0,"aspiration:VileToxins":8,"Potion Belt":8,"Lee\u0027s Waffle":0,"Replay:M_StaffOfTheSnake":24,"Basket Of Snakes":0,"conspire:RunicOctahedron":119,"Thread and Needle":0,"PreservedInsect":24,"infinitespire:Joker Card":27,"The Courier":9,"Omamori":48,"infinitespire:Lucky Rock":9,"infinitespire:CheckeredPen":43,"MawBank":41,"Busted Crown":17,"Ornamental Fan":0,"Turnip":42,"Ectoplasm":17,"Art of War":23,"Garlic":31,"Bottled Lightning":114,"conspire:DeflatedDodgeball":21,"ReplayTheSpireMod:Lightbulb":26,"Toy Ornithopter":43,"Ice Cream":46,"Divine Protection":43,"Calipers":85,"Gremlin Horn":85,"conspire:RoyalGoblet":34,"Vajra":0,"HoveringKite":34,"conspire:SeveredTorchhead":34,"Sozu":17,"Centennial Puzzle":47,"HornCleat":3,"DollysMirror":0,"Strawberry":11,"conspire:DecoderRing":112,"Philosopher\u0027s Stone":68,"Iron Hammer":77,"Toxic Egg 2":4,"conspire:Dentures":129,"Happy Flower":5,"aspiration:Nostalgia":24,"infinitespire:Beetle Shell":111,"Letter Opener":9,"War Paint":95,"aspiration:HiddenCompartment":12,"Du-Vu Doll":0,"Replay:Baseball":0,"conspire:GiftBox":47,"Bottled Flame":26,"ReplayTheSpireMod:Shallot":36,"Bronze Scales":44,"Onion Ring":24,"Simple Rune":0,"Molten Egg 2":0,"infinitespire:EmpoweringShard":25,"Black Star":51,"ReplayTheSpireMod:TigerMarble":144,"Grinning Jar":6,"Mirror":0,"aspiration:HatOfInfinitePower":78,"Darkstone Periapt":26,"ReplayFunnel":144,"Replay:PocketPolymizer":24,"SacredBark":34,"conspire:SpecialSausage":34,"aspiration:TomeofQuesting":9,"Snake Skull":155,"Juzu Bracelet":25,"Incense Burner":0,"Replay:Mystery Machine":81,"PrismaticShard":29,"conspire:TopHat":43,"ClockworkSouvenir":38,"Nunchaku":14,"Replay:Bandana":23,"Dream Catcher":20,"TheAbacus":20,"Mummified Hand":43,"Pantograph":28,"Runic Pyramid":34,"Gremlin Food":20,"BargainBundle":0,"ReplayTheSpireMod:Ninjato":0,"Replay:Towering Pillar of Hats":8,"aspiration:FetidBarrel":43,"infinitespire:CursedDice":37,"Quantum Egg":74,"Replay:WaspNest":29,"infinitespire:FocusingShard":47,"aspiration:HummingbirdHeart":28,"Orichalcum":44,"White Beast Statue":5,"Mercury Hourglass":48,"Peace Pipe":74,"CaptainsWheel":13,"Anchor":0,"infinitespire:WardingShard":57,"infinitespire:Satchel":21,"ChewingGum":102,"Snack Pack":0,"Coffee Dripper":17,"Bag of Marbles":0,"Membership Card":24,"FossilizedHelix":31},{"TwistedFunnel":46,"infinitespire:BottledMercury":52,"Golden Egg":96,"aspiration:SneckoTail":254,"Spirit Poop":17,"Whetstone":125,"Sling":34,"Boot":319,"Old Coin":193,"Blood Vial":313,"Replay:Ringing Soul":283,"infinitespire:ShieldingShard":61,"MealTicket":5,"infinitespire:Golems Mask":283,"Fusion Hammer":137,"HandDrill":99,"Replay:Bottled Flurry":203,"Kunai":94,"Replay:Wax Seal":34,"Replay:Bottled Steam":236,"aspiration:StickyExplosives":71,"Pear":275,"Blue Candle":95,"ReplayTheSpireMod:Ring of Addiction":286,"Eternal Feather":10,"Tingsha":143,"ReplayTheSpireMod:SealedPack":15,"Pen Nib":173,"Replay:Ancient Bell":239,"Paper Crane":99,"aspiration:IroncladSkillbook":108,"SlaversCollar":83,"infinitespire:Broken Mirror":141,"conspire:BottledYoYo":277,"infinitespire:PuzzleCube":114,"Ring of the Serpent":281,"conspire:Flyswatter":238,"infinitespire:Cupcake":324,"Lantern":6,"Torii":73,"Singing Bowl":266,"Blue Doll":11,"StoneCalendar":245,"Replay:Multitool":71,"Bag of Preparation":175,"Cursed Key":17,"Ancient Tea Set":82,"Burning Blood":201,"conspire:InfiniteJournal":132,"Matryoshka":20,"Ring of Fangs":286,"WristBlade":56,"infinitespire:Bottled Soul":244,"aspiration:AnachronicSnailShell":205,"infinitespire:Eraser":69,"Replay:Bottled Eggs":95,"InkBottle":283,"Ring of the Snake":0,"aspiration:VileToxins":52,"Potion Belt":163,"Lee\u0027s Waffle":73,"Replay:M_StaffOfTheSnake":60,"Basket Of Snakes":73,"conspire:RunicOctahedron":259,"Thread and Needle":283,"PreservedInsect":60,"infinitespire:Joker Card":116,"The Courier":133,"Omamori":72,"infinitespire:Lucky Rock":105,"infinitespire:CheckeredPen":213,"MawBank":183,"Busted Crown":43,"Ornamental Fan":188,"Turnip":153,"Ectoplasm":167,"Art of War":141,"Garlic":176,"Bottled Lightning":257,"conspire:DeflatedDodgeball":201,"ReplayTheSpireMod:Lightbulb":142,"Toy Ornithopter":124,"Ice Cream":33,"Divine Protection":31,"Calipers":239,"Gremlin Horn":239,"conspire:RoyalGoblet":302,"Vajra":73,"HoveringKite":334,"conspire:SeveredTorchhead":119,"Sozu":198,"Centennial Puzzle":97,"HornCleat":1,"DollysMirror":157,"Strawberry":53,"conspire:DecoderRing":256,"Philosopher\u0027s Stone":229,"Iron Hammer":235,"Toxic Egg 2":8,"conspire:Dentures":267,"Happy Flower":50,"aspiration:Nostalgia":60,"infinitespire:Beetle Shell":255,"Letter Opener":79,"War Paint":245,"aspiration:HiddenCompartment":135,"Du-Vu Doll":283,"Replay:Baseball":128,"conspire:GiftBox":217,"Bottled Flame":297,"ReplayTheSpireMod:Shallot":335,"Bronze Scales":154,"Onion Ring":60,"Simple Rune":73,"Molten Egg 2":99,"infinitespire:EmpoweringShard":205,"Black Star":219,"ReplayTheSpireMod:TigerMarble":276,"Grinning Jar":318,"Mirror":34,"aspiration:HatOfInfinitePower":236,"Darkstone Periapt":88,"ReplayFunnel":276,"Replay:PocketPolymizer":19,"SacredBark":92,"conspire:SpecialSausage":25,"aspiration:TomeofQuesting":41,"Snake Skull":281,"Juzu Bracelet":88,"Incense Burner":188,"Replay:Mystery Machine":238,"PrismaticShard":62,"conspire:TopHat":31,"ClockworkSouvenir":94,"Nunchaku":14,"Replay:Bandana":60,"Dream Catcher":326,"TheAbacus":84,"Mummified Hand":308,"Pantograph":116,"Runic Pyramid":145,"Gremlin Food":326,"BargainBundle":283,"ReplayTheSpireMod:Ninjato":157,"Replay:Towering Pillar of Hats":79,"aspiration:FetidBarrel":69,"infinitespire:CursedDice":148,"Quantum Egg":234,"Replay:WaspNest":90,"infinitespire:FocusingShard":126,"aspiration:HummingbirdHeart":21,"Orichalcum":32,"White Beast Statue":286,"Mercury Hourglass":312,"Peace Pipe":234,"CaptainsWheel":107,"Anchor":128,"infinitespire:WardingShard":224,"infinitespire:Satchel":17,"ChewingGum":249,"Snack Pack":188,"Coffee Dripper":293,"Bag of Marbles":313,"Membership Card":60,"FossilizedHelix":63},{"TwistedFunnel":207,"infinitespire:BottledMercury":231,"Golden Egg":414,"aspiration:SneckoTail":999,"Spirit Poop":81,"Whetstone":534,"Sling":148,"Boot":1143,"Old Coin":778,"Blood Vial":1133,"Replay:Ringing Soul":1051,"infinitespire:ShieldingShard":271,"MealTicket":12,"infinitespire:Golems Mask":1051,"Fusion Hammer":575,"HandDrill":435,"Replay:Bottled Flurry":830,"Kunai":402,"Replay:Wax Seal":148,"Replay:Bottled Steam":950,"aspiration:StickyExplosives":308,"Pear":1031,"Blue Candle":408,"ReplayTheSpireMod:Ring of Addiction":1055,"Eternal Feather":41,"Tingsha":596,"ReplayTheSpireMod:SealedPack":69,"Pen Nib":705,"Replay:Ancient Bell":960,"Paper Crane":435,"aspiration:IroncladSkillbook":468,"SlaversCollar":352,"infinitespire:Broken Mirror":590,"conspire:BottledYoYo":1034,"infinitespire:PuzzleCube":495,"Ring of the Serpent":1043,"conspire:Flyswatter":957,"infinitespire:Cupcake":1160,"Lantern":19,"Torii":315,"Singing Bowl":1020,"Blue Doll":44,"StoneCalendar":978,"Replay:Multitool":308,"Bag of Preparation":712,"Cursed Key":81,"Ancient Tea Set":343,"Burning Blood":814,"conspire:InfiniteJournal":557,"Matryoshka":89,"Ring of Fangs":1055,"WristBlade":251,"infinitespire:Bottled Soul":975,"aspiration:AnachronicSnailShell":838,"infinitespire:Eraser":301,"Replay:Bottled Eggs":408,"InkBottle":1051,"Ring of the Snake":0,"aspiration:VileToxins":231,"Potion Belt":674,"Lee\u0027s Waffle":315,"Replay:M_StaffOfTheSnake":267,"Basket Of Snakes":315,"conspire:RunicOctahedron":1012,"Thread and Needle":1051,"PreservedInsect":267,"infinitespire:Joker Card":501,"The Courier":559,"Omamori":310,"infinitespire:Lucky Rock":452,"infinitespire:CheckeredPen":876,"MawBank":738,"Busted Crown":190,"Ornamental Fan":762,"Turnip":637,"Ectoplasm":690,"Art of War":590,"Garlic":715,"Bottled Lightning":1005,"conspire:DeflatedDodgeball":814,"ReplayTheSpireMod:Lightbulb":593,"Toy Ornithopter":528,"Ice Cream":145,"Divine Protection":134,"Calipers":960,"Gremlin Horn":960,"conspire:RoyalGoblet":1095,"Vajra":315,"HoveringKite":1202,"conspire:SeveredTorchhead":513,"Sozu":798,"Centennial Puzzle":419,"HornCleat":2,"DollysMirror":660,"Strawberry":238,"conspire:DecoderRing":1003,"Philosopher\u0027s Stone":929,"Iron Hammer":946,"Toxic Egg 2":27,"conspire:Dentures":1021,"Happy Flower":221,"aspiration:Nostalgia":267,"infinitespire:Beetle Shell":1001,"Letter Opener":332,"War Paint":978,"aspiration:HiddenCompartment":565,"Du-Vu Doll":1051,"Replay:Baseball":548,"conspire:GiftBox":892,"Bottled Flame":1078,"ReplayTheSpireMod:Shallot":1204,"Bronze Scales":641,"Onion Ring":267,"Simple Rune":315,"Molten Egg 2":435,"infinitespire:EmpoweringShard":838,"Black Star":905,"ReplayTheSpireMod:TigerMarble":1033,"Grinning Jar":1142,"Mirror":148,"aspiration:HatOfInfinitePower":950,"Darkstone Periapt":373,"ReplayFunnel":1033,"Replay:PocketPolymizer":86,"SacredBark":393,"conspire:SpecialSausage":109,"aspiration:TomeofQuesting":175,"Snake Skull":1043,"Juzu Bracelet":373,"Incense Burner":762,"Replay:Mystery Machine":957,"PrismaticShard":274,"conspire:TopHat":134,"ClockworkSouvenir":402,"Nunchaku":53,"Replay:Bandana":267,"Dream Catcher":1165,"TheAbacus":359,"Mummified Hand":1117,"Pantograph":501,"Runic Pyramid":604,"Gremlin Food":1165,"BargainBundle":1051,"ReplayTheSpireMod:Ninjato":660,"Replay:Towering Pillar of Hats":332,"aspiration:FetidBarrel":301,"infinitespire:CursedDice":614,"Quantum Egg":943,"Replay:WaspNest":381,"infinitespire:FocusingShard":539,"aspiration:HummingbirdHeart":96,"Orichalcum":142,"White Beast Statue":1055,"Mercury Hourglass":1129,"Peace Pipe":943,"CaptainsWheel":459,"Anchor":548,"infinitespire:WardingShard":915,"infinitespire:Satchel":81,"ChewingGum":993,"Snack Pack":762,"Coffee Dripper":1069,"Bag of Marbles":1133,"Membership Card":267,"FossilizedHelix":277}],"Ring of the Snake":[119]},"card_choices":[{"not_picked":["Prepared","Leg Sweep"],"picked":"Sucker Punch","floor":1},{"not_picked":["Outmaneuver","Underhanded Strike","Backflip"],"picked":"SKIP","floor":2},{"not_picked":["Underhanded Strike","Sucker Punch","Backflip"],"picked":"SKIP","floor":3},{"not_picked":["Noxious Fumes","Skewer"],"picked":"Deflect","floor":4},{"not_picked":["Acrobatics","Outmaneuver"],"picked":"Die Die Die","floor":6},{"not_picked":["Catalyst","Dodge and Roll"],"picked":"Deflect","floor":8},{"not_picked":["Cloak And Dagger","Quick Slash"],"picked":"Accuracy","floor":11},{"not_picked":["Escape Plan","Quick Slash"],"picked":"Flying Knee","floor":12},{"not_picked":["Sucker Punch","ReplayTheSpireMod:Exploit Weakness"],"picked":"Toxin Wave","floor":13},{"not_picked":["Replay:Bag of Tricks","Reflex"],"picked":"Backflip","floor":14},{"not_picked":["Doppelganger","infinitespire:Neurotoxin"],"picked":"Glass Knife","floor":16},{"not_picked":["Bane","Crippling Poison"],"picked":"Endless Agony","floor":18},{"not_picked":["PiercingWail","Bane"],"picked":"Slice","floor":19},{"not_picked":["Dagger Throw","Acrobatics"],"picked":"Tactician","floor":21},{"not_picked":["Flying Knee","Sneak Up+1"],"picked":"After Image","floor":22},{"not_picked":["Prepared","Slice"],"picked":"Endless Agony","floor":23},{"not_picked":["Deadly Poison+1","Slice"],"picked":"All Out Attack","floor":24},{"not_picked":["Flying Knee","Choke"],"picked":"Blade Dance","floor":25},{"not_picked":["Deadly Poison+1","Acrobatics"],"picked":"Blur+1","floor":27},{"not_picked":["Deflect","Quick Slash"],"picked":"Bane","floor":28},{"not_picked":["Dodge and Roll","Deadly Poison"],"picked":"Outmaneuver","floor":29},{"not_picked":["Sucker Punch","Poison Darts"],"picked":"Accuracy","floor":30},{"not_picked":["Deadly Poison","ReplayTheSpireMod:The Works+1"],"picked":"Accuracy","floor":32},{"not_picked":["After Image","Storm of Steel"],"picked":"Phantasmal Killer","floor":33},{"not_picked":["Backflip","Bouncing Flask"],"picked":"Deflect+1","floor":35},{"not_picked":["Noxious Fumes","Predator"],"picked":"Prepared","floor":37},{"not_picked":["Well Laid Plans+1","Underhanded Strike+1"],"picked":"Dagger Spray+1","floor":40},{"not_picked":["PiercingWail","Quick Slash+1"],"picked":"Prepared+1","floor":41},{"not_picked":["Bane+1","Underhanded Strike"],"picked":"Outmaneuver+1","floor":42},{"not_picked":["Dash","Flying Knee"],"picked":"Cloak And Dagger","floor":44},{"not_picked":["Noxious Fumes","Corpse Explosion"],"picked":"Prepared","floor":45},{"not_picked":["Setup+1","Poisoned Stab+1"],"picked":"Heel Hook+1","floor":48},{"not_picked":["Underhanded Strike","Eviscerate+1"],"picked":"Cloak And Dagger+1","floor":49}],"player_experience":409483,"relics_obtained":[{"floor":6,"key":"Grinning Jar"},{"floor":9,"key":"Boot"},{"floor":11,"key":"conspire:DecoderRing"},{"floor":23,"key":"Replay:Bandana"},{"floor":26,"key":"aspiration:HummingbirdHeart"},{"floor":27,"key":"Vajra"},{"floor":40,"key":"Juzu Bracelet"},{"floor":42,"key":"Mercury Hourglass"},{"floor":43,"key":"ReplayTheSpireMod:Lightbulb"},{"floor":48,"key":"ReplayTheSpireMod:TigerMarble"}],"event_choices":[{"damage_healed":0,"gold_gain":0,"player_choice":"Grow","damage_taken":0,"max_hp_gain":0,"max_hp_loss":0,"event_name":"Living Wall","floor":5,"gold_loss":0,"cards_upgraded":["ReplayTheSpireMod:Private Reserves"]},{"damage_healed":0,"gold_gain":0,"player_choice":"Became a vampire (Vial)","damage_taken":0,"max_hp_gain":0,"max_hp_loss":0,"event_name":"Vampires","floor":31,"relics_lost":["Blood Vial"],"gold_loss":0,"cards_obtained":["Bite","Bite","Bite","Bite","Bite"]},{"damage_healed":0,"gold_gain":0,"player_choice":"Ignored","damage_taken":0,"max_hp_gain":0,"max_hp_loss":0,"event_name":"Tomb of Lord Red Mask","floor":38,"gold_loss":0},{"damage_healed":0,"gold_gain":0,"player_choice":"Leave","damage_taken":0,"max_hp_gain":0,"max_hp_loss":0,"event_name":"conspire:Investor","floor":39,"gold_loss":0}],"is_beta":false,"boss_relics":[{"not_picked":["Ring of Chaos","conspire:SlowCooker"],"picked":"infinitespire:Cupcake"},{"not_picked":["aspiration:RunicSpoon","Empty Cage"],"picked":"HoveringKite"}],"items_purged_floors":[],"is_endless":false,"potions_floor_spawned":[4,8,11,14,21,22,25,28,33,37,40,41],"killed_by":"Time Eater","ascension_level":11}}