{"host":"j4g6ia6asvpyu2b0","time":1611236259,"event":{"mods":["BaseMod","Colored Map","Minty Spire (QoL Compilation)","Permanent Neow","Quick Restart","Relic Stats","StSLib","Unceasing Turn Reminder"],"gold_per_floor":[109,109,109,128,141,170,189,189,234,266,266,298,149,167,167,241,241,255,267,285,299,315,315,328,328,352,385,412,448,466,466,466],"floor_reached":31,"language":"ENG","playtime":1002,"items_purged":["Strike_B"],"score":493,"play_id":"4fe0bec9-7f9f-474c-88eb-ba7078d9cfca","local_time":"20210121063739","is_ascension_mode":true,"campfire_choices":[{"data":"Darkness","floor":8.0,"key":"SMITH"},{"data":"Zap","floor":11.0,"key":"SMITH"},{"data":"Darkness","floor":15,"key":"SMITH"},{"data":"Redo","floor":23,"key":"SMITH"},{"data":"Redo","floor":25,"key":"SMITH"}],"circlet_count":0,"master_deck":["AscendersBane","Strike_B","Strike_B+1","Strike_B+1","Defend_B+1","Defend_B+1","Zap+1","Dualcast","Sweeping Beam","BootSequence","Darkness+1","Sweeping Beam","Coolheaded","Glacier","Darkness+1","Ball Lightning","Seek","Redo+1","Coolheaded","Coolheaded","Consume","Redo+1","Capacitor","Leap","Cold Snap","Steam"],"relics":["Cracked Core","War Paint","Mercury Hourglass","Ancient Tea Set","Bronze Scales","Runic Pyramid","CeramicFish","Smiling Mask","Boot"],"acts_visited":["Exordium","TheCity"],"potions_floor_usage":[21,21,27,27],"damage_taken":[{"damage":0.0,"enemies":"Small Slimes","floor":1.0,"turns":4.0},{"damage":1.0,"enemies":"2 Louse","floor":4.0,"turns":2.0},{"damage":2.0,"enemies":"Jaw Worm","floor":5.0,"turns":3.0},{"damage":6.0,"enemies":"Gremlin Nob","floor":6.0,"turns":4.0},{"damage":1.0,"enemies":"Looter","floor":7.0,"turns":2.0},{"damage":9.0,"enemies":"3 Sentries","floor":10.0,"turns":5.0},{"damage":3,"enemies":"Lagavulin","floor":12,"turns":5},{"damage":0,"enemies":"3 Louse","floor":14,"turns":2},{"damage":16,"enemies":"The Guardian","floor":16,"turns":9},{"damage":1,"enemies":"Spheric Guardian","floor":18,"turns":3},{"damage":15,"enemies":"2 Thieves","floor":19,"turns":3},{"damage":2,"enemies":"Chosen and Byrds","floor":20,"turns":3},{"damage":6,"enemies":"Snake Plant","floor":21,"turns":3},{"damage":2,"enemies":"Centurion and Healer","floor":22,"turns":5},{"damage":0,"enemies":"Chosen and Byrds","floor":24,"turns":4},{"damage":10,"enemies":"Slavers","floor":27,"turns":4},{"damage":0,"enemies":"Cultist and Chosen","floor":28,"turns":3},{"damage":14,"enemies":"Gremlin Leader","floor":29,"turns":6},{"damage":16,"enemies":"Centurion and Healer","floor":31,"turns":2}],"seed_played":"7706344082917343877","potions_obtained":[{"floor":1.0,"key":"Block Potion"},{"floor":4.0,"key":"Fire Potion"},{"floor":6.0,"key":"BlessingOfTheForge"},{"floor":14,"key":"SkillPotion"},{"floor":16,"key":"DuplicationPotion"},{"floor":22,"key":"Block Potion"},{"floor":24,"key":"Strength Potion"},{"floor":29,"key":"CultistPotion"}],"is_trial":false,"path_per_floor":["M","?","?","M","M","E","M","R","T","E","R","E","$","M","R","B",null,"M","M","M","M","M","R","M","R","T","E","M","E","?","M"],"character_chosen":"DEFECT","items_purchased":["Darkness"],"campfire_rested":0,"item_purchase_floors":[13],"current_hp_per_floor":[68,73,57,56,54,48,47,47,47,38,38,35,35,35,35,19,65,64,49,47,41,39,39,39,39,39,29,29,15,15,0,0],"gold":466,"neow_bonus":"RANDOM_COMMON_RELIC","is_daily":false,"chose_seed":false,"campfire_upgraded":5,"win_rate":0.0,"timestamp":1611236259,"path_taken":["M","?","?","M","M","E","M","R","T","E","R","E","$","M","R","BOSS","M","M","M","M","M","R","M","R","T","E","M","E","?","M"],"items_purchased_type":["Card"],"build_version":"2020-12-22","purchased_purges":1,"victory":false,"max_hp_per_floor":[75,80,80,80,80,80,80,80,80,80,80,80,80,80,80,80,80,80,80,80,80,80,80,80,80,80,80,80,80,80,80,80],"relic_stats":{"counters":[19,72],"Bronze Scales":[130],"CeramicFish":36,"War Paint":["Defend_B","Defend_B"],"Smiling Mask":0,"Boot":[0],"obtain_stats":[{"Bronze Scales":12,"CeramicFish":26,"War Paint":0,"Cracked Core":0,"Ancient Tea Set":10,"Smiling Mask":27,"Boot":29,"Mercury Hourglass":6,"Runic Pyramid":17},{"Bronze Scales":7,"CeramicFish":15,"War Paint":0,"Cracked Core":0,"Ancient Tea Set":6,"Smiling Mask":16,"Boot":18,"Mercury Hourglass":4,"Runic Pyramid":9},{"Bronze Scales":25,"CeramicFish":57,"War Paint":0,"Cracked Core":0,"Ancient Tea Set":20,"Smiling Mask":61,"Boot":70,"Mercury Hourglass":13,"Runic Pyramid":36}],"Mercury Hourglass":[250]},"card_choices":[{"not_picked":["Lockon","Reinforced Body"],"picked":"Sweeping Beam","floor":1.0},{"not_picked":["Beam Cell","Coolheaded"],"picked":"BootSequence","floor":4.0},{"not_picked":["Steam Power","Steam"],"picked":"Darkness","floor":5.0},{"not_picked":["Steam","Conserve Battery"],"picked":"Sweeping Beam","floor":6.0},{"not_picked":["Hello World","Turbo"],"picked":"Coolheaded","floor":7.0},{"not_picked":["Gash","Go for the Eyes","Beam Cell"],"picked":"SKIP","floor":10.0},{"not_picked":["Gash","Recycle"],"picked":"Glacier","floor":12},{"not_picked":["Hologram","Darkness"],"picked":"Ball Lightning","floor":14},{"not_picked":["Buffer","Creative AI"],"picked":"Seek","floor":16},{"not_picked":["Hello World+1","Force Field","Heatsinks"],"picked":"SKIP","floor":18},{"not_picked":["Hologram","Rebound"],"picked":"Redo","floor":19},{"not_picked":["Rebound","Hologram"],"picked":"Coolheaded","floor":20},{"not_picked":["Redo","Go for the Eyes"],"picked":"Coolheaded","floor":21},{"not_picked":["Conserve Battery","Doom and Gloom"],"picked":"Consume","floor":22},{"not_picked":["Steam","Tempest"],"picked":"Redo","floor":24},{"not_picked":["Leap","Gash","Heatsinks"],"picked":"SKIP","floor":27},{"not_picked":["Fusion","Leap"],"picked":"Capacitor","floor":28},{"not_picked":["Chaos","Sweeping Beam"],"picked":"Leap","floor":29}],"player_experience":902137,"relics_obtained":[{"floor":6.0,"key":"Mercury Hourglass"},{"floor":10.0,"key":"Ancient Tea Set"},{"floor":12,"key":"Bronze Scales"},{"floor":26,"key":"CeramicFish"},{"floor":27,"key":"Smiling Mask"},{"floor":29,"key":"Boot"}],"event_choices":[{"damage_healed":0.0,"max_hp_gain":5.0,"max_hp_loss":0.0,"gold_gain":0.0,"event_name":"Big Fish","player_choice":"Donut","floor":2.0,"gold_loss":0.0,"damage_taken":0.0},{"damage_healed":0.0,"max_hp_gain":0.0,"max_hp_loss":0.0,"gold_gain":0.0,"event_name":"Shining Light","player_choice":"Entered Light","floor":3.0,"gold_loss":0.0,"damage_taken":16.0,"cards_upgraded":["Strike_B","Strike_B"]},{"damage_healed":0,"gold_gain":0,"cards_transformed":["Defend_B","Defend_B"],"player_choice":"Became Test Subject","damage_taken":0,"max_hp_gain":0,"max_hp_loss":0,"event_name":"Drug Dealer","floor":30,"gold_loss":0,"cards_obtained":["Cold Snap","Steam"]}],"is_beta":false,"boss_relics":[{"not_picked":["Runic Dome","Fusion Hammer"],"picked":"Runic Pyramid"}],"items_purged_floors":[13],"is_endless":false,"potions_floor_spawned":[1,4,6,14,16,20,22,24,29],"killed_by":"Centurion and Healer","ascension_level":13}}