{"host":"15pfcaw18z4i9hxo","time":1611199937,"event":{"mods":["BaseMod","DeckTracker","GifTheSpireLib","KinomotoSakuraMod(ñÿîVñ{?)","Koishi","Mad Scientist","MarisaÅiñ∂âJÅ@ñÇóùçπÅj","Minty Spire (QoL Compilation)","StSLib","The Disciple","The Marked","The Mystic"],"gold_per_floor":[109,125,50,50,70,70,84,101,101,116,82,116,134,152,152,257,257,274,274,274,293,308,308,58,86,86,7,7,19,32,52,52,153,153,173,187,187,124,143,143,156,206,206,206,206,128,156,166,166,166,166],"floor_reached":50,"language":"JPN","playtime":2211,"items_purged":["theMarked:Strike","theMarked:EnhanceMovement","theMarked:DeterminationOfTheMarked"],"score":548,"play_id":"3b8a7377-64c7-4eae-a552-27210e20724a","local_time":"20210121123217","is_ascension_mode":false,"campfire_choices":[{"data":"theMarked:ContemptForTheProud","floor":6,"key":"SMITH"},{"floor":15,"key":"REST"},{"data":"theMarked:SoldierOfQuellstein","floor":23,"key":"SMITH"},{"data":"theMarked:WardOff","floor":28,"key":"SMITH"},{"floor":32,"key":"REST"},{"data":"theMarked:BanishingWave","floor":40,"key":"SMITH"},{"data":"theMarked:Challenge","floor":44,"key":"SMITH"},{"floor":49,"key":"REST"}],"circlet_count":0,"master_deck":["theMarked:SoldierOfQuellstein+1","theMarked:BanishingWave+1","theMarked:EnhanceMovement","theMarked:ContemptForTheProud+1","theMarked:Challenge+1","theMarked:HeightenedSenses","theMarked:TurnInvisible","theMarked:WardOff+1","theMarked:BanishingStrike","theMarked:BanishingWave+1"],"relics":["theMarked:ArtifactOfAir","Letter Opener","Potion Belt","Pandora\u0027s Box","Nloth\u0027s Gift","Membership Card","Mango","Blue Candle","Lantern","Sozu","Shuriken","Bird Faced Urn","Pear","theMarked:Winder","Thread and Needle"],"acts_visited":["Exordium","TheCity","TheBeyond"],"potions_floor_usage":[10,12,16,16,16,25,30,32,33,33,33,50],"damage_taken":[{"damage":0,"enemies":"2 Louse","floor":1,"turns":1},{"damage":0,"enemies":"Cultist","floor":2,"turns":1},{"damage":0,"enemies":"Small Slimes","floor":5,"turns":1},{"damage":2,"enemies":"Blue Slaver","floor":7,"turns":4},{"damage":9,"enemies":"Lots of Slimes","floor":8,"turns":3},{"damage":1,"enemies":"Large Slime","floor":10,"turns":4},{"damage":30,"enemies":"3 Sentries","floor":12,"turns":6},{"damage":2,"enemies":"3 Louse","floor":13,"turns":2},{"damage":16,"enemies":"Exordium Wildlife","floor":14,"turns":4},{"damage":12,"enemies":"Slime Boss","floor":16,"turns":7},{"damage":13,"enemies":"Shell Parasite","floor":18,"turns":4},{"damage":10,"enemies":"2 Thieves","floor":21,"turns":2},{"damage":26,"enemies":"Cultist and Chosen","floor":22,"turns":5},{"damage":0,"enemies":"Book of Stabbing","floor":25,"turns":5},{"damage":1,"enemies":"Centurion and Healer","floor":29,"turns":4},{"damage":13,"enemies":"Snecko","floor":30,"turns":4},{"damage":10,"enemies":"Shelled Parasite and Fungi","floor":31,"turns":3},{"damage":26,"enemies":"Collector","floor":33,"turns":7},{"damage":1,"enemies":"3 Darklings","floor":35,"turns":2},{"damage":0,"enemies":"Orb Walker","floor":36,"turns":2},{"damage":0,"enemies":"Sphere and 2 Shapes","floor":39,"turns":3},{"damage":6,"enemies":"4 Shapes","floor":41,"turns":2},{"damage":0,"enemies":"Mind Bloom Boss Battle","floor":42,"turns":4},{"damage":25,"enemies":"Giant Head","floor":47,"turns":7},{"damage":7,"enemies":"Spire Growth","floor":48,"turns":3},{"damage":91,"enemies":"Time Eater","floor":50,"turns":8}],"seed_played":"-4767196828368047845","potions_obtained":[{"floor":1,"key":"Energy Potion"},{"floor":8,"key":"DistilledChaos"},{"floor":10,"key":"Swift Potion"},{"floor":12,"key":"GamblersBrew"},{"floor":14,"key":"Weak Potion"},{"floor":18,"key":"BlessingOfTheForge"},{"floor":21,"key":"Explosive Potion"},{"floor":31,"key":"EntropicBrew"},{"floor":33,"key":"ColorlessPotion"}],"is_trial":false,"path_per_floor":["M","M","$","?","M","R","M","M","T","M","$","E","M","M","R","B",null,"M","?","?","M","M","R","$","E","T","$","R","M","M","M","R","B",null,"M","M","?","$","M","R","M","?","T","R","?","$","E","M","R","B"],"character_chosen":"THE_DEFAULT","items_purchased":["theMarked:EnhanceMovement","Membership Card","Lantern","theMarked:Winder"],"campfire_rested":3,"item_purchase_floors":[11,24,27,46],"current_hp_per_floor":[70,70,70,70,70,70,68,59,59,58,58,28,26,10,31,19,70,57,57,57,47,21,21,21,35,35,35,35,34,21,11,36,25,84,83,83,83,83,83,83,77,77,87,87,87,87,62,55,83,0,0],"gold":166,"neow_bonus":"THREE_ENEMY_KILL","is_daily":false,"chose_seed":false,"campfire_upgraded":5,"win_rate":0.0,"timestamp":1611199937,"path_taken":["M","M","$","?","?","R","M","M","T","?","$","E","M","M","R","BOSS","M","?","?","M","?","R","$","E","T","$","R","?","M","M","R","BOSS","M","?","?","$","?","R","M","?","T","R","?","?","E","M","R","BOSS"],"items_purchased_type":["Card","Relic","Relic","Relic"],"build_version":"2020-12-22","purchased_purges":3,"victory":false,"max_hp_per_floor":[70,70,70,70,70,70,70,70,70,70,70,70,70,70,70,70,70,70,70,70,70,70,70,70,84,84,84,84,84,84,84,84,84,84,84,84,84,84,84,84,84,84,94,94,94,94,94,94,94,94,94],"card_choices":[{"not_picked":["theMarked:Aftermath","theMarked:SwordAndMagic"],"picked":"theMarked:BanishingWave","floor":1},{"not_picked":["theMarked:TwofoldDefense","theMarked:RepellingDischarge"],"picked":"theMarked:EnhanceMovement","floor":2},{"not_picked":["theMarked:EmpowerWeapon","theMarked:EnhanceMovement"],"picked":"theMarked:ContemptForTheProud","floor":5},{"not_picked":["theMarked:SwordAndMagic","theMarked:WastefulAttack"],"picked":"theMarked:Challenge","floor":7},{"not_picked":["theMarked:HeightenedSenses","theMarked:Overthink","theMarked:Frustration"],"picked":"SKIP","floor":8},{"not_picked":["theMarked:TwofoldDefense","theMarked:Static","theMarked:ElectricStrings"],"picked":"SKIP","floor":10},{"not_picked":["theMarked:SwordAndMagic","theMarked:ElectricStrings"],"picked":"theMarked:HeightenedSenses","floor":12},{"not_picked":["theMarked:EmpowerWeapon","theMarked:Improvise","theMarked:ReduceFriction"],"picked":"SKIP","floor":13},{"not_picked":["theMarked:Aftermath","theMarked:Levitate","theMarked:WastefulDefense"],"picked":"SKIP","floor":14},{"not_picked":["theMarked:Snap","theMarked:Defy"],"picked":"theMarked:TurnInvisible","floor":16},{"not_picked":["theMarked:Electrify","theMarked:Standoff","theMarked:CreepingChasm"],"picked":"SKIP","floor":18},{"not_picked":["theMarked:ElectricStrings","theMarked:ContemptForTheProud+1"],"picked":"theMarked:MysticalArsenal","floor":21},{"not_picked":["theMarked:EmpowerWeapon","theMarked:Static"],"picked":"theMarked:BanishingStrike","floor":22},{"not_picked":["theMarked:MuscleMemory","theMarked:ChannelForce","theMarked:ElectricStrings"],"picked":"SKIP","floor":25},{"not_picked":["theMarked:TurnInvisible","theMarked:Static","theMarked:RogueSparks"],"picked":"SKIP","floor":29},{"not_picked":["theMarked:Aftermath+1","theMarked:ParalyzingBlade"],"picked":"theMarked:DeterminationOfTheMarked","floor":30},{"not_picked":["theMarked:Standoff","theMarked:WastefulAttack","theMarked:ResourceFulStrike"],"picked":"SKIP","floor":31},{"not_picked":["theMarked:SelfDefenseTraining+1","theMarked:Overthink","theMarked:ParalyzingBlade"],"picked":"SKIP","floor":35},{"not_picked":["theMarked:GodGivenPower","theMarked:WastefulDefense+1"],"picked":"theMarked:BanishingWave","floor":36},{"not_picked":["theMarked:RepellingDischarge","theMarked:PowerFlow+1","theMarked:ElectricStrings+1"],"picked":"SKIP","floor":39},{"not_picked":["theMarked:ShockingTouch+1","theMarked:Frustration+1","theMarked:TakeCover"],"picked":"SKIP","floor":41},{"not_picked":["theMarked:MaelstromOfLightning","theMarked:KeepCalmAndFightOn","theMarked:RepellingDischarge+1"],"picked":"SKIP","floor":47},{"not_picked":["theMarked:Electrocute","theMarked:WardOff+1","theMarked:HeightenedSenses"],"picked":"SKIP","floor":48}],"player_experience":225317,"relics_obtained":[{"floor":9,"key":"Letter Opener"},{"floor":12,"key":"Potion Belt"},{"floor":25,"key":"Mango"},{"floor":26,"key":"Blue Candle"},{"floor":42,"key":"Bird Faced Urn"},{"floor":43,"key":"Pear"},{"floor":47,"key":"Thread and Needle"}],"event_choices":[{"damage_healed":0,"gold_gain":0,"player_choice":"Forge","damage_taken":0,"max_hp_gain":0,"max_hp_loss":0,"event_name":"Accursed Blacksmith","floor":4,"gold_loss":0,"cards_upgraded":["theMarked:BanishingWave"]},{"damage_healed":0,"gold_gain":0,"player_choice":"Read","damage_taken":0,"max_hp_gain":0,"max_hp_loss":0,"event_name":"The Library","floor":19,"gold_loss":0,"cards_obtained":["theMarked:WardOff"]},{"damage_healed":0,"gold_gain":0,"player_choice":"Traded Relic","damage_taken":0,"relics_obtained":["Nloth\u0027s Gift"],"max_hp_gain":0,"max_hp_loss":0,"event_name":"N\u0027loth","floor":20,"relics_lost":["NeowsBlessing"],"gold_loss":0},{"cards_removed":["theMarked:MysticalArsenal"],"damage_healed":0,"gold_gain":0,"player_choice":"Gave Card","damage_taken":0,"relics_obtained":["Shuriken"],"max_hp_gain":0,"max_hp_loss":0,"event_name":"WeMeetAgain","floor":37,"gold_loss":0},{"damage_healed":0,"gold_gain":0,"player_choice":"Fight","damage_taken":0,"max_hp_gain":0,"max_hp_loss":0,"event_name":"MindBloom","floor":42,"gold_loss":0},{"damage_healed":0,"gold_gain":0,"player_choice":"Memory 1","damage_taken":0,"max_hp_gain":0,"max_hp_loss":0,"event_name":"SensoryStone","floor":45,"gold_loss":0}],"is_beta":false,"boss_relics":[{"not_picked":["Runic Pyramid","Black Star"],"picked":"Pandora\u0027s Box"},{"not_picked":["Coffee Dripper","Snecko Eye"],"picked":"Sozu"}],"items_purged_floors":[3,24,38],"is_endless":false,"potions_floor_spawned":[1,8,10,12,14,18,21,31,33,36,41,42,47],"killed_by":"Time Eater","ascension_level":0}}