{"host":"fkig9nrckec4xsh0","time":1611264015,"event":{"mods":["BaseMod","Colored Map","Minty Spire (QoL Compilation)","Quick Restart","Replay The Spire","StSLib"],"gold_per_floor":[115,115,197,10,30,30,86,173,173,203,203,258,258,293,293,367,367,381,58,58,120,70,70,70],"floor_reached":23,"language":"ENG","playtime":971,"items_purged":["Strike_R"],"score":460,"play_id":"9e157fee-63b6-4a21-9e75-bac1bcb581c5","local_time":"20210121162015","is_ascension_mode":true,"campfire_choices":[{"data":"HandOfGreed","floor":6.0,"key":"SMITH"},{"data":"Fire Breathing","floor":11.0,"key":"SMITH"},{"data":"Brutality","floor":15,"key":"SMITH"}],"circlet_count":0,"master_deck":["AscendersBane","Strike_R","Strike_R","Strike_R","Strike_R","Defend_R","Defend_R","Defend_R","Bash+1","Fire Breathing+1","HandOfGreed+1","Wild Strike+1","Intimidate+1","Brutality+1","Power Through+1","Demon Form+1","AbeCurse","True Grit+1","Evolve+1","Reckless Charge"],"relics":["Burning Blood","NeowsBlessing","Calipers","Singing Bowl","White Beast Statue","Iron Hammer","Toxic Egg 2","Art of War","Turnip","Frozen Egg 2","Abe\u0027s Treasure","Bag of Marbles"],"acts_visited":["Exordium","TheCity"],"potions_floor_usage":[12,16,16,21,23,23],"damage_taken":[{"damage":0.0,"enemies":"Small Slimes","floor":1.0,"turns":1.0},{"damage":0.0,"enemies":"Jaw Worm","floor":5.0,"turns":1.0},{"damage":0.0,"enemies":"Lagavulin","floor":7.0,"turns":3.0},{"damage":20.0,"enemies":"3 Sentries","floor":8.0,"turns":4.0},{"damage":36.0,"enemies":"Gremlin Nob","floor":10.0,"turns":4.0},{"damage":13,"enemies":"Lagavulin","floor":12,"turns":4},{"damage":0,"enemies":"Cultist","floor":14,"turns":3},{"damage":12,"enemies":"The Guardian","floor":16,"turns":11},{"damage":15,"enemies":"Chosen","floor":18,"turns":4},{"damage":16,"enemies":"3 Byrds","floor":21,"turns":4},{"damage":46,"enemies":"Book of Stabbing","floor":23,"turns":5}],"seed_played":"-7298695102352859846","potions_obtained":[{"floor":5.0,"key":"GamblersBrew"},{"floor":8.0,"key":"Fire Potion"},{"floor":10.0,"key":"HeartOfIron"},{"floor":12,"key":"Languid Potion"},{"floor":14,"key":"SkillPotion"},{"floor":16,"key":"SpeedPotion"},{"floor":18,"key":"Languid Potion"},{"floor":21,"key":"ColorlessPotion"}],"is_trial":false,"path_per_floor":["M","?","T","$","M","R","E","?","T","E","R","E","T","M","R","B",null,"M","$","?","M","?","E"],"character_chosen":"IRONCLAD","items_purchased":["HandOfGreed","Evolve+1","Bag of Marbles"],"campfire_rested":0,"item_purchase_floors":[4,19,19],"current_hp_per_floor":[74,56,56,56,64,64,72,58,58,28,28,21,21,27,27,21,65,56,56,56,46,46,0,0],"gold":70,"neow_bonus":"THREE_ENEMY_KILL","is_daily":false,"chose_seed":false,"campfire_upgraded":3,"win_rate":0.0,"timestamp":1611264015,"path_taken":["M","?","?","$","?","R","E","?","T","E","R","E","?","M","R","BOSS","M","?","?","M","?","E"],"items_purchased_type":["Card","Card","Relic"],"build_version":"2020-12-22","purchased_purges":1,"victory":false,"max_hp_per_floor":[75,75,75,75,77,77,79,79,79,79,79,79,79,79,79,79,79,79,79,79,79,79,79,79],"card_choices":[{"not_picked":["Armaments","Massacre"],"picked":"Fire Breathing","floor":1.0},{"not_picked":["Perfected Strike","Seeing Red","Run Through"],"picked":"Singing Bowl","floor":5.0},{"not_picked":["Burning Pact","ReplayTheSpireMod:Corrosion Curse","Clothesline"],"picked":"Singing Bowl","floor":7.0},{"not_picked":["Armaments","Heavy Blade"],"picked":"Wild Strike","floor":8.0},{"not_picked":["Spot Weakness+1","Blood for Blood"],"picked":"Intimidate+1","floor":10.0},{"not_picked":["ReplayTheSpireMod:Stacked+1","Armaments+1"],"picked":"Brutality","floor":12},{"not_picked":["Armaments+1","Feel No Pain+1"],"picked":"Power Through+1","floor":14},{"not_picked":["Fiend Fire","Barricade+1"],"picked":"Demon Form+1","floor":16},{"not_picked":["Havoc+1","Cleave"],"picked":"True Grit+1","floor":18},{"not_picked":["Body Slam","ReplayTheSpireMod:Strike From Hell"],"picked":"Reckless Charge","floor":21}],"player_experience":381284,"relics_obtained":[{"floor":3.0,"key":"Singing Bowl"},{"floor":7.0,"key":"White Beast Statue"},{"floor":8.0,"key":"Iron Hammer"},{"floor":9.0,"key":"Toxic Egg 2"},{"floor":10.0,"key":"Art of War"},{"floor":12,"key":"Turnip"},{"floor":13,"key":"Frozen Egg 2"}],"event_choices":[{"damage_healed":0.0,"max_hp_gain":0.0,"max_hp_loss":0.0,"gold_gain":0.0,"event_name":"Scrap Ooze","player_choice":"Success","floor":2.0,"gold_loss":0.0,"damage_taken":18.0,"relics_obtained":["Calipers"]},{"damage_healed":0.0,"max_hp_gain":0.0,"max_hp_loss":0.0,"gold_gain":0.0,"event_name":"Dead Adventurer","player_choice":"Searched \u00271\u0027 times","floor":8.0,"gold_loss":0.0,"damage_taken":0.0},{"cards_removed":["Defend_R"],"damage_healed":0,"gold_gain":0,"player_choice":"Elegance","damage_taken":0,"max_hp_gain":0,"max_hp_loss":0,"event_name":"Back to Basics","floor":20,"gold_loss":0},{"damage_healed":0,"gold_gain":0,"player_choice":"Upgraded Two","damage_taken":0,"max_hp_gain":0,"max_hp_loss":0,"event_name":"Designer","floor":22,"gold_loss":50,"cards_upgraded":["Bash","Wild Strike"]}],"is_beta":false,"boss_relics":[{"not_picked":["ReplayTheSpireMod:DimensionalGlitch","Tiny House"],"picked":"Abe\u0027s Treasure"}],"items_purged_floors":[19],"is_endless":false,"potions_floor_spawned":[5,8,10,12,14,16,18,21],"killed_by":"Book of Stabbing","ascension_level":20}}