{"host":"opg65mucj6ra7dr1","time":1611218960,"event":{"mods":["BaseMod","DeckTracker","Keyboard Shortcuts","Minty Spire (QoL Compilation)","Permanent Neow","Quick Restart","everything is the same but u backflip on backflip"],"gold_per_floor":[117,134,134,149,1,1,16,35,35,35,55,55,70,97,97,199,199,213,138,153,252,162,191,41,41,41,69,89,121,121,134,134,235,235,255,100,116,133,147,177,20,47,117,128,141,151,171,184,184,184],"floor_reached":51,"language":"KOR","playtime":2142,"items_purged":["Defend_G"],"score":1310,"play_id":"5dd4ea88-44e9-4b2f-9cf2-5c49ab59b9e4","local_time":"20210121174920","is_ascension_mode":true,"campfire_choices":[{"data":"Sucker Punch","floor":6.0,"key":"SMITH"},{"data":"Dagger Spray","floor":10,"key":"SMITH"},{"data":"Neutralize","floor":12,"key":"SMITH"},{"data":"Adrenaline","floor":15,"key":"SMITH"},{"data":"Die Die Die","floor":25,"key":"SMITH"},{"floor":30,"key":"REST"},{"data":"Prepared","floor":32,"key":"SMITH"},{"data":"Calculated Gamble","floor":49,"key":"SMITH"}],"circlet_count":0,"master_deck":["Strike_G","Defend_G","Defend_G","Defend_G","Survivor","Neutralize+1","Sucker Punch+1","Dagger Spray+1","Deflect","Blur+1","Dagger Spray+1","Backflip","Blur","Adrenaline+1","Die Die Die+1","Flying Knee","Backflip","Adrenaline+1","Prepared+1","Acrobatics","Deflect+1","Die Die Die","Calculated Gamble+1","Footwork","PiercingWail","Well Laid Plans","Riddle With Holes","Reflex+1","Prepared+1","Footwork","Finisher","Dodge and Roll+1","Calculated Gamble+1","Dagger Throw"],"relics":["Ring of the Snake","Vajra","Lizard Tail","Ninja Scroll","HoveringKite","Torii","DollysMirror","Letter Opener","Ancient Tea Set","Tingsha","Empty Cage","Potion Belt","TheAbacus","Oddly Smooth Stone","Pantograph"],"acts_visited":["Exordium","TheCity","TheBeyond"],"potions_floor_usage":[8,14,27,33,33,50,50,50,50],"damage_taken":[{"damage":4.0,"enemies":"Jaw Worm","floor":1.0,"turns":5.0},{"damage":0.0,"enemies":"Cultist","floor":2.0,"turns":4.0},{"damage":0.0,"enemies":"Small Slimes","floor":4.0,"turns":3.0},{"damage":0.0,"enemies":"2 Fungi Beasts","floor":7.0,"turns":3.0},{"damage":4,"enemies":"Gremlin Gang","floor":8,"turns":2},{"damage":0,"enemies":"Lots of Slimes","floor":11,"turns":1},{"damage":0,"enemies":"Red Slaver","floor":13,"turns":4},{"damage":8,"enemies":"3 Sentries","floor":14,"turns":3},{"damage":22,"enemies":"Hexaghost","floor":16,"turns":16},{"damage":0,"enemies":"3 Byrds","floor":18,"turns":2},{"damage":3,"enemies":"Spheric Guardian","floor":20,"turns":3},{"damage":16,"enemies":"Gremlin Leader","floor":23,"turns":7},{"damage":16,"enemies":"Book of Stabbing","floor":27,"turns":5},{"damage":0,"enemies":"Centurion and Healer","floor":28,"turns":2},{"damage":0,"enemies":"Slavers","floor":29,"turns":1},{"damage":0,"enemies":"Snecko","floor":31,"turns":4},{"damage":0,"enemies":"Collector","floor":33,"turns":11},{"damage":0,"enemies":"3 Shapes","floor":35,"turns":1},{"damage":0,"enemies":"3 Darklings","floor":37,"turns":1},{"damage":0,"enemies":"Spire Growth","floor":38,"turns":4},{"damage":0,"enemies":"Sphere and 2 Shapes","floor":39,"turns":1},{"damage":0,"enemies":"Reptomancer","floor":40,"turns":6},{"damage":0,"enemies":"Giant Head","floor":42,"turns":10},{"damage":0,"enemies":"3 Darklings","floor":44,"turns":3},{"damage":1,"enemies":"4 Shapes","floor":45,"turns":3},{"damage":0,"enemies":"Transient","floor":46,"turns":5},{"damage":11,"enemies":"Writhing Mass","floor":47,"turns":11},{"damage":0,"enemies":"Spire Growth","floor":48,"turns":4},{"damage":0,"enemies":"Donu and Deca","floor":50,"turns":10}],"seed_played":"6317202410920623012","potions_obtained":[{"floor":2.0,"key":"SteroidPotion"},{"floor":7.0,"key":"SteroidPotion"},{"floor":8,"key":"Dexterity Potion"},{"floor":16,"key":"LiquidBronze"},{"floor":18,"key":"Explosive Potion"},{"floor":27,"key":"CunningPotion"},{"floor":33,"key":"Fire Potion"},{"floor":37,"key":"EssenceOfSteel"},{"floor":39,"key":"Dexterity Potion"},{"floor":40,"key":"Energy Potion"},{"floor":44,"key":"Poison Potion"},{"floor":48,"key":"DuplicationPotion"}],"is_trial":false,"path_per_floor":["M","M","?","M","$","R","M","M","T","R","M","R","M","E","R","B",null,"M","?","M","?","?","E","$","R","T","E","M","E","R","M","R","B",null,"M","$","M","M","M","E","$","E","T","M","M","M","M","M","R","B",null],"character_chosen":"THE_SILENT","items_purchased":["Vajra","DollysMirror","Footwork","TheAbacus"],"campfire_rested":1,"item_purchase_floors":[5,24,36,41],"current_hp_per_floor":[59,59,59,59,59,59,59,55,55,55,55,55,55,47,47,25,59,59,59,56,56,56,40,40,40,40,24,24,24,45,45,45,45,64,64,64,64,64,64,64,64,64,64,64,63,63,52,52,52,70],"gold":184,"neow_bonus":"TRANSFORM_CARD","is_daily":false,"chose_seed":false,"campfire_upgraded":7,"win_rate":0.0,"timestamp":1611218960,"path_taken":["M","M","?","M","$","R","?","M","T","R","M","R","M","E","R","BOSS","M","?","M","?","?","E","$","R","T","E","M","E","R","M","R","BOSS","M","$","M","M","M","E","$","E","T","M","?","?","?","M","R","BOSS"],"items_purchased_type":["Relic","Relic","Card","Relic"],"build_version":"2020-12-22","purchased_purges":1,"victory":true,"max_hp_per_floor":[70,70,70,70,70,70,70,70,70,70,70,70,70,70,70,70,70,70,70,70,70,70,70,70,70,70,70,70,70,70,70,70,70,70,70,70,70,70,70,70,70,70,70,70,70,70,70,70,70,70],"card_choices":[{"not_picked":["Outmaneuver","Underhanded Strike"],"picked":"Dagger Spray","floor":1.0},{"not_picked":["Expertise","Sucker Punch"],"picked":"Deflect","floor":2.0},{"not_picked":["Predator","Slice"],"picked":"Blur","floor":4.0},{"not_picked":["Concentrate","Footwork"],"picked":"Dagger Spray","floor":7.0},{"not_picked":["Dodge and Roll","Choke"],"picked":"Backflip","floor":8},{"not_picked":["Outmaneuver","Eviscerate","Tactician"],"picked":"SKIP","floor":11},{"not_picked":["Bane","Skewer"],"picked":"Blur","floor":13},{"not_picked":["Reflex","Leg Sweep"],"picked":"Adrenaline","floor":14},{"not_picked":["Glass Knife","Grand Finale"],"picked":"Die Die Die","floor":16},{"not_picked":["Quick Slash","Poisoned Stab"],"picked":"Flying Knee","floor":18},{"not_picked":["Accuracy","Quick Slash"],"picked":"Backflip","floor":20},{"not_picked":["Sucker Punch+1","Masterful Stab","Dash"],"picked":"SKIP","floor":23},{"not_picked":["Flying Knee","Blur"],"picked":"Prepared","floor":27},{"not_picked":["Bouncing Flask+1","Doppelganger"],"picked":"Acrobatics","floor":28},{"not_picked":["Caltrops","Quick Slash+1","Dodge and Roll"],"picked":"SKIP","floor":29},{"not_picked":["Concentrate+1","Flying Knee"],"picked":"Deflect+1","floor":31},{"not_picked":["Bullet Time","Glass Knife"],"picked":"Die Die Die","floor":33},{"not_picked":["Flying Knee","Terror+1"],"picked":"Calculated Gamble","floor":35},{"not_picked":["Underhanded Strike","Slice+1"],"picked":"PiercingWail","floor":37},{"not_picked":["Catalyst+1","Infinite Blades+1"],"picked":"Well Laid Plans","floor":38},{"not_picked":["Bane","Underhanded Strike+1"],"picked":"Riddle With Holes","floor":39},{"not_picked":["Caltrops+1","Infinite Blades"],"picked":"Reflex+1","floor":40},{"not_picked":["Outmaneuver","Unload"],"picked":"Prepared+1","floor":42},{"not_picked":["Blade Dance+1","Concentrate+1"],"picked":"Footwork","floor":44},{"not_picked":["Prepared","Cloak And Dagger"],"picked":"Finisher","floor":45},{"not_picked":["Underhanded Strike","Dagger Spray+1"],"picked":"Dodge and Roll+1","floor":46},{"not_picked":["Doppelganger","Distraction+1"],"picked":"Calculated Gamble+1","floor":47},{"not_picked":["Bouncing Flask","Leg Sweep"],"picked":"Dagger Throw","floor":48}],"player_experience":145181,"relics_obtained":[{"floor":9,"key":"Lizard Tail"},{"floor":14,"key":"Ninja Scroll"},{"floor":23,"key":"Torii"},{"floor":26,"key":"Letter Opener"},{"floor":27,"key":"Ancient Tea Set"},{"floor":29,"key":"Tingsha"},{"floor":40,"key":"Potion Belt"},{"floor":42,"key":"Oddly Smooth Stone"},{"floor":43,"key":"Pantograph"}],"event_choices":[{"damage_healed":0.0,"max_hp_gain":0.0,"max_hp_loss":0.0,"gold_gain":0.0,"event_name":"Accursed Blacksmith","player_choice":"Forge","floor":3.0,"gold_loss":0.0,"damage_taken":0.0,"cards_upgraded":["Dagger Spray"]},{"cards_removed":["Strike_G"],"damage_healed":0,"gold_gain":0,"player_choice":"Gave Gold","damage_taken":0,"max_hp_gain":0,"max_hp_loss":0,"event_name":"Beggar","floor":19,"gold_loss":75},{"damage_healed":0,"gold_gain":99,"player_choice":"Stole From Cult","damage_taken":0,"max_hp_gain":0,"max_hp_loss":0,"event_name":"Nest","floor":21,"gold_loss":0},{"cards_removed":["Strike_G"],"damage_healed":0,"gold_gain":0,"player_choice":"Upgrade and Remove","damage_taken":0,"max_hp_gain":0,"max_hp_loss":0,"event_name":"Designer","floor":22,"gold_loss":90,"cards_upgraded":["Blur"]}],"is_beta":false,"boss_relics":[{"not_picked":["Runic Dome","Cursed Key"],"picked":"HoveringKite"},{"not_picked":["Calling Bell","Snecko Eye"],"picked":"Empty Cage"}],"items_purged_floors":[36],"is_endless":false,"potions_floor_spawned":[2,7,8,16,18,23,27,28,33,37,39,40,44,48],"ascension_level":8}}