{"host":"1ekl8hlbnopmdapi","time":1611270065,"event":{"mods":["AchievementEnabler","BaseMod","Colored Map","Colored Powertips","DeckTracker","Googly Eyes","Highlight Path","Minty Spire (QoL Compilation)","Relic Sorter","StSLib","Synergy Search"],"gold_per_floor":[118,134,144,70,81,109,122,148,148,148,158,158,190,190,190,294,294,310,310,310],"floor_reached":19,"language":"ENG","playtime":701,"items_purged":[],"score":236,"play_id":"1e812941-dbda-4818-92d5-f200279e5a65","local_time":"20210121180105","is_ascension_mode":true,"campfire_choices":[{"floor":12,"key":"REST"},{"floor":15,"key":"REST"}],"circlet_count":0,"master_deck":["Strike_G","Strike_G","Strike_G","Defend_G","Defend_G","Defend_G","Defend_G","Defend_G","Survivor","Neutralize","Blade Dance","Quick Slash","Sucker Punch","Crippling Poison","Cloak And Dagger","Calculated Gamble","Noxious Fumes","Finisher","Dash","Cloak And Dagger","Neutralize","After Image","Accuracy"],"relics":["SlaversCollar","Juzu Bracelet","Bottled Lightning","Tingsha","Empty Cage"],"acts_visited":["Exordium","TheCity"],"potions_floor_usage":[6,8,16,19],"damage_taken":[{"damage":11,"enemies":"Jaw Worm","floor":1,"turns":7},{"damage":1,"enemies":"2 Louse","floor":2,"turns":4},{"damage":1,"enemies":"Cultist","floor":3,"turns":4},{"damage":6,"enemies":"Blue Slaver","floor":5,"turns":4},{"damage":9,"enemies":"3 Sentries","floor":6,"turns":8},{"damage":0,"enemies":"Large Slime","floor":7,"turns":5},{"damage":15,"enemies":"Lagavulin","floor":8,"turns":5},{"damage":14,"enemies":"Exordium Wildlife","floor":11,"turns":5},{"damage":10,"enemies":"3 Sentries","floor":13,"turns":6},{"damage":12,"enemies":"Slime Boss","floor":16,"turns":7},{"damage":11,"enemies":"Shell Parasite","floor":18,"turns":9},{"damage":55,"enemies":"Masked Bandits","floor":19,"turns":3}],"seed_played":"1630585673460476950","potions_obtained":[{"floor":1,"key":"Poison Potion"},{"floor":6,"key":"PowerPotion"},{"floor":7,"key":"LiquidBronze"},{"floor":8,"key":"GamblersBrew"},{"floor":11,"key":"Fire Potion"}],"is_trial":false,"path_per_floor":["M","M","M","$","M","E","M","E","T","?","M","R","E","?","R","B",null,"M","?"],"character_chosen":"THE_SILENT","items_purchased":["Crippling Poison"],"campfire_rested":2,"item_purchase_floors":[4],"current_hp_per_floor":[59,58,57,57,51,42,42,27,27,32,18,40,30,30,52,40,66,55,0,0],"gold":310,"neow_bonus":"BOSS_RELIC","is_daily":false,"chose_seed":false,"campfire_upgraded":0,"win_rate":0.0,"timestamp":1611270065,"path_taken":["M","M","M","$","M","E","M","E","T","?","M","R","E","?","R","BOSS","M","?"],"items_purchased_type":["Card"],"build_version":"2020-12-22","purchased_purges":0,"victory":false,"max_hp_per_floor":[70,70,70,70,70,70,70,70,70,75,75,75,75,75,75,75,75,75,75,75],"card_choices":[{"not_picked":["Accuracy","Poisoned Stab"],"picked":"Blade Dance","floor":1},{"not_picked":["Choke","Outmaneuver"],"picked":"Quick Slash","floor":2},{"not_picked":["Concentrate","Finisher"],"picked":"Sucker Punch","floor":3},{"not_picked":["Dodge and Roll","Acrobatics"],"picked":"Cloak And Dagger","floor":5},{"not_picked":["Reflex","Deflect"],"picked":"Calculated Gamble","floor":6},{"not_picked":["Cloak And Dagger","Deadly Poison"],"picked":"Noxious Fumes","floor":7},{"not_picked":["Caltrops","Bullet Time"],"picked":"Finisher","floor":8},{"not_picked":["Distraction","Bane"],"picked":"Dash","floor":11},{"not_picked":["Flying Knee","Doppelganger"],"picked":"Cloak And Dagger","floor":13},{"not_picked":["Phantasmal Killer","Adrenaline"],"picked":"After Image","floor":16},{"not_picked":["Well Laid Plans","Prepared"],"picked":"Accuracy","floor":18}],"player_experience":482853,"relics_obtained":[{"floor":6,"key":"Juzu Bracelet"},{"floor":8,"key":"Bottled Lightning"},{"floor":13,"key":"Tingsha"}],"event_choices":[{"damage_healed":0,"gold_gain":0,"player_choice":"Donut","damage_taken":0,"max_hp_gain":5,"max_hp_loss":0,"event_name":"Big Fish","floor":10,"gold_loss":0},{"damage_healed":0,"gold_gain":0,"player_choice":"1 cards matched","damage_taken":0,"max_hp_gain":0,"max_hp_loss":0,"event_name":"Match and Keep!","floor":14,"gold_loss":0,"cards_obtained":["Neutralize"]},{"damage_healed":0,"gold_gain":0,"player_choice":"Fought Bandits","damage_taken":0,"max_hp_gain":0,"max_hp_loss":0,"event_name":"Masked Bandits","floor":19,"gold_loss":0}],"is_beta":false,"boss_relics":[{"not_picked":["Pandora\u0027s Box","Runic Pyramid"],"picked":"Empty Cage"}],"items_purged_floors":[],"is_endless":false,"potions_floor_spawned":[1,6,7,8,11],"killed_by":"Masked Bandits","ascension_level":5}}