{"host":"y193d0agu1dp5x1y","time":1611217715,"event":{"mods":["AchievementEnabler","BaseMod","Googly Eyes","Minty Spire (QoL Compilation)"],"gold_per_floor":[118,17,17,192,192,218,218,218,218,231,131,142,157,107,107,211,211,224,224,239,239,239,239,338,349,349,349,360,360,275,294,294,294,294],"floor_reached":33,"language":"ENG","playtime":2101,"items_purged":["Wireheading+1","Doubt"],"score":243,"play_id":"4c100141-369c-4b1e-8d83-e6637d631e40","local_time":"20210121022835","is_ascension_mode":false,"campfire_choices":[{"floor":7,"key":"REST"},{"floor":15,"key":"REST"},{"data":"FlurryOfBlows","floor":23,"key":"SMITH"},{"floor":29,"key":"REST"},{"floor":32,"key":"RECALL"}],"circlet_count":0,"master_deck":["Strike_P","Strike_P","Defend_P","Defend_P","Eruption+1","Vigilance","CarveReality+1","ReachHeaven+1","EmptyBody+1","Protect","EmptyFist","FlurryOfBlows+1","LikeWater+1","LikeWater+1","Swift Strike"],"relics":["Astrolabe","Question Card","Ginger","Anchor","Frozen Egg 2","Philosopher\u0027s Stone"],"acts_visited":["Exordium","TheCity"],"potions_floor_usage":[16,16,18,25,28,31,33,33],"damage_taken":[{"damage":0,"enemies":"Small Slimes","floor":1,"turns":2},{"damage":36,"enemies":"Lagavulin","floor":6,"turns":3},{"damage":2,"enemies":"2 Louse","floor":10,"turns":2},{"damage":0,"enemies":"Jaw Worm","floor":12,"turns":2},{"damage":7,"enemies":"3 Louse","floor":13,"turns":3},{"damage":26,"enemies":"Hexaghost","floor":16,"turns":7},{"damage":4,"enemies":"2 Thieves","floor":18,"turns":3},{"damage":0,"enemies":"Shell Parasite","floor":20,"turns":5},{"damage":38,"enemies":"Cultist and Chosen","floor":25,"turns":5},{"damage":14,"enemies":"Chosen and Byrds","floor":28,"turns":3},{"damage":21,"enemies":"Centurion and Healer","floor":31,"turns":6},{"damage":13,"enemies":"Champ","floor":33,"turns":6}],"seed_played":"6976542347167675653","potions_obtained":[{"floor":6,"key":"StancePotion"},{"floor":13,"key":"Energy Potion"},{"floor":16,"key":"Weak Potion"},{"floor":20,"key":"SteroidPotion"},{"floor":25,"key":"AttackPotion"},{"floor":31,"key":"EntropicBrew"}],"is_trial":false,"path_per_floor":["M","$","?","?","?","E","R","?","T","M","$","M","M","?","R","B",null,"M","?","M","?","$","R","?","M","T","?","M","R","$","M","R","B"],"character_chosen":"WATCHER","items_purchased":["EmptyBody","Swift Strike"],"campfire_rested":3,"item_purchase_floors":[2,30],"current_hp_per_floor":[72,72,58,58,55,19,40,40,40,38,38,38,31,31,52,26,72,68,68,68,55,55,55,55,17,17,17,3,26,26,5,5,0,0],"gold":294,"neow_bonus":"BOSS_RELIC","is_daily":false,"chose_seed":false,"campfire_upgraded":1,"win_rate":0.0,"timestamp":1611217715,"path_taken":["M","$","?","?","?","E","R","?","T","M","$","M","M","?","R","BOSS","M","?","M","?","$","R","?","M","T","?","?","R","$","M","R","BOSS"],"items_purchased_type":["Card","Card"],"build_version":"2020-12-22","purchased_purges":2,"victory":false,"max_hp_per_floor":[72,72,72,72,72,72,72,72,72,72,72,72,72,72,72,72,72,72,72,72,77,77,77,77,77,77,77,77,77,77,77,77,77,77],"card_choices":[{"not_picked":["CutThroughFate","PathToVictory","BowlingBash"],"picked":"SKIP","floor":1},{"not_picked":["Pray","Wireheading","SashWhip"],"picked":"Protect","floor":6},{"not_picked":["Worship","ClearTheMind","Pray","FollowUp"],"picked":"SKIP","floor":10},{"not_picked":["Worship","ClearTheMind","Pray","FollowUp"],"picked":"SKIP","floor":10},{"not_picked":["Wireheading+1","ReachHeaven","CarveReality"],"picked":"EmptyFist","floor":12},{"not_picked":["FearNoEvil","FollowUp","Indignation","Sanctity"],"picked":"SKIP","floor":13},{"not_picked":["JustLucky","Consecrate","Evaluate"],"picked":"FlurryOfBlows","floor":18},{"not_picked":["BowlingBash","EmptyFist+1","CrushJoints"],"picked":"LikeWater+1","floor":20},{"not_picked":["Protect","ClearTheMind","DeusExMachina","EmptyBody+1"],"picked":"SKIP","floor":25},{"not_picked":["CutThroughFate","Meditate+1","Prostrate","Protect"],"picked":"SKIP","floor":28},{"not_picked":["Crescendo","EmptyBody","BowlingBash","JustLucky+1"],"picked":"SKIP","floor":31}],"player_experience":139689,"relics_obtained":[{"floor":6,"key":"Ginger"},{"floor":9,"key":"Frozen Egg 2"}],"event_choices":[{"damage_healed":0,"gold_gain":0,"player_choice":"Entered Light","damage_taken":14,"max_hp_gain":0,"max_hp_loss":0,"event_name":"Shining Light","floor":3,"gold_loss":0,"cards_upgraded":["Eruption","EmptyBody"]},{"damage_healed":0,"gold_gain":175,"player_choice":"AGREE","damage_taken":0,"max_hp_gain":0,"max_hp_loss":0,"event_name":"Liars Game","floor":4,"gold_loss":0,"cards_obtained":["Doubt"]},{"damage_healed":0,"gold_gain":0,"player_choice":"Success","damage_taken":3,"relics_obtained":["Question Card"],"max_hp_gain":0,"max_hp_loss":0,"event_name":"Scrap Ooze","floor":5,"gold_loss":0},{"damage_healed":0,"gold_gain":0,"player_choice":"Searched \u00271\u0027 times","damage_taken":0,"relics_obtained":["Anchor"],"max_hp_gain":0,"max_hp_loss":0,"event_name":"Dead Adventurer","floor":8,"gold_loss":0},{"cards_removed":["Defend_P"],"damage_healed":0,"gold_gain":0,"player_choice":"Card Removal","damage_taken":0,"max_hp_gain":0,"max_hp_loss":0,"event_name":"The Cleric","floor":14,"gold_loss":50},{"damage_healed":0,"gold_gain":0,"player_choice":"Read","damage_taken":0,"max_hp_gain":0,"max_hp_loss":0,"event_name":"The Library","floor":19,"gold_loss":0,"cards_obtained":["LikeWater"]},{"damage_healed":0,"gold_gain":0,"player_choice":"Shed Blood","damage_taken":18,"max_hp_gain":5,"max_hp_loss":0,"event_name":"Forgotten Altar","floor":21,"gold_loss":0},{"damage_healed":0,"gold_gain":99,"player_choice":"Stole From Cult","damage_taken":0,"max_hp_gain":0,"max_hp_loss":0,"event_name":"Nest","floor":24,"gold_loss":0},{"damage_healed":0,"gold_gain":0,"player_choice":"Ignored","damage_taken":0,"max_hp_gain":0,"max_hp_loss":0,"event_name":"Ghosts","floor":27,"gold_loss":0}],"is_beta":false,"boss_relics":[{"not_picked":["Pandora\u0027s Box","Ectoplasm"],"picked":"Philosopher\u0027s Stone"}],"items_purged_floors":[2,11],"is_endless":false,"potions_floor_spawned":[6,13,16,20,25,31],"killed_by":"Champ","ascension_level":0}}