{"host":"cpfpi6qzkh3nfm6s","time":1611194814,"event":{"mods":["AchievementEnabler","BaseMod","Colored Map","Downfall","Minty Spire (QoL Compilation)","StSLib"],"gold_per_floor":[113,129,140,152,152,152,177,188,241,254,273,292,325,335,335,439,439,454,414,425,435,325,359,359,375,400,400,400,400,420,455,455,455,455],"floor_reached":33,"language":"ENG","playtime":1548,"items_purged":["Strike_R"],"score":303,"play_id":"39c122a9-3263-4f50-aef0-04076ea95edf","local_time":"20210121020654","is_ascension_mode":false,"campfire_choices":[{"data":"Metallicize","floor":6,"key":"SMITH"},{"data":"Dual Wield","floor":15,"key":"SMITH"},{"data":"Heavy Blade","floor":27,"key":"SMITH"},{"data":"Double Tap","floor":32,"key":"SMITH"}],"circlet_count":0,"master_deck":["Strike_R+1","Strike_R","Strike_R+1","Strike_R+1","Defend_R","Defend_R","Defend_R+1","Defend_R","Bash","Metallicize+1","Heavy Blade+1","Sword Boomerang","Anger","Dual Wield+1","Inflame","Inflame","Double Tap+1","Seeing Red","Sword Boomerang","Cleave+1","Rampage","Heavy Blade+1","Spot Weakness"],"relics":["Burning Blood","Blood Vial","Bronze Scales","Ancient Tea Set","Darkstone Periapt","Coffee Dripper","Happy Flower","Toy Ornithopter","MutagenicStrength","Self Forming Clay","Whetstone"],"acts_visited":["Exordium","TheCity"],"potions_floor_usage":[13,13,16,16,21,25,31,33],"damage_taken":[{"damage":1,"enemies":"Cultist","floor":1,"turns":3},{"damage":9,"enemies":"2 Louse","floor":2,"turns":3},{"damage":16,"enemies":"Small Slimes","floor":3,"turns":4},{"damage":12,"enemies":"Blue Slaver","floor":4,"turns":6},{"damage":33,"enemies":"3 Sentries","floor":7,"turns":12},{"damage":6,"enemies":"Exordium Thugs","floor":8,"turns":5},{"damage":6,"enemies":"3 Louse","floor":10,"turns":4},{"damage":4,"enemies":"Red Slaver","floor":11,"turns":3},{"damage":4,"enemies":"Looter","floor":12,"turns":3},{"damage":14,"enemies":"Lagavulin","floor":13,"turns":7},{"damage":10,"enemies":"Lots of Slimes","floor":14,"turns":4},{"damage":33,"enemies":"Hexaghost","floor":16,"turns":5},{"damage":10,"enemies":"Chosen","floor":18,"turns":4},{"damage":19,"enemies":"Spheric Guardian","floor":20,"turns":4},{"damage":16,"enemies":"Shelled Parasite and Fungi","floor":21,"turns":5},{"damage":10,"enemies":"Gremlin Leader","floor":23,"turns":5},{"damage":34,"enemies":"Cultist and Chosen","floor":25,"turns":5},{"damage":4,"enemies":"Snecko","floor":30,"turns":3},{"damage":27,"enemies":"Slavers","floor":31,"turns":5},{"damage":34,"enemies":"Automaton","floor":33,"turns":4}],"seed_played":"1346788244968063903","potions_obtained":[{"floor":1,"key":"Dexterity Potion"},{"floor":4,"key":"Block Potion"},{"floor":8,"key":"BloodPotion"},{"floor":14,"key":"FearPotion"},{"floor":18,"key":"Weak Potion"},{"floor":20,"key":"Swift Potion"},{"floor":23,"key":"Slimebound:ThreeZeroPotion"},{"floor":31,"key":"Strength Potion"}],"is_trial":false,"path_per_floor":["M","M","M","M","?","R","E","M","T","M","M","M","E","M","R","B",null,"M","?","M","M","$","E","?","M","T","R","?","T","M","E","R","B"],"character_chosen":"IRONCLAD","items_purchased":["Rampage"],"campfire_rested":0,"item_purchase_floors":[22],"current_hp_per_floor":[80,77,69,65,65,65,40,42,42,44,48,52,46,44,44,35,80,76,76,65,57,57,55,55,29,29,29,29,29,33,19,19,0,0],"gold":455,"neow_bonus":"RANDOM_COMMON_RELIC","is_daily":false,"chose_seed":false,"campfire_upgraded":4,"win_rate":0.0,"timestamp":1611194814,"path_taken":["M","M","M","M","?","R","E","M","T","M","?","M","E","M","R","BOSS","M","?","M","?","$","E","?","M","T","R","?","?","M","E","R","BOSS"],"items_purchased_type":["Card"],"build_version":"2020-12-22","purchased_purges":1,"victory":false,"max_hp_per_floor":[80,80,80,80,80,80,80,80,80,80,80,80,80,80,80,80,80,80,80,80,80,80,80,80,80,80,80,80,80,80,80,80,80,80],"card_choices":[{"not_picked":["Twin Strike","Headbutt"],"picked":"Metallicize","floor":1},{"not_picked":["Flame Barrier","Body Slam","Thunderclap"],"picked":"SKIP","floor":2},{"not_picked":["Power Through","Perfected Strike"],"picked":"Heavy Blade","floor":3},{"not_picked":["Twin Strike","Pommel Strike"],"picked":"Sword Boomerang","floor":4},{"not_picked":["Headbutt","Cleave"],"picked":"Anger","floor":7},{"not_picked":["Clothesline","Intimidate"],"picked":"Dual Wield","floor":8},{"not_picked":["Fiend Fire","Perfected Strike"],"picked":"Inflame","floor":10},{"not_picked":["Clash","Armaments","Feel No Pain"],"picked":"SKIP","floor":11},{"not_picked":["True Grit","Flame Barrier","Flex"],"picked":"SKIP","floor":12},{"not_picked":["Dropkick","Offering","True Grit"],"picked":"SKIP","floor":13},{"not_picked":["Metallicize","Intimidate"],"picked":"Inflame","floor":14},{"not_picked":["Impervious","Limit Break"],"picked":"Double Tap","floor":16},{"not_picked":["Burning Pact","Intimidate"],"picked":"Seeing Red","floor":18},{"not_picked":["Feel No Pain","Twin Strike+1"],"picked":"Sword Boomerang","floor":20},{"not_picked":["Searing Blow+1","Body Slam+1"],"picked":"Cleave+1","floor":21},{"not_picked":["Headbutt","Clothesline","Searing Blow"],"picked":"SKIP","floor":23},{"not_picked":["Sever Soul","Thunderclap"],"picked":"Heavy Blade","floor":25},{"not_picked":["Cleave","Hemokinesis+1","Flame Barrier"],"picked":"SKIP","floor":30},{"not_picked":["Second Wind+1","Perfected Strike"],"picked":"Spot Weakness","floor":31}],"player_experience":2557,"relics_obtained":[{"floor":7,"key":"Bronze Scales"},{"floor":9,"key":"Ancient Tea Set"},{"floor":13,"key":"Darkstone Periapt"},{"floor":23,"key":"Happy Flower"},{"floor":26,"key":"Toy Ornithopter"},{"floor":29,"key":"Self Forming Clay"},{"floor":31,"key":"Whetstone"}],"event_choices":[{"damage_healed":0,"gold_gain":0,"player_choice":"Upgraded","damage_taken":0,"max_hp_gain":0,"max_hp_loss":0,"event_name":"Upgrade Shrine","floor":5,"gold_loss":0,"cards_upgraded":["Heavy Blade"]},{"damage_healed":0,"gold_gain":0,"player_choice":"Upgraded Two","damage_taken":0,"max_hp_gain":0,"max_hp_loss":0,"event_name":"Designer","floor":19,"gold_loss":40,"cards_upgraded":["Strike_R","Defend_R"]},{"damage_healed":0,"gold_gain":0,"player_choice":"Ignored","damage_taken":0,"max_hp_gain":0,"max_hp_loss":0,"event_name":"Beggar","floor":24,"gold_loss":0},{"damage_healed":0,"gold_gain":0,"player_choice":"Inject Mutagens","damage_taken":0,"relics_obtained":["MutagenicStrength"],"max_hp_gain":0,"max_hp_loss":0,"event_name":"Drug Dealer","floor":28,"gold_loss":0}],"is_beta":false,"boss_relics":[{"not_picked":["Fusion Hammer","Runic Pyramid"],"picked":"Coffee Dripper"}],"items_purged_floors":[22],"is_endless":false,"potions_floor_spawned":[1,4,8,12,14,18,20,23,31],"killed_by":"Automaton","ascension_level":0}}