{"host":"ifd7sfhtlbe34qll","time":1611189683,"event":{"mods":["2.2 Compatiblity","BaseMod","Block Reminder","Colored Map","Curses Come First","Highlight Path","Minty Spire (QoL Compilation)","Potion Indicator Mod","Quick Restart","Relic Stats","StSLib"],"gold_per_floor":[114,130,143,48,48,48,80,94,94,121,121,155,155,188,188,264,264,284,284,298,81,98,98,128,141,141,141,175,175,175,188,188,261,261,274,290,300,300,102,102,102],"floor_reached":40,"language":"ENG","playtime":3266,"items_purged":["Streamline"],"score":908,"play_id":"4c6275c8-7666-4676-8d05-cb5fd4a3edc5","local_time":"20210120184123","is_ascension_mode":true,"campfire_choices":[{"data":"Defragment","floor":6,"key":"SMITH"},{"floor":13,"key":"REST"},{"data":"Self Repair","floor":15,"key":"SMITH"},{"data":"Defragment","floor":23,"key":"SMITH"},{"data":"Fusion","floor":27,"key":"SMITH"},{"data":"Zap","floor":30,"key":"SMITH"},{"data":"Coolheaded","floor":32,"key":"SMITH"}],"circlet_count":0,"master_deck":["AscendersBane","Zap+1","Doom and Gloom","Defragment+1","Glacier","Genetic Algorithm+1","Ball Lightning","Self Repair+1","Seek","Undo+1","Electrodynamics","Echo Form","FTL","Coolheaded+1","Double Energy","White Noise","Fusion+1","Conserve Battery","Defragment+1","Turbo","Glacier","Compile Driver","Meteor Strike","Defragment","Loop"],"relics":["Cracked Core","Centennial Puzzle","Vajra","Pantograph","Ancient Tea Set","Ginger","Pandora\u0027s Box","Nunchaku","Symbiotic Virus","Eternal Feather","Empty Cage","War Paint"],"acts_visited":["Exordium","TheCity","TheBeyond"],"potions_floor_usage":[7,10,16,16,22,22,24,24,37,40],"damage_taken":[{"damage":1,"enemies":"Cultist","floor":1,"turns":4},{"damage":0,"enemies":"Small Slimes","floor":2,"turns":2},{"damage":1,"enemies":"2 Louse","floor":3,"turns":4},{"damage":6,"enemies":"3 Sentries","floor":7,"turns":6},{"damage":16,"enemies":"Exordium Wildlife","floor":8,"turns":4},{"damage":8,"enemies":"Gremlin Nob","floor":10,"turns":3},{"damage":30,"enemies":"3 Sentries","floor":12,"turns":6},{"damage":8,"enemies":"Gremlin Nob","floor":14,"turns":3},{"damage":38,"enemies":"Hexaghost","floor":16,"turns":8},{"damage":8,"enemies":"Shell Parasite","floor":18,"turns":8},{"damage":1,"enemies":"3 Byrds","floor":20,"turns":6},{"damage":6,"enemies":"Snake Plant","floor":22,"turns":5},{"damage":23,"enemies":"Book of Stabbing","floor":24,"turns":7},{"damage":21,"enemies":"Shelled Parasite and Fungi","floor":25,"turns":6},{"damage":24,"enemies":"Slavers","floor":28,"turns":5},{"damage":1,"enemies":"Centurion and Healer","floor":31,"turns":4},{"damage":9,"enemies":"Automaton","floor":33,"turns":10},{"damage":0,"enemies":"Orb Walker","floor":35,"turns":3},{"damage":0,"enemies":"3 Darklings","floor":36,"turns":4},{"damage":10,"enemies":"Transient","floor":37,"turns":6},{"damage":89,"enemies":"Nemesis","floor":40,"turns":10}],"seed_played":"6091236702988317960","potions_obtained":[{"floor":1,"key":"DistilledChaos"},{"floor":2,"key":"Strength Potion"},{"floor":10,"key":"FocusPotion"},{"floor":14,"key":"EntropicBrew"},{"floor":18,"key":"Regen Potion"},{"floor":22,"key":"EntropicBrew"},{"floor":28,"key":"Dexterity Potion"},{"floor":36,"key":"ColorlessPotion"},{"floor":37,"key":"DistilledChaos"}],"is_trial":false,"path_per_floor":["M","M","M","$","$","R","E","M","T","E","?","E","R","E","R","B",null,"M","?","M","$","M","R","E","M","T","R","E","?","R","M","R","B",null,"M","M","M","?","$","E"],"character_chosen":"DEFECT","items_purchased":["Genetic Algorithm","Ball Lightning","Defragment","Turbo","Loop","War Paint"],"campfire_rested":1,"item_purchase_floors":[4,4,21,21,39,39],"current_hp_per_floor":[70,70,69,69,69,69,63,47,47,39,39,9,32,31,31,28,66,68,46,55,55,73,73,60,59,59,59,45,45,60,79,83,83,83,83,83,83,83,83,0,0],"gold":102,"neow_bonus":"TEN_PERCENT_HP_BONUS","is_daily":false,"chose_seed":false,"campfire_upgraded":6,"win_rate":0.0,"timestamp":1611189683,"path_taken":["M","M","M","?","$","R","E","M","T","E","?","E","R","E","R","BOSS","M","?","M","$","M","R","E","M","T","R","E","?","R","M","R","BOSS","M","M","M","?","$","E"],"items_purchased_type":["Card","Card","Card","Card","Card","Relic"],"build_version":"2020-12-22","purchased_purges":1,"victory":false,"max_hp_per_floor":[78,78,78,78,78,78,78,78,78,78,78,78,78,78,78,78,78,78,83,83,83,83,83,83,83,83,83,83,83,83,83,83,83,83,83,83,83,83,83,83,83],"relic_stats":{"Centennial Puzzle":[45],"Nunchaku":[6],"counters":[21,114],"Pantograph":25,"Pandora\u0027s Box":["Beam Cell","Echo Form","FTL","Coolheaded","Double Energy","White Noise","Fusion"],"Eternal Feather":19,"Ginger":[4],"War Paint":["Undo","Genetic Algorithm"],"obtain_stats":[{"Centennial Puzzle":7,"Nunchaku":24,"Pantograph":10,"Vajra":9,"Pandora\u0027s Box":17,"Eternal Feather":28,"Ginger":14,"War Paint":39,"Cracked Core":0,"Ancient Tea Set":12,"Symbiotic Virus":26,"Empty Cage":34},{"Centennial Puzzle":4,"Nunchaku":13,"Pantograph":6,"Vajra":5,"Pandora\u0027s Box":9,"Eternal Feather":15,"Ginger":8,"War Paint":20,"Cracked Core":0,"Ancient Tea Set":7,"Symbiotic Virus":14,"Empty Cage":17},{"Centennial Puzzle":16,"Nunchaku":66,"Pantograph":23,"Vajra":20,"Pandora\u0027s Box":40,"Eternal Feather":77,"Ginger":32,"War Paint":104,"Cracked Core":0,"Ancient Tea Set":29,"Symbiotic Virus":72,"Empty Cage":91}]},"card_choices":[{"not_picked":["Force Field","Scrape"],"picked":"Doom and Gloom","floor":1},{"not_picked":["Conserve Battery","Sweeping Beam"],"picked":"Defragment","floor":2},{"not_picked":["Self Repair","Turbo"],"picked":"Glacier","floor":3},{"not_picked":["Aggregate","Turbo"],"picked":"Streamline","floor":7},{"not_picked":["Streamline","Skim"],"picked":"Self Repair","floor":8},{"not_picked":["Glacier","Lockon"],"picked":"Seek","floor":10},{"not_picked":["Coolheaded","Beam Cell"],"picked":"Undo","floor":12},{"not_picked":["Leap","Redo"],"picked":"Steam","floor":14},{"not_picked":["Buffer","Hyperbeam"],"picked":"Electrodynamics","floor":16},{"not_picked":["Blizzard","White Noise"],"picked":"Conserve Battery","floor":18},{"not_picked":["Conserve Battery","Coolheaded","Consume"],"picked":"SKIP","floor":20},{"not_picked":["Stack","Leap","Coolheaded"],"picked":"SKIP","floor":22},{"not_picked":["Rainbow","Conserve Battery"],"picked":"Glacier","floor":24},{"not_picked":["Stack","Rebound"],"picked":"Compile Driver","floor":25},{"not_picked":["Skim","Conserve Battery","Melter"],"picked":"SKIP","floor":28},{"not_picked":["Leap","Streamline","Reinforced Body"],"picked":"SKIP","floor":31},{"not_picked":["Leap","Streamline","Reinforced Body"],"picked":"SKIP","floor":31},{"not_picked":["Buffer","All For One"],"picked":"Meteor Strike","floor":33},{"not_picked":["Genetic Algorithm+1","Compile Driver"],"picked":"Defragment","floor":35},{"not_picked":["Rebound","Leap","Chill"],"picked":"SKIP","floor":36},{"not_picked":["Self Repair","Go for the Eyes","Storm+1"],"picked":"SKIP","floor":37}],"player_experience":1433035,"relics_obtained":[{"floor":7,"key":"Centennial Puzzle"},{"floor":9,"key":"Vajra"},{"floor":10,"key":"Pantograph"},{"floor":12,"key":"Ancient Tea Set"},{"floor":14,"key":"Ginger"},{"floor":24,"key":"Nunchaku"},{"floor":26,"key":"Symbiotic Virus"},{"floor":28,"key":"Eternal Feather"}],"event_choices":[{"cards_removed":["Strike_B"],"damage_healed":0,"gold_gain":0,"player_choice":"Forget","damage_taken":0,"max_hp_gain":0,"max_hp_loss":0,"event_name":"Living Wall","floor":11,"gold_loss":0},{"damage_healed":0,"gold_gain":0,"player_choice":"Shed Blood","damage_taken":27,"max_hp_gain":5,"max_hp_loss":0,"event_name":"Forgotten Altar","floor":19,"gold_loss":0},{"damage_healed":0,"gold_gain":0,"player_choice":"Ignored","damage_taken":0,"max_hp_gain":0,"max_hp_loss":0,"event_name":"Vampires","floor":29,"gold_loss":0},{"cards_removed":["Dualcast"],"damage_healed":0,"gold_gain":0,"player_choice":"Offered Basic","damage_taken":0,"max_hp_gain":0,"max_hp_loss":0,"event_name":"Bonfire Elementals","floor":38,"gold_loss":0}],"is_beta":false,"boss_relics":[{"not_picked":["Nuclear Battery","Busted Crown"],"picked":"Pandora\u0027s Box"},{"not_picked":["Astrolabe","Fusion Hammer"],"picked":"Empty Cage"}],"items_purged_floors":[21],"is_endless":false,"potions_floor_spawned":[1,2,10,14,16,18,20,22,28,31,36,37],"killed_by":"Nemesis","ascension_level":20}}