{"host":"rjbqai8ni6dsiu37","time":1611226148,"event":{"mods":["100% Spire Juice","BaseMod","CapriCore","Lobotomy","Minty Spire (QoL Compilation)","StSLib","The Poker Player","WarShipGirlsR/??á´Ò³R mod"],"gold_per_floor":[112,124,124,124,137,137,169,169,169,187,212,230,264,284,284,386,386,398,398,398,76,76,76,107,120,120,133,153,108,108,122,122,122,122],"floor_reached":33,"language":"KOR","playtime":1037,"items_purged":["rmod:strick"],"score":459,"play_id":"05814486-25e0-4b19-a1a5-8db276581b3d","local_time":"20210121194908","is_ascension_mode":true,"campfire_choices":[{"data":"rmod:openingtorpedo","floor":6.0,"key":"SMITH"},{"data":"rmod:aviationdawn","floor":8.0,"key":"SMITH"},{"data":"rmod:aviationdawn","floor":15.0,"key":"SMITH"},{"data":"rmod:aluminumsupply","floor":23.0,"key":"SMITH"},{"data":"rmod:robin","floor":32.0,"key":"SMITH"}],"circlet_count":0,"master_deck":["AscendersBane","rmod:strick","rmod:strick","rmod:defend","rmod:defend","rmod:defend","rmod:defend","rmod:basicallowance","rmod:maingunfire","rmod:intelligenceanalysis","rmod:aviationdawn+1","rmod:openingtorpedo+1","rmod:aluminumsupply+1","rmod:robin+1","rmod:aviationdawn+1","rmod:unsinkable","rmod:smokecover","rmod:mineteam","rmod:circuitoustactics+1","rmod:supportescort","rmod:circuitoustactics"],"relics":["rmod:firstchargereward","Singing Bowl","Blue Candle","Anchor","Bronze Scales","rmod:monthlycard","Meat on the Bone","Bottled Lightning","Potion Belt"],"acts_visited":["Exordium","TheCity"],"potions_floor_usage":[],"damage_taken":[{"damage":7.0,"enemies":"Small Slimes","floor":1.0,"turns":2.0},{"damage":0.0,"enemies":"Jaw Worm","floor":2.0,"turns":3.0},{"damage":0.0,"enemies":"Cultist","floor":5.0,"turns":2.0},{"damage":39.0,"enemies":"3 Sentries","floor":7.0,"turns":7.0},{"damage":0.0,"enemies":"3 Louse","floor":10.0,"turns":2.0},{"damage":8.0,"enemies":"Gremlin Nob","floor":11.0,"turns":3.0},{"damage":1.0,"enemies":"Large Slime","floor":12.0,"turns":3.0},{"damage":7.0,"enemies":"3 Sentries","floor":13.0,"turns":4.0},{"damage":0.0,"enemies":"Exordium Wildlife","floor":14.0,"turns":3.0},{"damage":21.0,"enemies":"Hexaghost","floor":16.0,"turns":9.0},{"damage":18.0,"enemies":"Spheric Guardian","floor":18.0,"turns":4.0},{"damage":0.0,"enemies":"2 Thieves","floor":19.0,"turns":1.0},{"damage":18.0,"enemies":"Slavers","floor":24.0,"turns":3.0},{"damage":19.0,"enemies":"Snake Plant","floor":25.0,"turns":3.0},{"damage":0.0,"enemies":"Cultist and Chosen","floor":27.0,"turns":6.0},{"damage":0.0,"enemies":"3 Cultists","floor":28.0,"turns":2.0},{"damage":5.0,"enemies":"Chosen and Byrds","floor":31.0,"turns":5.0},{"damage":46,"enemies":"Automaton","floor":33,"turns":5}],"seed_played":"-64815436125756130","potions_obtained":[{"floor":2.0,"key":"Regen Potion"},{"floor":4.0,"key":"Strength Potion"},{"floor":4.0,"key":"Regen Potion"},{"floor":10.0,"key":"Explosive Potion"},{"floor":11.0,"key":"ColorlessPotion"},{"floor":12.0,"key":"SmokeBomb"},{"floor":16.0,"key":"AttackPotion"},{"floor":27.0,"key":"SkillPotion"}],"is_trial":false,"path_per_floor":["M","M","?","?","M","R","E","R","T","M","E","M","E","M","R","B",null,"M","M","?","$","?","R","E","M","T","M","M","$","?","M","R","B"],"character_chosen":"PRAEFECT","items_purchased":["Meat on the Bone","rmod:supportescort"],"campfire_rested":0,"item_purchase_floors":[21,29],"current_hp_per_floor":[61,61,54,54,54,54,30,30,30,32,24,23,28,30,30,11,64,46,46,46,46,31,31,27,22,22,36,48,48,32,39,39,0,0],"gold":122,"neow_bonus":"THREE_CARDS","is_daily":false,"chose_seed":false,"campfire_upgraded":5,"win_rate":0.0,"timestamp":1611226148,"path_taken":["M","M","?","?","M","R","E","R","T","M","E","M","E","?","R","BOSS","M","M","?","$","?","R","E","M","T","M","M","$","?","?","R","BOSS"],"items_purchased_type":["Relic","Card"],"build_version":"2020-12-22","purchased_purges":1,"victory":false,"max_hp_per_floor":[75,75,75,75,75,75,75,75,75,77,77,77,77,79,79,81,81,81,81,81,81,86,86,88,90,90,92,92,92,92,92,92,92,92],"card_choices":[{"not_picked":["rmod:maintain","rmod:luckystar"],"picked":"rmod:intelligenceanalysis","floor":0.0},{"not_picked":["rmod:fuelsupply","rmod:diamondstrike"],"picked":"rmod:aviationdawn","floor":1.0},{"not_picked":["rmod:diamondstrike","rmod:intelligenceanalysis"],"picked":"rmod:openingtorpedo","floor":2.0},{"not_picked":["rmod:firesupport","rmod:wife"],"picked":"rmod:aluminumsupply","floor":5.0},{"not_picked":["rmod:fletcherpendant","rmod:capitalist"],"picked":"rmod:robin","floor":7.0},{"not_picked":["rmod:aluminumsupply","rmod:diamondstrike","rmod:tearstotiara"],"picked":"Singing Bowl","floor":10.0},{"not_picked":["rmod:highspeedshooting","rmod:concentratefire"],"picked":"rmod:aviationdawn","floor":11.0},{"not_picked":["rmod:lonelyqueen","rmod:diamondstrike"],"picked":"rmod:unsinkable","floor":12.0},{"not_picked":["rmod:auspiciousomen","rmod:diamondstrike"],"picked":"rmod:smokecover","floor":13.0},{"not_picked":["rmod:unsinkable","rmod:maintain","rmod:wolves"],"picked":"Singing Bowl","floor":14.0},{"not_picked":["rmod:fletcher","rmod:stealaluminum","rmod:windflower"],"picked":"Singing Bowl","floor":16.0},{"not_picked":["rmod:unsinkable","rmod:steelsupply"],"picked":"rmod:mineteam","floor":18.0},{"not_picked":["rmod:goodfighter+1","rmod:mineteam","rmod:intelligenceanalysis"],"picked":"Singing Bowl","floor":24.0},{"not_picked":["rmod:luckystar","rmod:diamondstrike+1","rmod:highspeedshooting"],"picked":"Singing Bowl","floor":25.0},{"not_picked":["rmod:lonelyqueen","rmod:capitalist","rmod:firesupport"],"picked":"Singing Bowl","floor":27.0},{"not_picked":["rmod:slowdown","rmod:luckystar+1"],"picked":"rmod:circuitoustactics+1","floor":28.0},{"not_picked":["rmod:fletcherpendant","rmod:victimresponsibility"],"picked":"rmod:circuitoustactics","floor":31.0}],"player_experience":198233,"relics_obtained":[{"floor":7.0,"key":"Singing Bowl"},{"floor":9.0,"key":"Blue Candle"},{"floor":11.0,"key":"Anchor"},{"floor":13.0,"key":"Bronze Scales"},{"floor":24.0,"key":"Bottled Lightning"},{"floor":26.0,"key":"Potion Belt"}],"event_choices":[{"cards_removed":["rmod:strick"],"damage_healed":0.0,"max_hp_gain":0.0,"max_hp_loss":0.0,"gold_gain":0.0,"event_name":"Golden Wing","player_choice":"Card Removal","floor":3.0,"gold_loss":0.0,"damage_taken":7.0},{"damage_healed":0.0,"max_hp_gain":0.0,"max_hp_loss":0.0,"gold_gain":0.0,"event_name":"Lab","player_choice":"Got Potions","floor":4.0,"gold_loss":0.0,"damage_taken":0.0},{"damage_healed":0.0,"max_hp_gain":0.0,"max_hp_loss":0.0,"gold_gain":0.0,"event_name":"Vampires","player_choice":"Ignored","floor":20.0,"gold_loss":0.0,"damage_taken":0.0},{"damage_healed":0.0,"max_hp_gain":5.0,"max_hp_loss":0.0,"gold_gain":0.0,"event_name":"Forgotten Altar","player_choice":"Shed Blood","floor":22.0,"gold_loss":0.0,"damage_taken":20.0},{"damage_healed":0.0,"max_hp_gain":0.0,"max_hp_loss":0.0,"gold_gain":0.0,"event_name":"Cursed Tome","player_choice":"Obtained Book","floor":30.0,"gold_loss":0.0,"damage_taken":16.0}],"is_beta":false,"boss_relics":[{"not_picked":["Pandora\u0027s Box","Runic Dome"],"picked":"rmod:monthlycard"}],"items_purged_floors":[21],"is_endless":false,"potions_floor_spawned":[2,10,11,12,16,19,27],"killed_by":"Automaton","ascension_level":10}}