{"host":"krw8blyxua7at9ak","time":1611259212,"event":{"mods":["BaseMod","Highlight Path","Minty Spire (QoL Compilation)","ojb\u0027s Info Mod"],"gold_per_floor":[119,194,11,11,25,51,69,89,89,115,145,158,185,203,203,276,276,291,304,100,100,117,149,168,201,228,110,140,151,180,192,192,269,269,284,284,284,304,323,323,348,20,46,57,72,72,72,106,106,106,106,106,106,53,83,83,83],"floor_reached":56,"language":"ENG","playtime":3761,"items_purged":["Strike_G"],"score":2193,"play_id":"97d1177e-22c8-4073-b748-f8af19ffc12c","local_time":"20210121210012","is_ascension_mode":true,"campfire_choices":[{"data":"Apotheosis","floor":15,"key":"SMITH"},{"floor":32,"key":"RECALL"},{"data":"Acrobatics","floor":40,"key":"SMITH"},{"floor":46,"key":"REST"},{"floor":49,"key":"REST"},{"floor":53,"key":"REST"}],"circlet_count":0,"master_deck":["AscendersBane","Strike_G","Strike_G","Strike_G","Strike_G+1","Defend_G","Defend_G","Defend_G","Defend_G+1","Defend_G+1","Survivor","Neutralize","Apotheosis+1","Terror","Underhanded Strike+1","Dagger Spray","Dash","All Out Attack","Malaise","Underhanded Strike","Leg Sweep","Dash","Noxious Fumes+1","Choke","Eviscerate","Phantasmal Killer","Dagger Throw","Acrobatics+1","Wraith Form v2+1","Underhanded Strike","Regret","Wraith Form v2+1","A Thousand Cuts+1","Normality","Acrobatics+1","Mayhem+1"],"relics":["Ring of the Snake","NeowsBlessing","Orichalcum","Strawberry","Frozen Egg 2","Odd Mushroom","Whetstone","Snecko Eye","PreservedInsect","Anchor","Blood Vial","Vajra","Ice Cream","InkBottle","Cursed Key","Mummified Hand","Toolbox","Ancient Tea Set","Centennial Puzzle","Blue Candle","Letter Opener"],"acts_visited":["Exordium","TheCity","TheBeyond","TheEnding"],"potions_floor_usage":[10,11,16,23,33,56,56],"damage_taken":[{"damage":0,"enemies":"Jaw Worm","floor":1,"turns":1},{"damage":0,"enemies":"Small Slimes","floor":5,"turns":1},{"damage":0,"enemies":"3 Sentries","floor":6,"turns":1},{"damage":0,"enemies":"Cultist","floor":7,"turns":3},{"damage":10,"enemies":"Large Slime","floor":8,"turns":5},{"damage":0,"enemies":"Gremlin Nob","floor":10,"turns":3},{"damage":0,"enemies":"The Mushroom Lair","floor":11,"turns":3},{"damage":2,"enemies":"Lots of Slimes","floor":12,"turns":3},{"damage":8,"enemies":"3 Sentries","floor":13,"turns":6},{"damage":6,"enemies":"Red Slaver","floor":14,"turns":4},{"damage":6,"enemies":"Slime Boss","floor":16,"turns":9},{"damage":11,"enemies":"Spheric Guardian","floor":18,"turns":4},{"damage":23,"enemies":"3 Byrds","floor":19,"turns":6},{"damage":0,"enemies":"Snake Plant","floor":22,"turns":4},{"damage":14,"enemies":"Slavers","floor":23,"turns":4},{"damage":19,"enemies":"Sentry and Sphere","floor":24,"turns":10},{"damage":0,"enemies":"Gremlin Leader","floor":25,"turns":6},{"damage":8,"enemies":"Slavers","floor":28,"turns":4},{"damage":0,"enemies":"Shelled Parasite and Fungi","floor":29,"turns":4},{"damage":23,"enemies":"Gremlin Leader","floor":30,"turns":3},{"damage":0,"enemies":"Snecko","floor":31,"turns":4},{"damage":15,"enemies":"Automaton","floor":33,"turns":6},{"damage":0,"enemies":"3 Darklings","floor":35,"turns":4},{"damage":5,"enemies":"Orb Walker","floor":38,"turns":4},{"damage":0,"enemies":"3 Darklings","floor":39,"turns":4},{"damage":4,"enemies":"Reptomancer","floor":41,"turns":6},{"damage":1,"enemies":"Jaw Worm Horde","floor":44,"turns":4},{"damage":2,"enemies":"Transient","floor":45,"turns":6},{"damage":0,"enemies":"Nemesis","floor":48,"turns":5},{"damage":15,"enemies":"Donu and Deca","floor":50,"turns":8},{"damage":56,"enemies":"Time Eater","floor":51,"turns":9},{"damage":18,"enemies":"Shield and Spear","floor":55,"turns":6},{"damage":69,"enemies":"The Heart","floor":56,"turns":9}],"seed_played":"5655887638772695631","potions_obtained":[{"floor":1,"key":"Strength Potion"},{"floor":6,"key":"AttackPotion"},{"floor":14,"key":"Dexterity Potion"},{"floor":19,"key":"SteroidPotion"},{"floor":22,"key":"SmokeBomb"},{"floor":23,"key":"Block Potion"},{"floor":28,"key":"GamblersBrew"},{"floor":35,"key":"DistilledChaos"},{"floor":45,"key":"ColorlessPotion"},{"floor":48,"key":"AttackPotion"}],"is_trial":false,"path_per_floor":["M","?","$","?","M","E","M","M","T","E","?","M","E","M","R","B",null,"M","M","$","?","M","E","M","E","T","$","E","M","E","M","R","B",null,"M","T","?","M","M","R","E","$","T","M","M","R","?","E","R","B","B",null,"R","$","E","B"],"character_chosen":"THE_SILENT","items_purchased":["Apotheosis","PreservedInsect","Leg Sweep","Eviscerate","Toolbox","Ancient Tea Set","Strength Potion"],"campfire_rested":3,"item_purchase_floors":[3,20,20,27,42,42,54],"current_hp_per_floor":[59,48,48,28,28,28,28,18,25,25,25,23,15,9,9,3,56,45,22,22,83,83,69,50,50,50,50,44,46,25,27,27,14,66,68,68,68,65,67,67,65,65,65,66,66,83,73,75,83,68,14,66,83,83,65,0,0],"gold":83,"neow_bonus":"THREE_ENEMY_KILL","is_daily":false,"chose_seed":false,"campfire_upgraded":2,"win_rate":0.0,"timestamp":1611259212,"path_taken":["M","?","$","?","M","E","M","M","T","E","?","M","E","?","R","BOSS","M","?","$","?","M","E","?","E","T","?","E","M","E","M","R","BOSS","M","?","?","M","?","R","E","$","T","M","M","R","?","E","R","BOSS","BOSS","R","$","E","BOSS"],"items_purchased_type":["Card","Relic","Card","Card","Relic","Relic","Potion"],"build_version":"2020-12-22","purchased_purges":1,"victory":false,"max_hp_per_floor":[66,66,66,66,66,66,66,66,73,73,73,73,73,73,73,73,73,73,73,73,83,83,83,83,83,83,83,83,83,83,83,83,83,83,83,83,83,83,83,83,83,83,83,83,83,83,83,83,83,83,83,83,83,83,83,83,83],"card_choices":[{"not_picked":["Expertise","Prepared","Concentrate"],"picked":"SKIP","floor":1},{"not_picked":["Deadly Poison","Quick Slash"],"picked":"Terror","floor":5},{"not_picked":["Backflip","Reflex"],"picked":"Unload","floor":6},{"not_picked":["Dagger Spray","Flying Knee"],"picked":"Underhanded Strike","floor":7},{"not_picked":["Deadly Poison","Cloak And Dagger"],"picked":"Dagger Spray","floor":8},{"not_picked":["Distraction","Acrobatics","Burst"],"picked":"SKIP","floor":10},{"not_picked":["Underhanded Strike","Terror","Concentrate"],"picked":"SKIP","floor":12},{"not_picked":["Quick Slash","Finisher"],"picked":"Dash","floor":13},{"not_picked":["Deflect","Heel Hook"],"picked":"All Out Attack","floor":14},{"not_picked":["Night Terror","Corpse Explosion"],"picked":"Malaise","floor":16},{"not_picked":["Poisoned Stab","Flying Knee"],"picked":"Underhanded Strike","floor":18},{"not_picked":["Escape Plan","Quick Slash","Deflect"],"picked":"SKIP","floor":19},{"not_picked":["Dagger Spray","Cloak And Dagger","Quick Slash"],"picked":"SKIP","floor":22},{"not_picked":["Phantasmal Killer","All Out Attack"],"picked":"Dash","floor":23},{"not_picked":["Catalyst","Deadly Poison"],"picked":"Noxious Fumes+1","floor":24},{"not_picked":["Bane","Slice"],"picked":"Choke","floor":25},{"not_picked":["All Out Attack","Bane"],"picked":"Phantasmal Killer","floor":28},{"not_picked":["Dagger Spray","Underhanded Strike"],"picked":"Dagger Throw","floor":29},{"not_picked":["Distraction","Caltrops+1","Deflect"],"picked":"SKIP","floor":30},{"not_picked":["Cloak And Dagger","Dodge and Roll"],"picked":"Acrobatics","floor":31},{"not_picked":["Night Terror","Unload"],"picked":"Wraith Form v2+1","floor":33},{"not_picked":["Blade Dance","Backflip"],"picked":"Underhanded Strike","floor":35},{"not_picked":["Sucker Punch","Dodge and Roll","Catalyst+1"],"picked":"SKIP","floor":38},{"not_picked":["PiercingWail","Endless Agony","Slice"],"picked":"SKIP","floor":39},{"not_picked":["Deflect","Skewer"],"picked":"A Thousand Cuts+1","floor":41},{"not_picked":["Blade Dance","Outmaneuver","Distraction+1"],"picked":"SKIP","floor":44},{"not_picked":["Expertise","Finisher+1"],"picked":"Acrobatics+1","floor":45},{"not_picked":["Forethought","Good Instincts"],"picked":"Mayhem+1","floor":47},{"not_picked":["Slice+1","Endless Agony","Dodge and Roll"],"picked":"SKIP","floor":48},{"not_picked":["Deflect+1","PiercingWail","Slice"],"picked":"SKIP","floor":55}],"player_experience":351006,"relics_obtained":[{"floor":6,"key":"Orichalcum"},{"floor":9,"key":"Strawberry"},{"floor":10,"key":"Frozen Egg 2"},{"floor":11,"key":"Odd Mushroom"},{"floor":13,"key":"Whetstone"},{"floor":23,"key":"Anchor"},{"floor":25,"key":"Blood Vial"},{"floor":26,"key":"Vajra"},{"floor":28,"key":"Ice Cream"},{"floor":30,"key":"InkBottle"},{"floor":41,"key":"Mummified Hand"},{"floor":43,"key":"Centennial Puzzle"},{"floor":48,"key":"Blue Candle"},{"floor":55,"key":"Letter Opener"}],"event_choices":[{"damage_healed":0,"gold_gain":75,"player_choice":"Gather Gold","damage_taken":11,"max_hp_gain":0,"max_hp_loss":0,"event_name":"World of Goop","floor":2,"gold_loss":0},{"damage_healed":0,"gold_gain":0,"player_choice":"Entered Light","damage_taken":20,"max_hp_gain":0,"max_hp_loss":0,"event_name":"Shining Light","floor":4,"gold_loss":0,"cards_upgraded":["Defend_G","Defend_G"]},{"damage_healed":0,"gold_gain":0,"player_choice":"Fought Mushrooms","damage_taken":0,"max_hp_gain":0,"max_hp_loss":0,"event_name":"Mushrooms","floor":11,"gold_loss":0},{"cards_removed":["Unload"],"damage_healed":51,"gold_gain":0,"player_choice":"Offered Rare","damage_taken":0,"max_hp_gain":10,"max_hp_loss":0,"event_name":"Bonfire Elementals","floor":21,"gold_loss":0},{"damage_healed":0,"gold_gain":0,"player_choice":"Copied","damage_taken":0,"max_hp_gain":0,"max_hp_loss":0,"event_name":"Duplicator","floor":37,"gold_loss":0,"cards_obtained":["Wraith Form v2"]},{"damage_healed":0,"gold_gain":0,"player_choice":"Memory 3","damage_taken":10,"max_hp_gain":0,"max_hp_loss":0,"event_name":"SensoryStone","floor":47,"gold_loss":0}],"is_beta":false,"boss_relics":[{"not_picked":["Astrolabe","Philosopher\u0027s Stone"],"picked":"Snecko Eye"},{"not_picked":["WristBlade","Runic Pyramid"],"picked":"Cursed Key"}],"items_purged_floors":[27],"is_endless":false,"potions_floor_spawned":[1,6,8,14,19,22,23,28,35,39,45,48],"killed_by":"The Heart","ascension_level":20}}