{"host":"tubmkv2g6v9d0kjw","time":1611230486,"event":{"mods":["2.2 Compatiblity","BaseMod","Conspire","Downfall","Hubris","Minty Spire (QoL Compilation)","StSLib"],"gold_per_floor":[99,110,141,141,141,155,155,169,169,31,44,79,79,26,37,37,37,37],"floor_reached":16,"language":"ENG","playtime":769,"items_purged":["hexamod:Strike"],"score":100,"play_id":"7e1dedfa-ddb3-41b6-83eb-d8969e87ad24","local_time":"20210121060126","is_ascension_mode":false,"campfire_choices":[{"floor":1,"key":"RECALL"},{"data":"hexamod:Float","floor":9,"key":"SMITH"},{"floor":13,"key":"REST"}],"circlet_count":0,"master_deck":["hexamod:Strike","hexamod:Strike+1","hexamod:Strike","hexamod:Defend","hexamod:Defend+1","hexamod:Defend","hexamod:Defend","hexamod:Sear+1","hexamod:Float+1","hexamod:SwordOfDarkness","hexamod:RadiantFlame+1","hexamod:FastForward","hexamod:SixthSeal","hexamod:Firestarter","hexamod:HeatMetal","hexamod:BacktrackSmack","hexamod:PhantomCloak","hexamod:Hexaguard"],"relics":["hexamod:SpiritBrand","hubris:SlimyHat","hubris:Icosahedron","conspire:InfiniteJournal"],"acts_visited":["Exordium"],"potions_floor_usage":[5,11,11,12],"damage_taken":[{"damage":0,"enemies":"Jaw Worm","floor":2,"turns":4},{"damage":16,"enemies":"conspire:MimicChest","floor":3,"turns":4},{"damage":0,"enemies":"Small Slimes","floor":6,"turns":3},{"damage":12,"enemies":"2 Louse","floor":8,"turns":2},{"damage":0,"enemies":"downfall:FleeingMerchant","floor":10,"turns":4},{"damage":20,"enemies":"Exordium Thugs","floor":11,"turns":5},{"damage":25,"enemies":"Lagavulin","floor":12,"turns":6},{"damage":9,"enemies":"downfall:FleeingMerchant","floor":14,"turns":4},{"damage":13,"enemies":"Red Slaver","floor":15,"turns":4},{"damage":11,"enemies":"DF_ARCHETYPE_STREAMLINE","floor":16,"turns":4}],"seed_played":"1297060754889926932","potions_obtained":[{"floor":2,"key":"Block Potion"},{"floor":5,"key":"Fruit Juice"},{"floor":5,"key":"LiquidMemories"},{"floor":5,"key":"ColorlessPotion"}],"is_trial":false,"path_per_floor":["R","M","?","?","?","M","T","M","R","$","M","E","R","$","M","B"],"character_chosen":"THE_SPIRIT","items_purchased":["hexamod:Firestarter","hexamod:PhantomCloak"],"campfire_rested":1,"item_purchase_floors":[10,14],"current_hp_per_floor":[77,77,61,61,66,66,66,54,54,54,34,9,33,24,11,0,0,0],"gold":37,"neow_bonus":"TEN_PERCENT_HP_BONUS","is_daily":false,"chose_seed":false,"campfire_upgraded":1,"win_rate":0.0,"timestamp":1611230486,"path_taken":["R","M","?","?","?","?","T","M","R","$","M","E","R","$","M","BOSS"],"items_purchased_type":["Card","Card"],"build_version":"2020-12-22","purchased_purges":1,"victory":false,"max_hp_per_floor":[77,77,77,77,82,82,82,82,82,82,82,82,82,82,82,82,82,82],"card_choices":[{"not_picked":["hexamod:AdvancingGuard","hexamod:GhostOfSpirePast"],"picked":"hexamod:SwordOfDarkness","floor":2},{"not_picked":["hexamod:InspiringFlames","hexamod:NightmareStrike"],"picked":"hexamod:RadiantFlame","floor":3},{"not_picked":["hexamod:SwordOfDarkness","hexamod:ShieldOfDarkness"],"picked":"hexamod:FastForward","floor":6},{"not_picked":["hexamod:Haunt","hexamod:GhostShield","hexamod:SpectersWail"],"picked":"SKIP","floor":8},{"not_picked":["hexamod:AdvancingGuard","hexamod:NecessarySacrifice"],"picked":"hexamod:SixthSeal","floor":10},{"not_picked":["hexamod:ThermalTransfer","hexamod:CatchUp"],"picked":"hexamod:HeatMetal","floor":11},{"not_picked":["hexamod:Haunt","hexamod:HauntingEcho","hexamod:FastForward"],"picked":"SKIP","floor":12},{"not_picked":["hexamod:SecondSeal","hexamod:UnleashSpirits"],"picked":"hexamod:BacktrackSmack","floor":14},{"not_picked":["hexamod:HeatMetal","hexamod:PhantomCloak"],"picked":"hexamod:Hexaguard","floor":15}],"player_experience":524834,"relics_obtained":[{"floor":3,"key":"hubris:SlimyHat"},{"floor":12,"key":"conspire:InfiniteJournal"}],"event_choices":[{"damage_healed":0,"gold_gain":0,"player_choice":"Got Potions","damage_taken":0,"max_hp_gain":0,"max_hp_loss":0,"event_name":"Lab","floor":5,"gold_loss":0}],"is_beta":false,"boss_relics":[],"items_purged_floors":[10],"is_endless":false,"potions_floor_spawned":[2,6,8],"killed_by":"DF_ARCHETYPE_STREAMLINE","ascension_level":0}}