{"host":"udyc8f81k2jocuhg","time":1611188503,"event":{"mods":["2.2 Compatiblity","BaseMod","Better Third Choice","Colored Powertips","Conspire","Custom Start","GifTheSpireLib","Hermit","Minty Spire (QoL Compilation)","Permanent Neow","Quick Restart","Relic Filter","Relic Stats","Replay The Spire","Shop Mod","Spikes Relics","StSLib","Stuff the Spire"],"gold_per_floor":[365,24,35,53,70,70,100,100,123,123,149,164,198,198,198,198,198],"floor_reached":16,"language":"ENG","playtime":687,"items_purged":["Strike_G"],"score":210,"play_id":"cc2b1c2f-e247-4df1-9ca7-3472259a3417","local_time":"20210121012143","is_ascension_mode":true,"campfire_choices":[{"data":"conspire:Banana","floor":6,"key":"SMITH"},{"data":"Cloak And Dagger","floor":8,"key":"SMITH"},{"data":"Neutralize","floor":10,"key":"SMITH"},{"data":"Bullet Time","floor":15,"key":"SMITH"}],"circlet_count":0,"master_deck":["AscendersBane","Strike_G","Strike_G","Strike_G","Defend_G","Defend_G","Defend_G","Defend_G","Defend_G","Survivor","Neutralize+1","Defend_P","Defend_B","conspire:Banana+1","Deadly Poison+1","Blade Dance","Cloak And Dagger+1","Deflect","Bullet Time+1"],"relics":["Ring of the Snake","ClockworkSouvenir","Tingsha","Onion Ring","RollingBoulder"],"acts_visited":["Exordium"],"potions_floor_usage":[7,11,13],"damage_taken":[{"damage":0,"enemies":"2 Louse","floor":1,"turns":5},{"damage":0,"enemies":"Small Slimes","floor":3,"turns":5},{"damage":6,"enemies":"Jaw Worm","floor":4,"turns":4},{"damage":16,"enemies":"Exordium Thugs","floor":5,"turns":5},{"damage":15,"enemies":"3 Sentries","floor":7,"turns":11},{"damage":2,"enemies":"Lagavulin","floor":11,"turns":7},{"damage":0,"enemies":"2 Fungi Beasts","floor":12,"turns":3},{"damage":12,"enemies":"Gremlin Nob","floor":13,"turns":3},{"damage":16,"enemies":"Hexaghost","floor":16,"turns":9}],"seed_played":"-6225163027865778004","potions_obtained":[{"floor":5,"key":"PowerPotion"},{"floor":7,"key":"BlessingOfTheForge"},{"floor":11,"key":"SteroidPotion"}],"is_trial":false,"path_per_floor":["M","$","M","M","M","R","E","R","T","R","E","M","E","?","R","B"],"character_chosen":"THE_SILENT","items_purchased":["ClockworkSouvenir","conspire:Banana","Deadly Poison+1"],"campfire_rested":0,"item_purchase_floors":[2,2,2],"current_hp_per_floor":[59,59,60,55,40,40,27,27,27,27,27,29,19,12,12,0,0],"gold":198,"neow_bonus":"TWO_FIFTY_GOLD","is_daily":false,"chose_seed":false,"campfire_upgraded":4,"win_rate":0.0,"timestamp":1611188503,"path_taken":["M","$","M","M","M","R","E","R","T","R","E","M","E","?","R","BOSS"],"items_purchased_type":["Relic","Card","Card"],"build_version":"2020-12-22","purchased_purges":1,"victory":false,"max_hp_per_floor":[66,66,67,68,69,69,71,71,71,71,73,75,77,77,77,79,79],"relic_stats":{"counters":[9,52],"Tingsha":[6],"obtain_stats":[{"Tingsha":7,"Onion Ring":11,"RollingBoulder":13,"Ring of the Snake":0,"ClockworkSouvenir":2},{"Tingsha":5,"Onion Ring":6,"RollingBoulder":8,"Ring of the Snake":0,"ClockworkSouvenir":1},{"Tingsha":30,"Onion Ring":37,"RollingBoulder":43,"Ring of the Snake":0,"ClockworkSouvenir":5}],"Ring of the Snake":[18]},"card_choices":[{"not_picked":["Backflip","conspire:DoublingDagger","Dagger Throw"],"picked":"SKIP","floor":1},{"not_picked":["Heel Hook","Finisher","StuffTheSpire:ClusterCrunch"],"picked":"SKIP","floor":3},{"not_picked":["StuffTheSpire:ClusterCrunch","StuffTheSpire:Fury"],"picked":"Blade Dance","floor":4},{"not_picked":["Backflip","Dodge and Roll"],"picked":"Cloak And Dagger","floor":5},{"not_picked":["StuffTheSpire:ClusterCrunch","Concentrate"],"picked":"Deflect","floor":7},{"not_picked":["Quick Slash","Backflip","InfectiousVector"],"picked":"SKIP","floor":11},{"not_picked":["StuffTheSpire:Incursion","Tactician","Hidden Blade"],"picked":"SKIP","floor":12},{"not_picked":["Dash","Flying Knee"],"picked":"Bullet Time","floor":13}],"player_experience":2012397,"relics_obtained":[{"floor":7,"key":"Tingsha"},{"floor":11,"key":"Onion Ring"},{"floor":13,"key":"RollingBoulder"}],"event_choices":[{"cards_removed":["Strike_G"],"damage_healed":0,"gold_gain":0,"player_choice":"Card Removal","damage_taken":7,"max_hp_gain":0,"max_hp_loss":0,"event_name":"Golden Wing","floor":14,"gold_loss":0}],"is_beta":false,"boss_relics":[],"items_purged_floors":[2],"is_endless":false,"potions_floor_spawned":[5,7,11],"killed_by":"Hexaghost","ascension_level":15}}