{"host":"w7dhjqgqsib0c3vt","time":1611239493,"event":{"mods":["ATMod(°¢èªMod)","BaseMod","Minty Spire (QoL Compilation)","Shop Mod","StSLib","TheWitcher"],"gold_per_floor":[118,118,129,129,142,142,173,138,138,148,148,148,39,50,50,128,128,148,38,38,38,38,38],"floor_reached":22,"language":"ZHS","playtime":491,"items_purged":[],"score":346,"play_id":"fab4223d-987d-4fa8-838a-f9f6567e3da9","local_time":"20210121223133","is_ascension_mode":true,"campfire_choices":[{"data":"AT_ChampionKick","floor":6.0,"key":"SMITH"},{"data":"1","floor":12.0,"key":"LIFT"},{"floor":15.0,"key":"REST"}],"circlet_count":0,"master_deck":["AscendersBane","Strike_G","Strike_G","Strike_G","Strike_G","Strike_G","Defend_G","Defend_G","Defend_G","Defend_G","Survivor","Neutralize","AT_ChampionKick+1","Dagger Spray","All Out Attack","Distraction","AT_KneejerkReflex+1","Deadly Poison","Outmaneuver","Flying Knee","Blade Dance","Corpse Explosion","Riddle With Holes","Writhe"],"relics":["Ring of the Snake","AT_ATBox","PreservedInsect","AT_ForceNature","Oddly Smooth Stone","Blue Candle","Girya","Fusion Hammer","WingedGreaves"],"acts_visited":["Exordium","TheCity"],"potions_floor_usage":[19,22],"damage_taken":[{"damage":6.0,"enemies":"2 Louse","floor":1.0,"turns":3.0},{"damage":2.0,"enemies":"Cultist","floor":3.0,"turns":5.0},{"damage":5.0,"enemies":"Small Slimes","floor":5.0,"turns":2.0},{"damage":31.0,"enemies":"Lagavulin","floor":7.0,"turns":6.0},{"damage":0.0,"enemies":"Exordium Wildlife","floor":10.0,"turns":1.0},{"damage":12.0,"enemies":"Exordium Thugs","floor":14.0,"turns":4.0},{"damage":8.0,"enemies":"Slime Boss","floor":16.0,"turns":8.0},{"damage":33,"enemies":"2 Thieves","floor":18,"turns":3},{"damage":33,"enemies":"Shell Parasite","floor":22,"turns":3}],"seed_played":"281172760537090877","potions_obtained":[{"floor":3.0,"key":"CunningPotion"},{"floor":5.0,"key":"GhostInAJar"},{"floor":18,"key":"FearPotion"}],"is_trial":false,"path_per_floor":["M","?","M","?","M","R","E","?","T","M","T","R","$","M","R","B",null,"M","$","?","?","M"],"character_chosen":"THE_SILENT","items_purchased":["Outmaneuver","Flying Knee","Fruit Juice"],"campfire_rested":1,"item_purchase_floors":[13,13,19],"current_hp_per_floor":[53,53,51,46,41,41,10,26,26,26,26,26,26,14,33,25,56,23,28,28,28,0,0],"gold":38,"neow_bonus":"RANDOM_COMMON_RELIC","is_daily":false,"chose_seed":false,"campfire_upgraded":1,"win_rate":0.0,"timestamp":1611239493,"path_taken":["M","?","?","?","M","R","E","?","T","?","?","R","?","M","R","BOSS","M","$","?","?","?"],"items_purchased_type":["Card","Card","Potion"],"build_version":"2020-12-22","purchased_purges":0,"victory":false,"max_hp_per_floor":[66,66,66,66,66,66,66,66,66,66,66,66,66,66,66,66,66,66,71,71,71,71,71],"card_choices":[{"not_picked":["PiercingWail","Dodge and Roll"],"picked":"Dagger Spray","floor":1.0},{"not_picked":["Backflip","Escape Plan"],"picked":"All Out Attack","floor":3.0},{"not_picked":["Dagger Throw","Quick Slash"],"picked":"Distraction","floor":5.0},{"not_picked":["Skewer","Prepared"],"picked":"AT_KneejerkReflex","floor":7.0},{"not_picked":["Terror","Distraction"],"picked":"Deadly Poison","floor":10.0},{"not_picked":["Skewer","AT_WindFlip"],"picked":"Blade Dance","floor":14.0},{"not_picked":["Grand Finale","After Image"],"picked":"Corpse Explosion","floor":16.0},{"not_picked":["Bane","Blade Dance"],"picked":"Riddle With Holes","floor":18}],"player_experience":628751,"relics_obtained":[{"floor":7.0,"key":"Oddly Smooth Stone"},{"floor":9.0,"key":"Blue Candle"},{"floor":11.0,"key":"Girya"}],"event_choices":[{"cards_removed":["Defend_G"],"damage_healed":0.0,"max_hp_gain":0.0,"max_hp_loss":0.0,"gold_gain":0.0,"event_name":"Purifier","player_choice":"Purged","floor":2.0,"gold_loss":0.0,"damage_taken":0.0},{"damage_healed":0.0,"max_hp_gain":0.0,"max_hp_loss":0.0,"gold_gain":0.0,"event_name":"Scrap Ooze","player_choice":"Success","floor":4.0,"gold_loss":0.0,"damage_taken":5.0,"relics_obtained":["AT_ForceNature"]},{"damage_healed":16.0,"max_hp_gain":0.0,"max_hp_loss":0.0,"gold_gain":0.0,"event_name":"The Cleric","player_choice":"Healed","floor":8.0,"gold_loss":35.0,"damage_taken":0.0},{"damage_healed":0,"gold_gain":0,"player_choice":"Opened","damage_taken":0,"relics_obtained":["WingedGreaves"],"max_hp_gain":0,"max_hp_loss":0,"event_name":"The Mausoleum","floor":20,"gold_loss":0,"cards_obtained":["Writhe"]},{"damage_healed":0,"gold_gain":0,"player_choice":"Forge","damage_taken":0,"max_hp_gain":0,"max_hp_loss":0,"event_name":"Accursed Blacksmith","floor":21,"gold_loss":0,"cards_upgraded":["AT_KneejerkReflex"]}],"is_beta":false,"boss_relics":[{"not_picked":["Empty Cage","Pandora\u0027s Box"],"picked":"Fusion Hammer"}],"items_purged_floors":[],"is_endless":false,"potions_floor_spawned":[3,5,18],"killed_by":"Shell Parasite","ascension_level":18}}