{"host":"8tgyo6jwzgmjsiz5","time":1611198759,"event":{"mods":["AchievementEnabler","BaseMod","Best Route Mod","Colored Map","Highlight Path","Minty Spire (QoL Compilation)","Permanent Neow","Quick Restart","StSLib","SuperFastMode","everything is the same but u backflip on backflip"],"gold_per_floor":[117,167,167,167,177,209,209,239,239,239,239,75,102,117,117,191,191,208,208,133,94,94,129,129,129,156,7,21,55,55,67,67,67,67],"floor_reached":33,"language":"ENG","playtime":3074,"items_purged":[],"score":505,"play_id":"1a33e93d-33de-4799-bf52-28dcdfafeb19","local_time":"20210121001239","is_ascension_mode":true,"campfire_choices":[{"floor":7.0,"key":"REST"},{"data":"Bash","floor":11.0,"key":"SMITH"},{"data":"Anger","floor":15.0,"key":"SMITH"},{"floor":24.0,"key":"REST"},{"floor":30.0,"key":"REST"},{"data":"Corruption","floor":32.0,"key":"SMITH"}],"circlet_count":0,"master_deck":["AscendersBane","Strike_R","Strike_R","Strike_R","Defend_R","Defend_R","Defend_R","Bash+1","Clash","Thunderclap","Anger+1","Iron Wave+1","Clothesline+1","Carnage+1","Limit Break","Exhume","Offering","Sword Boomerang+1","Ghostly Armor","Flame Barrier","Flame Barrier","Corruption+1","Shame","Rupture","Bloodletting","Bloodletting","Exhume"],"relics":["Burning Blood","Molten Egg 2","Potion Belt","InkBottle","Turnip","Thread and Needle","Cursed Key","WingedGreaves","Pen Nib","Sundial"],"acts_visited":["Exordium","TheCity"],"potions_floor_usage":[33],"damage_taken":[{"damage":11.0,"enemies":"Jaw Worm","floor":1.0,"turns":4.0},{"damage":2.0,"enemies":"Small Slimes","floor":5.0,"turns":3.0},{"damage":16.0,"enemies":"Gremlin Nob","floor":6.0,"turns":3.0},{"damage":27.0,"enemies":"3 Sentries","floor":8.0,"turns":10.0},{"damage":28.0,"enemies":"Lagavulin","floor":13.0,"turns":4.0},{"damage":0.0,"enemies":"Cultist","floor":14.0,"turns":2.0},{"damage":24.0,"enemies":"The Guardian","floor":16.0,"turns":10.0},{"damage":34.0,"enemies":"2 Thieves","floor":18.0,"turns":3.0},{"damage":23.0,"enemies":"Book of Stabbing","floor":23.0,"turns":6.0},{"damage":3.0,"enemies":"3 Byrds","floor":28.0,"turns":5.0},{"damage":18.0,"enemies":"Slavers","floor":29.0,"turns":4.0},{"damage":12.0,"enemies":"Centurion and Healer","floor":31.0,"turns":5.0},{"damage":55,"enemies":"Automaton","floor":33,"turns":8}],"seed_played":"-2510637676704659976","potions_obtained":[{"floor":1.0,"key":"Fire Potion"},{"floor":6.0,"key":"Block Potion"},{"floor":14.0,"key":"LiquidBronze"},{"floor":18.0,"key":"Explosive Potion"},{"floor":28.0,"key":"Fire Potion"},{"floor":31.0,"key":"DuplicationPotion"}],"is_trial":false,"path_per_floor":["M","?","T","$","M","E","R","E","T","?","R","$","E","M","R","B",null,"M","?","?","$","?","E","R","$","T","$","M","E","R","M","R","B"],"character_chosen":"IRONCLAD","items_purchased":["Limit Break","Flame Barrier","Rupture","Bloodletting"],"campfire_rested":3,"item_purchase_floors":[12,21,27,27],"current_hp_per_floor":[45,45,45,45,49,39,61,40,40,65,65,65,43,49,49,31,64,36,36,36,36,36,19,41,41,41,41,44,32,54,48,48,0,0],"gold":67,"neow_bonus":"TRANSFORM_TWO_CARDS","is_daily":false,"chose_seed":false,"campfire_upgraded":3,"win_rate":0.0,"timestamp":1611198759,"path_taken":["M","?","?","?","M","E","R","E","T","?","R","$","E","?","R","BOSS","M","?","?","$","?","E","R","$","T","$","?","E","R","M","R","BOSS"],"items_purchased_type":["Card","Card","Card","Card"],"build_version":"2020-12-22","purchased_purges":0,"victory":false,"max_hp_per_floor":[75,75,75,75,75,75,75,75,75,75,75,75,75,75,75,75,75,75,75,75,75,75,75,75,75,75,75,75,75,75,75,75,75,75],"card_choices":[{"not_picked":["Ghostly Armor","Clash"],"picked":"Anger","floor":1.0},{"not_picked":["Metallicize","True Grit"],"picked":"Iron Wave+1","floor":5.0},{"not_picked":["Shrug It Off","Sever Soul+1"],"picked":"Clothesline+1","floor":6.0},{"not_picked":["Warcry","Headbutt+1"],"picked":"Carnage+1","floor":8.0},{"not_picked":["Sever Soul+1","Intimidate","Anger+1"],"picked":"SKIP","floor":13.0},{"not_picked":["Anger+1","Rampage+1"],"picked":"Exhume","floor":14.0},{"not_picked":["Impervious","Berserk"],"picked":"Offering","floor":16.0},{"not_picked":["Pummel+1","Warcry"],"picked":"Sword Boomerang+1","floor":18.0},{"not_picked":["Whirlwind+1","Flex"],"picked":"Corruption","floor":23.0},{"not_picked":["Flex","Twin Strike+1"],"picked":"Bloodletting","floor":28.0},{"not_picked":["Rage","Cleave+1"],"picked":"Exhume","floor":29.0},{"not_picked":["Clash+1","Anger+1","Seeing Red"],"picked":"SKIP","floor":31.0}],"player_experience":1893660,"relics_obtained":[{"floor":3.0,"key":"Molten Egg 2"},{"floor":6.0,"key":"Potion Belt"},{"floor":8.0,"key":"InkBottle"},{"floor":9.0,"key":"Turnip"},{"floor":13.0,"key":"Thread and Needle"},{"floor":23.0,"key":"WingedGreaves"},{"floor":26.0,"key":"Pen Nib"},{"floor":29.0,"key":"Sundial"}],"event_choices":[{"damage_healed":0.0,"max_hp_gain":0.0,"max_hp_loss":0.0,"gold_gain":50.0,"event_name":"Golden Wing","player_choice":"Gained Gold","floor":2.0,"gold_loss":0.0,"damage_taken":0.0},{"damage_healed":25.0,"max_hp_gain":0.0,"max_hp_loss":0.0,"gold_gain":0.0,"event_name":"Big Fish","player_choice":"Banana","floor":10.0,"gold_loss":0.0,"damage_taken":0.0},{"damage_healed":0.0,"max_hp_gain":0.0,"max_hp_loss":0.0,"gold_gain":0.0,"event_name":"The Library","player_choice":"Read","floor":19.0,"gold_loss":0.0,"damage_taken":0.0,"cards_obtained":["Ghostly Armor"]},{"cards_removed":["Strike_R"],"damage_healed":0.0,"max_hp_gain":0.0,"max_hp_loss":0.0,"gold_gain":0.0,"event_name":"Beggar","player_choice":"Gave Gold","floor":20.0,"gold_loss":75.0,"damage_taken":0.0},{"damage_healed":0.0,"max_hp_gain":0.0,"max_hp_loss":0.0,"gold_gain":0.0,"event_name":"Duplicator","player_choice":"Copied","floor":22.0,"gold_loss":0.0,"damage_taken":0.0,"cards_obtained":["Flame Barrier"]}],"is_beta":false,"boss_relics":[{"not_picked":["Runic Pyramid","Velvet Choker"],"picked":"Cursed Key"}],"items_purged_floors":[],"is_endless":false,"potions_floor_spawned":[1,6,14,18,28,31],"killed_by":"Automaton","ascension_level":14}}