{"host":"dztixnx9b0gu6w9i","time":1611267357,"event":{"mods":["BaseMod","Bestiary","Minty Spire (QoL Compilation)","Relic Stats","Slay the Relics Exporter","SpireBot","ojb\u0027s Better Paths Mod","ojb\u0027s Info Mod"],"gold_per_floor":[115,115,133,133,148,148,179,179,179,16,53,53,76,97,97,97,97],"floor_reached":16,"language":"ENG","playtime":1662,"items_purged":[],"score":220,"play_id":"316352ac-5268-4e53-85b2-bb11d9ee070f","local_time":"20210121171557","is_ascension_mode":true,"campfire_choices":[{"data":"Beam Cell","floor":6,"key":"SMITH"},{"data":"Lockon","floor":8,"key":"SMITH"},{"data":"Streamline","floor":12,"key":"SMITH"},{"data":"Zap","floor":15,"key":"SMITH"}],"circlet_count":0,"master_deck":["AscendersBane","Strike_B","Strike_B","Strike_B","Strike_B","Defend_B","Defend_B","Defend_B","Zap+1","Dualcast","Chill","Streamline+1","Beam Cell+1","Lockon+1","Auto Shields","Hologram","Hologram"],"relics":["SacredBark","Calipers","Ancient Tea Set","Question Card","OrangePellets","CeramicFish"],"acts_visited":["Exordium"],"potions_floor_usage":[7,11],"damage_taken":[{"damage":7,"enemies":"Jaw Worm","floor":1,"turns":4},{"damage":3,"enemies":"Small Slimes","floor":3,"turns":5},{"damage":2,"enemies":"Cultist","floor":5,"turns":5},{"damage":5,"enemies":"3 Sentries","floor":7,"turns":4},{"damage":14,"enemies":"Lagavulin","floor":11,"turns":6},{"damage":0,"enemies":"2 Fungi Beasts","floor":13,"turns":2},{"damage":3,"enemies":"3 Louse","floor":14,"turns":3},{"damage":21,"enemies":"Hexaghost","floor":16,"turns":7}],"seed_played":"2013480436119050264","potions_obtained":[{"floor":5,"key":"EssenceOfDarkness"},{"floor":7,"key":"SkillPotion"},{"floor":14,"key":"Ancient Potion"}],"is_trial":false,"path_per_floor":["M","?","M","?","M","R","E","R","T","$","E","R","M","M","R","B"],"character_chosen":"DEFECT","items_purchased":["OrangePellets"],"campfire_rested":0,"item_purchase_floors":[10],"current_hp_per_floor":[57,50,47,42,40,40,35,35,35,35,21,21,21,18,18,0,0],"gold":97,"neow_bonus":"BOSS_RELIC","is_daily":false,"chose_seed":false,"campfire_upgraded":4,"win_rate":0.0,"timestamp":1611267357,"path_taken":["M","?","M","?","M","R","E","R","T","$","E","R","M","M","R","BOSS"],"items_purchased_type":["Relic"],"build_version":"2020-12-22","purchased_purges":0,"victory":false,"max_hp_per_floor":[71,71,71,71,71,71,71,71,71,71,71,71,71,71,71,71,71],"relic_stats":{"OrangePellets":[0],"counters":[8,36],"CeramicFish":27,"Question Card":3,"obtain_stats":[{"OrangePellets":10,"Calipers":4,"SacredBark":0,"CeramicFish":11,"Cracked Core":0,"Ancient Tea Set":7,"Question Card":9},{"OrangePellets":4,"Calipers":2,"SacredBark":0,"CeramicFish":5,"Cracked Core":0,"Ancient Tea Set":4,"Question Card":4},{"OrangePellets":18,"Calipers":9,"SacredBark":0,"CeramicFish":24,"Cracked Core":0,"Ancient Tea Set":18,"Question Card":18}]},"card_choices":[{"not_picked":["Leap","Storm"],"picked":"Chill","floor":1},{"not_picked":["Recycle","Sweeping Beam"],"picked":"Streamline","floor":3},{"not_picked":["Reprogram","Go for the Eyes"],"picked":"Beam Cell","floor":5},{"not_picked":["Double Energy","Stack"],"picked":"Lockon","floor":7},{"not_picked":["Gash","Coolheaded","Amplify"],"picked":"Auto Shields","floor":11},{"not_picked":["Recycle","Barrage","Coolheaded"],"picked":"Hologram","floor":13},{"not_picked":["Melter","Leap","Beam Cell"],"picked":"Hologram","floor":14}],"player_experience":8215174,"relics_obtained":[{"floor":7,"key":"Ancient Tea Set"},{"floor":9,"key":"Question Card"},{"floor":11,"key":"CeramicFish"}],"event_choices":[{"cards_removed":["Defend_B"],"damage_healed":0,"gold_gain":0,"player_choice":"Card Removal","damage_taken":7,"max_hp_gain":0,"max_hp_loss":0,"event_name":"Golden Wing","floor":2,"gold_loss":0},{"damage_healed":0,"gold_gain":0,"player_choice":"Success","damage_taken":5,"relics_obtained":["Calipers"],"max_hp_gain":0,"max_hp_loss":0,"event_name":"Scrap Ooze","floor":4,"gold_loss":0}],"is_beta":false,"boss_relics":[],"items_purged_floors":[],"is_endless":false,"potions_floor_spawned":[5,7,14],"killed_by":"Hexaghost","ascension_level":20}}