{"host":"5a3ojr29q3aeapfp","time":1611248351,"event":{"mods":["ATMod(∞¢Ë™Mod)","BaseMod","CapriCore","Colored Powertips","Downfall","GungeonMod","Hermit","Highlight Path","Koishi","Minty Spire (QoL Compilation)","Quick Restart","Remilia£®¿Ÿ√◊¿Ú—«£©","Spicy Shops","StSLib","The Cursed","The Immortal","The Marked","Youmu£®ªÍ∆«—˝√Œ£©","°æ“≈ŒÔø®≈∆°øREMEMod"],"gold_per_floor":[109,109,109,119,119,148,148,148,217,322,354,382,382,407,407,534,534,559,581,26,46,65,65,102,102,102,132,171,171,196,211,211,428,428,446,466,219,274,274,418,418,434,458,8,154,168,184,184,184,393,393,393,8,243,361],"floor_reached":56,"language":"ZHS","playtime":3248,"items_purged":["Regret","Strike_G","Strike_G","Strike_G+1","Defend_G"],"score":1527,"play_id":"4bb7107f-db73-479b-85ea-26390c932eff","local_time":"20210122005911","is_ascension_mode":false,"campfire_choices":[{"floor":8,"key":"DIG"},{"floor":13,"key":"DIG"},{"floor":15,"key":"DIG"},{"floor":23,"key":"DIG"},{"floor":29,"key":"RECALL"},{"floor":32,"key":"DIG"},{"floor":41,"key":"DIG"},{"floor":49,"key":"DIG"},{"floor":52,"key":"DIG"}],"circlet_count":0,"master_deck":["Strike_G+1","Defend_G","Defend_G","Survivor","Neutralize","AT_ArcaneSupremacy+1","TheCursedMod:CircleOfAbyss","Tactician","Underhanded Strike","Prepared","All Out Attack","Riddle With Holes","Outmaneuver","Backstab","Corpse Explosion","AT_EmpoweredMortalDraw+1","AT_WindFlip","AT_ShadowStep","Infinite Blades","Infinite Blades","Riddle With Holes","AT_EmpoweredMortalDraw+1","Dagger Spray","Bullet Time+1","AT_EssenceShift","REME_ShadowStrike+1","Outmaneuver+1","Adrenaline","Blade Dance+1","Blade Dance"],"relics":["Ring of the Snake","REME_ComplimentaryCards","AT_ATBox","AT_BladeRuinedKing","Vajra","Shovel","DemoMod:MonsterBlood","REME_ArchaeologicalTools","ScarletDevilRocket","AT_RabadonDeathcap","Bag of Preparation","AT_MortalBlade","AT_SilvercatRing","Blood Vial","Pen Nib","Meat on the Bone","DemoMod:PartiallyEatenCheese","AT_TheCollector","Orichalcum","Philosopher\u0027s Stone","Bag of Marbles","DemoMod:GreenGuonStone","Letter Opener","AT_SpeedBoots","Nunchaku","AT_ChloranthyRing","Membership Card","Eternal Feather","AT_ImmortalShieldbow","DemoMod:ChaffGrenade","Ninja Scroll","Paper Crane","AT_ForceNature","Centennial Puzzle"],"acts_visited":["Exordium","TheCity","TheBeyond","TheEnding"],"potions_floor_usage":[16],"damage_taken":[{"damage":1,"enemies":"2 Louse","floor":1,"turns":4},{"damage":0,"enemies":"Small Slimes","floor":4,"turns":3},{"damage":14,"enemies":"Gremlin Nob","floor":6,"turns":4},{"damage":5,"enemies":"3 Sentries","floor":10,"turns":6},{"damage":8,"enemies":"Cultist","floor":11,"turns":3},{"damage":0,"enemies":"2 Fungi Beasts","floor":12,"turns":2},{"damage":0,"enemies":"Exordium Thugs","floor":14,"turns":2},{"damage":4,"enemies":"Slime Boss","floor":16,"turns":3},{"damage":0,"enemies":"Chosen","floor":18,"turns":1},{"damage":0,"enemies":"Shell Parasite","floor":19,"turns":1},{"damage":0,"enemies":"Snecko","floor":21,"turns":2},{"damage":0,"enemies":"Chosen and Byrds","floor":22,"turns":2},{"damage":3,"enemies":"Book of Stabbing","floor":24,"turns":2},{"damage":0,"enemies":"Shelled Parasite and Fungi","floor":27,"turns":3},{"damage":0,"enemies":"Gremlin Leader","floor":28,"turns":2},{"damage":0,"enemies":"Slavers","floor":30,"turns":1},{"damage":0,"enemies":"Snecko","floor":31,"turns":1},{"damage":0,"enemies":"Champ","floor":33,"turns":4},{"damage":0,"enemies":"3 Darklings","floor":35,"turns":2},{"damage":0,"enemies":"Orb Walker","floor":36,"turns":2},{"damage":0,"enemies":"2 Orb Walkers","floor":38,"turns":1},{"damage":0,"enemies":"Reptomancer","floor":40,"turns":1},{"damage":0,"enemies":"Spire Growth","floor":42,"turns":1},{"damage":0,"enemies":"Giant Head","floor":45,"turns":3},{"damage":0,"enemies":"3 Darklings","floor":46,"turns":1},{"damage":0,"enemies":"Jaw Worm Horde","floor":47,"turns":1},{"damage":28,"enemies":"Awakened One","floor":50,"turns":5},{"damage":0,"enemies":"Shield and Spear","floor":54,"turns":1},{"damage":16,"enemies":"The Heart","floor":55,"turns":3}],"seed_played":"750064446908966037","potions_obtained":[{"floor":4,"key":"LiquidBronze"},{"floor":6,"key":"PowerPotion"},{"floor":14,"key":"Fire Potion"},{"floor":19,"key":"champ:CounterPotion"},{"floor":24,"key":"Regen Potion"}],"is_trial":false,"path_per_floor":["M","?","?","M","?","E","?","R","T","E","M","M","R","M","R","B",null,"M","M","$","M","M","R","E","?","T","M","E","R","E","M","R","B",null,"M","M","$","?","?","E","R","M","T","$","E","M","M","?","R","B",null,"R","$","E","B",null],"character_chosen":"THE_SILENT","items_purchased":["AT_SilvercatRing","Infinite Blades","Blood Vial","Bag of Marbles","AT_ChloranthyRing","Membership Card","Eternal Feather","Blade Dance","Paper Crane","AT_ForceNature","Blade Dance"],"campfire_rested":0,"item_purchase_floors":[20,20,20,37,44,44,44,44,53,53,53],"current_hp_per_floor":[69,69,62,62,62,48,34,41,41,36,28,28,28,28,28,24,77,77,77,77,77,77,77,74,74,74,76,77,77,77,77,77,77,77,77,77,77,77,77,77,77,77,77,77,77,77,77,77,77,49,77,77,77,77,61],"gold":361,"neow_bonus":"RANDOM_COMMON_RELIC","is_daily":false,"chose_seed":false,"campfire_upgraded":0,"win_rate":0.0,"timestamp":1611248351,"path_taken":["M","?","?","M","?","E","?","R","T","E","M","M","R","M","R","BOSS","M","M","$","M","M","R","E","?","T","M","E","R","E","M","R","BOSS","M","M","$","?","?","E","R","?","T","?","E","M","M","?","R","BOSS","R","$","E","BOSS"],"items_purchased_type":["Relic","Card","Relic","Relic","Relic","Relic","Relic","Card","Relic","Relic","Card"],"build_version":"2020-12-22","purchased_purges":5,"victory":true,"max_hp_per_floor":[70,70,70,70,70,70,70,77,77,77,77,77,77,77,77,77,77,77,77,77,77,77,77,77,77,77,77,77,77,77,77,77,77,77,77,77,77,77,77,77,77,77,77,77,77,77,77,77,77,77,77,77,77,77,77],"card_choices":[{"not_picked":["Deadly Poison","Flying Knee"],"picked":"AT_ArcaneSupremacy","floor":1},{"not_picked":["Backflip","Bane"],"picked":"Underhanded Strike","floor":4},{"not_picked":["Deadly Poison","Choke"],"picked":"Prepared","floor":6},{"not_picked":["REME_CopyPotion","Terror"],"picked":"All Out Attack","floor":10},{"not_picked":["AT_KneejerkReflex","Quick Slash"],"picked":"Riddle With Holes","floor":11},{"not_picked":["Crippling Poison","AT_ShadowStep"],"picked":"Outmaneuver","floor":12},{"not_picked":["Backflip","Sucker Punch"],"picked":"Backstab","floor":14},{"not_picked":["Glass Knife","REME_CopyPotion"],"picked":"Corpse Explosion","floor":16},{"not_picked":["Bane","Footwork+1"],"picked":"AT_WindFlip","floor":18},{"not_picked":["Deflect","Deadly Poison"],"picked":"AT_ShadowStep","floor":19},{"not_picked":["Dodge and Roll+1","Flying Knee","Deflect"],"picked":"SKIP","floor":21},{"not_picked":["AT_ArcaneSupremacy","AT_Desolate"],"picked":"Infinite Blades","floor":22},{"not_picked":["AT_TwilightShroud","Bane+1"],"picked":"Riddle With Holes","floor":24},{"not_picked":["Crippling Poison+1","Deflect"],"picked":"Dagger Spray","floor":27},{"not_picked":["Quick Slash","Deadly Poison","Backflip"],"picked":"SKIP","floor":28},{"not_picked":["Bane+1","Deflect"],"picked":"Bullet Time","floor":30},{"not_picked":["PiercingWail","AT_WindRun","Footwork"],"picked":"SKIP","floor":31},{"not_picked":["Malaise","Unload"],"picked":"AT_EssenceShift","floor":33},{"not_picked":["Eviscerate+1","Sucker Punch","Deadly Poison+1"],"picked":"SKIP","floor":35},{"not_picked":["Slice+1","PiercingWail"],"picked":"REME_ShadowStrike+1","floor":36},{"not_picked":["AT_WindRun+1","Backflip+1"],"picked":"Outmaneuver+1","floor":38},{"not_picked":["PiercingWail","Distraction+1"],"picked":"Adrenaline","floor":40},{"not_picked":["Dodge and Roll+1","Underhanded Strike","Poisoned Stab+1"],"picked":"SKIP","floor":42},{"not_picked":["Poisoned Stab","Caltrops+1","Sucker Punch+1"],"picked":"SKIP","floor":45},{"not_picked":["Flying Knee","Leg Sweep","AT_ThistleTea"],"picked":"SKIP","floor":46},{"not_picked":["Terror+1","Sucker Punch","Dodge and Roll+1"],"picked":"SKIP","floor":47},{"not_picked":["Slice+1","Sucker Punch+1","Dagger Throw"],"picked":"SKIP","floor":54}],"player_experience":202838,"relics_obtained":[{"floor":6,"key":"Shovel"},{"floor":8,"key":"DemoMod:MonsterBlood"},{"floor":9,"key":"REME_ArchaeologicalTools"},{"floor":10,"key":"ScarletDevilRocket"},{"floor":13,"key":"AT_RabadonDeathcap"},{"floor":15,"key":"Bag of Preparation"},{"floor":23,"key":"Pen Nib"},{"floor":24,"key":"Meat on the Bone"},{"floor":28,"key":"DemoMod:PartiallyEatenCheese"},{"floor":30,"key":"AT_TheCollector"},{"floor":32,"key":"Orichalcum"},{"floor":38,"key":"DemoMod:GreenGuonStone"},{"floor":40,"key":"Letter Opener"},{"floor":41,"key":"AT_SpeedBoots"},{"floor":43,"key":"Nunchaku"},{"floor":45,"key":"AT_ImmortalShieldbow"},{"floor":49,"key":"DemoMod:ChaffGrenade"},{"floor":52,"key":"Ninja Scroll"},{"floor":54,"key":"Centennial Puzzle"}],"event_choices":[{"damage_healed":0,"gold_gain":0,"cards_transformed":["Strike_G"],"player_choice":"Change","damage_taken":0,"max_hp_gain":0,"max_hp_loss":0,"event_name":"Living Wall","floor":2,"gold_loss":0,"cards_obtained":["Tactician"]},{"cards_removed":["Defend_G"],"damage_healed":0,"gold_gain":0,"player_choice":"Card Removal","damage_taken":7,"max_hp_gain":0,"max_hp_loss":0,"event_name":"Golden Wing","floor":3,"gold_loss":0},{"damage_healed":0,"gold_gain":0,"player_choice":"Box","damage_taken":0,"relics_obtained":["Vajra"],"max_hp_gain":0,"max_hp_loss":0,"event_name":"Big Fish","floor":5,"gold_loss":0,"cards_obtained":["Regret"]},{"damage_healed":0,"gold_gain":0,"player_choice":"Entered Light","damage_taken":14,"max_hp_gain":0,"max_hp_loss":0,"event_name":"Shining Light","floor":7,"gold_loss":0,"cards_upgraded":["Strike_G","Strike_G"]},{"damage_healed":0,"gold_gain":0,"player_choice":"Copied","damage_taken":0,"max_hp_gain":0,"max_hp_loss":0,"event_name":"Duplicator","floor":25,"gold_loss":0,"cards_obtained":["AT_EmpoweredMortalDraw"]},{"damage_healed":0,"gold_gain":0,"player_choice":"Fight","damage_taken":0,"max_hp_gain":0,"max_hp_loss":0,"event_name":"Mysterious Sphere","floor":38,"gold_loss":0},{"cards_removed":["Defend_G"],"damage_healed":0,"gold_gain":0,"player_choice":"Purged","damage_taken":0,"max_hp_gain":0,"max_hp_loss":0,"event_name":"Purifier","floor":39,"gold_loss":0},{"damage_healed":0,"gold_gain":0,"player_choice":"Memory 1","damage_taken":0,"max_hp_gain":0,"max_hp_loss":0,"event_name":"SensoryStone","floor":48,"gold_loss":0}],"is_beta":false,"boss_relics":[{"not_picked":["HoveringKite","Busted Crown"],"picked":"AT_MortalBlade"},{"not_picked":["SacredBark","REME_ChargedStone"],"picked":"Philosopher\u0027s Stone"}],"items_purged_floors":[20,37,44,53,53],"is_endless":false,"potions_floor_spawned":[4,6,14,19,24,27,28,30,35,46,47],"ascension_level":0}}