{"host":"ifd7sfhtlbe34qll","time":1611192693,"event":{"mods":["2.2 Compatiblity","BaseMod","Block Reminder","Colored Map","Curses Come First","Highlight Path","Minty Spire (QoL Compilation)","Potion Indicator Mod","Quick Restart","Relic Stats","StSLib"],"gold_per_floor":[169,169,185,196,93,127,127,144,144,179,179,206,206,237,237,237,237],"floor_reached":16,"language":"ENG","playtime":575,"items_purged":["Strike_P"],"score":356,"play_id":"654d2b53-6820-4fb3-a914-d74dda33fea9","local_time":"20210120193133","is_ascension_mode":true,"campfire_choices":[{"data":"Ragnarok","floor":11,"key":"SMITH"},{"floor":13,"key":"REST"},{"data":"Conclude","floor":15,"key":"SMITH"}],"circlet_count":0,"master_deck":["AscendersBane","Strike_P","Strike_P","Strike_P","Defend_P","Defend_P+1","Defend_P","Defend_P","Eruption+1","Vigilance","CutThroughFate","Weave","WheelKick","Vault","SashWhip","WheelKick","FollowUp","Ragnarok+1","Conclude+1"],"relics":["Tiny House","Potion Belt","Strawberry","Blue Candle","Matryoshka","Regal Pillow"],"acts_visited":["Exordium"],"potions_floor_usage":[6,10,12,14,16,16],"damage_taken":[{"damage":1,"enemies":"Cultist","floor":1,"turns":4},{"damage":0,"enemies":"2 Louse","floor":3,"turns":2},{"damage":2,"enemies":"Jaw Worm","floor":4,"turns":3},{"damage":0,"enemies":"Lagavulin","floor":6,"turns":4},{"damage":0,"enemies":"Looter","floor":8,"turns":5},{"damage":15,"enemies":"3 Sentries","floor":10,"turns":3},{"damage":51,"enemies":"Gremlin Nob","floor":12,"turns":4},{"damage":0,"enemies":"3 Sentries","floor":14,"turns":4},{"damage":42,"enemies":"The Guardian","floor":16,"turns":3}],"seed_played":"6788243280613519807","potions_obtained":[{"floor":0,"key":"AttackPotion"},{"floor":4,"key":"DistilledChaos"},{"floor":6,"key":"Strength Potion"},{"floor":8,"key":"SkillPotion"},{"floor":10,"key":"EssenceOfSteel"},{"floor":14,"key":"Fire Potion"}],"is_trial":false,"path_per_floor":["M","?","M","M","$","E","?","M","T","E","R","E","R","E","R","B"],"character_chosen":"WATCHER","items_purchased":["SashWhip"],"campfire_rested":1,"item_purchase_floors":[5],"current_hp_per_floor":[65,70,70,68,68,68,68,68,75,60,60,9,34,34,34,0,0],"gold":237,"neow_bonus":"BOSS_RELIC","is_daily":false,"chose_seed":false,"campfire_upgraded":2,"win_rate":0.0,"timestamp":1611192693,"path_taken":["M","?","M","M","$","E","?","M","T","E","R","E","R","E","R","BOSS"],"items_purchased_type":["Card"],"build_version":"2020-12-22","purchased_purges":1,"victory":false,"max_hp_per_floor":[73,78,78,78,78,78,78,78,85,85,85,85,85,85,85,85,85],"relic_stats":{"Regal Pillow":0,"counters":[9,32],"Blue Candle":[0],"obtain_stats":[{"Potion Belt":6,"Regal Pillow":14,"Tiny House":0,"Matryoshka":12,"Strawberry":9,"Blue Candle":10,"PureWater":0},{"Potion Belt":4,"Regal Pillow":8,"Tiny House":0,"Matryoshka":7,"Strawberry":5,"Blue Candle":6,"PureWater":0},{"Potion Belt":13,"Regal Pillow":29,"Tiny House":0,"Matryoshka":25,"Strawberry":18,"Blue Candle":21,"PureWater":0}]},"card_choices":[{"not_picked":["Swivel","BowlingBash"],"picked":"CutThroughFate","floor":0},{"not_picked":["Evaluate","BowlingBash"],"picked":"Weave","floor":1},{"not_picked":["Worship","BattleHymn"],"picked":"WheelKick","floor":3},{"not_picked":["EmptyMind","EmptyBody"],"picked":"Vault","floor":4},{"not_picked":["Worship","BattleHymn"],"picked":"WheelKick","floor":6},{"not_picked":["Consecrate","Crescendo"],"picked":"FollowUp","floor":8},{"not_picked":["SashWhip","Halt"],"picked":"Ragnarok","floor":10},{"not_picked":["EmptyFist","Perseverance"],"picked":"Conclude","floor":12},{"not_picked":["WindmillStrike","PathToVictory","WreathOfFlame"],"picked":"SKIP","floor":14}],"player_experience":1436878,"relics_obtained":[{"floor":6,"key":"Potion Belt"},{"floor":9,"key":"Strawberry"},{"floor":10,"key":"Blue Candle"},{"floor":12,"key":"Matryoshka"},{"floor":14,"key":"Regal Pillow"}],"event_choices":[{"damage_healed":0,"gold_gain":0,"player_choice":"Donut","damage_taken":0,"max_hp_gain":5,"max_hp_loss":0,"event_name":"Big Fish","floor":2,"gold_loss":0},{"damage_healed":0,"gold_gain":0,"player_choice":"Grow","damage_taken":0,"max_hp_gain":0,"max_hp_loss":0,"event_name":"Living Wall","floor":7,"gold_loss":0,"cards_upgraded":["Eruption"]}],"is_beta":false,"boss_relics":[],"items_purged_floors":[5],"is_endless":false,"potions_floor_spawned":[4,6,8,10,14],"killed_by":"The Guardian","ascension_level":20}}