{"host":"2n2g1vowfllvjtvi","time":1611227073,"event":{"mods":["AchievementEnabler","BaseMod","Custom Start","GifTheSpireLib","Keyboard Shortcuts","Minty Spire (QoL Compilation)","Quick Restart","Rare Cards Sparkle","StSLib","SuperFastMode"],"gold_per_floor":[109,129,204,224,235,235,251,278,352,378,396,406,437,500,500,598,598,615,628,628,381,306,338,350,350,374,394,414,414,439,452,452,548,548,561,339,389,389,399,432,432,445,445,445,459,459,474,474,474,474,474,474,155,186,186,186],"floor_reached":55,"language":"KOR","playtime":1112,"items_purged":["Strike_R+1"],"score":1003,"play_id":"70f5fea3-cdd8-4411-9933-2697401e920c","local_time":"20210121200433","is_ascension_mode":true,"campfire_choices":[{"data":"Bash","floor":6.0,"key":"SMITH"},{"data":"Inflame","floor":15.0,"key":"SMITH"},{"data":"Perfected Strike","floor":25,"key":"SMITH"},{"data":"Uppercut","floor":29,"key":"SMITH"},{"data":"Perfected Strike","floor":32,"key":"SMITH"},{"data":"Flame Barrier","floor":41,"key":"SMITH"},{"floor":46,"key":"RECALL"},{"data":"Perfected Strike+1","floor":49,"key":"PURGE"},{"data":"Pommel Strike","floor":52,"key":"PURGE"}],"circlet_count":0,"master_deck":["Strike_R+1","Strike_R+1","Strike_R+1","Strike_R+1","Defend_R+1","Defend_R+1","Defend_R+1","Defend_R+1","Bash+1","Battle Trance","Inflame+1","Flame Barrier+1","Uppercut+1","Demon Form+1","Berserk+1","Heavy Blade+1","Feel No Pain+1"],"relics":["Burning Blood","FossilizedHelix","Pocketwatch","Frozen Egg 2","Mango","Anchor","StrikeDummy","Snecko Eye","Matryoshka","Charon\u0027s Ashes","Tiny Chest","Peace Pipe","Coffee Dripper","Membership Card","Bag of Marbles","CaptainsWheel","Regal Pillow","Oddly Smooth Stone","TungstenRod","Paper Frog","Vajra","HandDrill","Bronze Scales","Turnip"],"acts_visited":["Exordium","TheCity","TheBeyond","TheEnding"],"potions_floor_usage":[30,30,33,33,33,42,55,55],"damage_taken":[{"damage":0.0,"enemies":"Cultist","floor":1.0,"turns":3.0},{"damage":0.0,"enemies":"Small Slimes","floor":2.0,"turns":3.0},{"damage":0.0,"enemies":"Jaw Worm","floor":4.0,"turns":3.0},{"damage":3.0,"enemies":"Blue Slaver","floor":5.0,"turns":4.0},{"damage":24.0,"enemies":"Exordium Thugs","floor":7.0,"turns":6.0},{"damage":15.0,"enemies":"Lagavulin","floor":8.0,"turns":7.0},{"damage":0.0,"enemies":"Gremlin Nob","floor":10.0,"turns":3.0},{"damage":0.0,"enemies":"Looter","floor":11.0,"turns":2.0},{"damage":0.0,"enemies":"Blue Slaver","floor":12.0,"turns":2.0},{"damage":0.0,"enemies":"Lagavulin","floor":13.0,"turns":4.0},{"damage":0.0,"enemies":"Gremlin Nob","floor":14.0,"turns":3.0},{"damage":13.0,"enemies":"The Guardian","floor":16.0,"turns":6.0},{"damage":0.0,"enemies":"Shell Parasite","floor":18.0,"turns":2.0},{"damage":0.0,"enemies":"2 Thieves","floor":19.0,"turns":3.0},{"damage":0,"enemies":"Book of Stabbing","floor":23,"turns":4},{"damage":0,"enemies":"Chosen and Byrds","floor":24,"turns":3},{"damage":0,"enemies":"Snake Plant","floor":27,"turns":3},{"damage":0,"enemies":"Shelled Parasite and Fungi","floor":28,"turns":4},{"damage":0,"enemies":"Gremlin Leader","floor":30,"turns":4},{"damage":0,"enemies":"Centurion and Healer","floor":31,"turns":2},{"damage":15,"enemies":"Collector","floor":33,"turns":4},{"damage":25,"enemies":"3 Darklings","floor":35,"turns":4},{"damage":0,"enemies":"Mind Bloom Boss Battle","floor":37,"turns":5},{"damage":0,"enemies":"Orb Walker","floor":39,"turns":2},{"damage":40,"enemies":"Reptomancer","floor":40,"turns":4},{"damage":0,"enemies":"Maw","floor":42,"turns":5},{"damage":0,"enemies":"3 Darklings","floor":45,"turns":4},{"damage":0,"enemies":"Transient","floor":47,"turns":5},{"damage":50,"enemies":"Awakened One","floor":50,"turns":8},{"damage":59,"enemies":"Shield and Spear","floor":54,"turns":4},{"damage":50,"enemies":"The Heart","floor":55,"turns":2}],"seed_played":"-2140029990185806616","potions_obtained":[{"floor":1.0,"key":"EssenceOfSteel"},{"floor":7.0,"key":"FearPotion"},{"floor":8.0,"key":"Fire Potion"},{"floor":11.0,"key":"Block Potion"},{"floor":12.0,"key":"Regen Potion"},{"floor":13.0,"key":"DistilledChaos"},{"floor":18.0,"key":"EntropicBrew"},{"floor":23,"key":"DistilledChaos"},{"floor":30,"key":"BlessingOfTheForge"},{"floor":31,"key":"HeartOfIron"},{"floor":39,"key":"Strength Potion"},{"floor":40,"key":"SneckoOil"},{"floor":42,"key":"Fruit Juice"},{"floor":47,"key":"Explosive Potion"}],"is_trial":false,"path_per_floor":["M","M","?","M","M","R","M","E","T","E","M","M","E","?","R","B",null,"M","M","?","$","?","E","M","R","T","M","M","R","E","M","R","B",null,"M","$","?","?","M","E","R","M","T","T","M","R","M","?","R","B",null,"R","$","E","B"],"character_chosen":"IRONCLAD","items_purchased":["Matryoshka","Membership Card","Bag of Marbles","Vajra","HandDrill","Bronze Scales","Feel No Pain+1","LiquidMemories"],"campfire_rested":0,"item_purchase_floors":[21,36,36,53,53,53,53,53],"current_hp_per_floor":[72,72,65,71,72,72,54,45,45,65,71,77,83,86,86,79,86,86,86,86,86,86,86,86,86,86,86,86,86,86,86,86,77,86,67,67,73,73,79,45,45,56,56,56,62,62,68,73,73,29,91,91,91,38,0,0],"gold":186,"neow_bonus":"ONE_RARE_RELIC","is_daily":false,"chose_seed":false,"campfire_upgraded":6,"win_rate":0.0,"timestamp":1611227073,"path_taken":["M","?","?","M","M","R","?","E","T","E","M","M","E","?","R","BOSS","M","M","?","$","?","E","M","R","T","M","M","R","E","?","R","BOSS","M","$","?","?","M","E","R","M","T","?","?","R","?","?","R","BOSS","R","$","E","BOSS"],"items_purchased_type":["Relic","Relic","Relic","Relic","Relic","Relic","Card","Potion"],"build_version":"2020-12-22","purchased_purges":1,"victory":false,"max_hp_per_floor":[72,72,72,72,72,72,72,72,72,86,86,86,86,86,86,86,86,86,86,86,86,86,86,86,86,86,86,86,86,86,86,86,86,86,86,86,86,86,86,86,86,91,91,91,91,91,91,91,91,91,91,91,91,91,91,91],"card_choices":[{"not_picked":["Clothesline","Pommel Strike"],"picked":"Battle Trance","floor":1.0},{"not_picked":["Flex","Anger","Battle Trance"],"picked":"SKIP","floor":2.0},{"not_picked":["Infernal Blade","Dual Wield"],"picked":"Pommel Strike","floor":4.0},{"not_picked":["Twin Strike","Thunderclap","Headbutt"],"picked":"SKIP","floor":5.0},{"not_picked":["Entrench","Searing Blow"],"picked":"Inflame","floor":7.0},{"not_picked":["Sentinel","Dark Embrace","True Grit"],"picked":"SKIP","floor":8.0},{"not_picked":["Bloodletting","Flex"],"picked":"Perfected Strike","floor":10.0},{"not_picked":["Sever Soul","Sword Boomerang","Juggernaut+1"],"picked":"SKIP","floor":11.0},{"not_picked":["Dual Wield","Headbutt"],"picked":"Perfected Strike","floor":12.0},{"not_picked":["Power Through","Rage"],"picked":"Flame Barrier","floor":13.0},{"not_picked":["Anger","Iron Wave"],"picked":"Wild Strike","floor":14.0},{"not_picked":["Wild Strike","Cleave+1","Twin Strike"],"picked":"SKIP","floor":18.0},{"not_picked":["Pommel Strike","Carnage","Wild Strike"],"picked":"SKIP","floor":19.0},{"not_picked":["True Grit","Body Slam+1","Pommel Strike"],"picked":"SKIP","floor":23},{"not_picked":["Clash","Power Through","Entrench"],"picked":"SKIP","floor":24},{"not_picked":["True Grit","Havoc","Limit Break"],"picked":"SKIP","floor":27},{"not_picked":["Uppercut","Havoc","Sword Boomerang"],"picked":"SKIP","floor":28},{"not_picked":["Havoc","Sword Boomerang"],"picked":"Uppercut","floor":28},{"not_picked":["Pommel Strike","Twin Strike","Anger"],"picked":"SKIP","floor":30},{"not_picked":["Pommel Strike","Twin Strike","Anger"],"picked":"SKIP","floor":30},{"not_picked":["Twin Strike","Anger+1","True Grit"],"picked":"SKIP","floor":31},{"not_picked":["Fiend Fire","Immolate"],"picked":"Demon Form+1","floor":33},{"not_picked":["Sever Soul","Shockwave","Ghostly Armor"],"picked":"SKIP","floor":35},{"not_picked":["Body Slam+1","Thunderclap"],"picked":"Berserk+1","floor":39},{"not_picked":["Heavy Blade+1","Intimidate+1","Thunderclap+1"],"picked":"SKIP","floor":40},{"not_picked":["Intimidate+1","Thunderclap+1"],"picked":"Heavy Blade+1","floor":40},{"not_picked":["Sever Soul+1","Heavy Blade","Entrench+1"],"picked":"SKIP","floor":42},{"not_picked":["Flame Barrier","Clash+1","Power Through"],"picked":"SKIP","floor":45},{"not_picked":["Thunderclap","Armaments+1","Shrug It Off"],"picked":"SKIP","floor":47},{"not_picked":["Clash+1","Whirlwind","Twin Strike+1"],"picked":"SKIP","floor":54}],"player_experience":222032,"relics_obtained":[{"floor":8.0,"key":"Pocketwatch"},{"floor":9.0,"key":"Frozen Egg 2"},{"floor":10.0,"key":"Mango"},{"floor":13.0,"key":"Anchor"},{"floor":14.0,"key":"StrikeDummy"},{"floor":23,"key":"Charon\u0027s Ashes"},{"floor":26,"key":"Tiny Chest"},{"floor":30,"key":"Peace Pipe"},{"floor":37,"key":"CaptainsWheel"},{"floor":40,"key":"Regal Pillow"},{"floor":43,"key":"Oddly Smooth Stone"},{"floor":43,"key":"TungstenRod"},{"floor":44,"key":"Paper Frog"},{"floor":54,"key":"Turnip"}],"event_choices":[{"damage_healed":0.0,"max_hp_gain":0.0,"max_hp_loss":0.0,"gold_gain":75.0,"event_name":"FaceTrader","player_choice":"Touch","floor":3.0,"gold_loss":0.0,"damage_taken":7.0},{"damage_healed":0.0,"max_hp_gain":0.0,"max_hp_loss":0.0,"gold_gain":30.0,"event_name":"Dead Adventurer","player_choice":"Searched \u00272\u0027 times","floor":14.0,"gold_loss":0.0,"damage_taken":0.0},{"damage_healed":0,"gold_gain":0,"player_choice":"Simplicity","damage_taken":0,"max_hp_gain":0,"max_hp_loss":0,"event_name":"Back to Basics","floor":20,"gold_loss":0,"cards_upgraded":["Strike_R","Strike_R","Strike_R","Strike_R","Strike_R","Defend_R","Defend_R","Defend_R","Defend_R"]},{"cards_removed":["Wild Strike"],"damage_healed":0,"gold_gain":0,"player_choice":"Gave Gold","damage_taken":0,"max_hp_gain":0,"max_hp_loss":0,"event_name":"Beggar","floor":22,"gold_loss":75},{"damage_healed":0,"gold_gain":0,"player_choice":"Fight","damage_taken":0,"max_hp_gain":0,"max_hp_loss":0,"event_name":"MindBloom","floor":37,"gold_loss":0},{"damage_healed":0,"gold_gain":0,"player_choice":"Ignored","damage_taken":0,"max_hp_gain":0,"max_hp_loss":0,"event_name":"Tomb of Lord Red Mask","floor":38,"gold_loss":0},{"cards_removed":["Perfected Strike"],"damage_healed":5,"gold_gain":0,"player_choice":"Offered Common","damage_taken":0,"max_hp_gain":0,"max_hp_loss":0,"event_name":"Bonfire Elementals","floor":48,"gold_loss":0},{"cards_removed":["Perfected Strike"],"damage_healed":5,"gold_gain":0,"player_choice":"Offered Special","damage_taken":0,"max_hp_gain":0,"max_hp_loss":0,"event_name":"Bonfire Elementals","floor":48,"gold_loss":0}],"is_beta":false,"boss_relics":[{"not_picked":["Calling Bell","Black Blood"],"picked":"Snecko Eye"},{"not_picked":["Fusion Hammer","Velvet Choker"],"picked":"Coffee Dripper"}],"items_purged_floors":[53],"is_endless":false,"potions_floor_spawned":[1,7,8,11,12,13,18,23,24,30,31,39,40,42,47],"killed_by":"The Heart","ascension_level":4}}