{"host":"uyrebrj0204enqpc","time":1611264471,"event":{"mods":["Act Like it!","Bard","BaseMod","Block Reminder","Challenge The Spire","Colored Map","Colored Powertips","DeckTracker","Downfall","GifTheSpireLib","HexUI Lib","Highlight Path","Hubris","Infinite Spire","Minty Spire (QoL Compilation)","Pale of the Ancients","Quick Restart","Random Character Button","Relic Sorter","Relic Stats","Shop Mod","StSLib","The Blue Laboratory","The Bug Knight","The Cursed","The Jungle","The Marked","Wandering Minibosses"],"gold_per_floor":[116,130,55,55,55,90,90,122,146,177,188,188,200,235,235,340,340,358,384,384,400,419,419,419,419],"floor_reached":24,"language":"ENG","playtime":1211,"items_purged":["theMarked:Defend"],"score":324,"play_id":"092cb3ce-1336-4f7d-a76a-81a7d42adfdd","local_time":"20210121162751","is_ascension_mode":true,"campfire_choices":[{"data":"theMarked:SoldierOfQuellstein","floor":7.0,"key":"SMITH"},{"data":"theMarked:EmpowerWeapon","floor":12,"key":"SMITH"},{"floor":15,"key":"REST"},{"floor":23,"key":"REST"}],"circlet_count":0,"master_deck":["theMarked:Strike","theMarked:Strike","theMarked:Strike","theMarked:Strike","theMarked:Strike","theMarked:Defend","theMarked:Defend","theMarked:Defend","theMarked:SoldierOfQuellstein+1","theMarked:EmpowerWeapon+1","theMarked:RepellingDischarge","theMarked:RepellingDischarge","theMarked:WardOff+1","theMarked:ElementalBlade","theMarked:WardOff+1"],"relics":["theMarked:ArtifactOfAir","NeowsBlessing","hubris:Towel","theMarked:Gun","White Beast Statue","hubris:OldNail","Orichalcum","Happy Flower","hubris:RunicObelisk","Red Mask"],"acts_visited":["Exordium","TheCity"],"potions_floor_usage":[10,16,16,19],"damage_taken":[{"damage":0.0,"enemies":"Cultist","floor":1.0,"turns":1.0},{"damage":0.0,"enemies":"2 Louse","floor":2.0,"turns":1.0},{"damage":0.0,"enemies":"3 Sentries","floor":6.0,"turns":2.0},{"damage":22,"enemies":"Lagavulin","floor":8,"turns":5},{"damage":13,"enemies":"Gremlin Nob","floor":10,"turns":4},{"damage":2,"enemies":"Small Slimes","floor":11,"turns":3},{"damage":11,"enemies":"Blue Slaver","floor":13,"turns":5},{"damage":14,"enemies":"3 Sentries","floor":14,"turns":6},{"damage":25,"enemies":"The Guardian","floor":16,"turns":10},{"damage":0,"enemies":"Spheric Guardian","floor":18,"turns":3},{"damage":32,"enemies":"Masked Bandits","floor":19,"turns":6},{"damage":10,"enemies":"3 Byrds","floor":21,"turns":7},{"damage":2,"enemies":"Centurion and Healer","floor":22,"turns":6},{"damage":30,"enemies":"Book of Stabbing","floor":24,"turns":6}],"seed_played":"7624967834951730396","potions_obtained":[{"floor":2.0,"key":"Block Potion"},{"floor":10,"key":"blueLaboratory:BottleOfVodka"},{"floor":11,"key":"bronze:BurnAndBuffPotion"},{"floor":13,"key":"blueLaboratory:AbyssPotion"},{"floor":14,"key":"Explosive Potion"},{"floor":16,"key":"blueLaboratory:LouseDecoction"},{"floor":18,"key":"sneckomod:MuddlingPotion"},{"floor":19,"key":"sneckomod:MuddlingPotion"},{"floor":21,"key":"LiquidBronze"},{"floor":22,"key":"SteroidPotion"}],"is_trial":false,"path_per_floor":["M","M","$","?","?","E","R","E","T","E","M","R","M","E","R","B",null,"M","?","?","M","M","R","E"],"character_chosen":"THE_DEFAULT","items_purchased":[],"campfire_rested":2,"item_purchase_floors":[],"current_hp_per_floor":[63,63,63,68,68,68,68,46,46,33,31,31,20,6,28,3,57,57,25,19,9,7,29,0,0],"gold":419,"neow_bonus":"THREE_ENEMY_KILL","is_daily":false,"chose_seed":false,"campfire_upgraded":2,"win_rate":0.0,"timestamp":1611264471,"path_taken":["M","M","$","?","?","E","R","E","T","E","M","R","M","E","R","BOSS","M","?","?","M","M","R","E"],"items_purchased_type":[],"build_version":"2020-12-22","purchased_purges":1,"victory":false,"max_hp_per_floor":[70,70,70,75,75,75,75,75,75,75,75,75,75,75,75,75,75,75,75,75,75,75,75,75,75],"relic_stats":{"Happy Flower":[12],"counters":[14,65],"Orichalcum":[66],"obtain_stats":[{"theMarked:ArtifactOfAir":0,"theMarked:Gun":6,"NeowsBlessing":0,"Happy Flower":14,"Red Mask":19,"hubris:Towel":5,"Orichalcum":10,"hubris:RunicObelisk":17,"White Beast Statue":8,"hubris:OldNail":9},{"theMarked:ArtifactOfAir":0,"theMarked:Gun":3,"NeowsBlessing":0,"Happy Flower":8,"Red Mask":11,"hubris:Towel":2,"Orichalcum":5,"hubris:RunicObelisk":9,"White Beast Statue":4,"hubris:OldNail":4},{"theMarked:ArtifactOfAir":0,"theMarked:Gun":4,"NeowsBlessing":0,"Happy Flower":27,"Red Mask":46,"hubris:Towel":2,"Orichalcum":13,"hubris:RunicObelisk":37,"White Beast Statue":9,"hubris:OldNail":9}]},"card_choices":[{"not_picked":["theMarked:ElectricStrings","theMarked:ComboAttacks"],"picked":"theMarked:EmpowerWeapon","floor":1.0},{"not_picked":["theMarked:TunnelVision","theMarked:MysticalArsenal","theMarked:MaelstromOfLightning"],"picked":"SKIP","floor":2.0},{"not_picked":["theMarked:BanishingStrike","theMarked:Frustration"],"picked":"theMarked:RepellingDischarge","floor":6.0},{"not_picked":["theMarked:ResourceFulStrike","theMarked:BanishingStrike","theMarked:WastefulAttack"],"picked":"SKIP","floor":8},{"not_picked":["theMarked:HeritageOfTheMarked","theMarked:CreepingChasm","theMarked:RepellingDischarge"],"picked":"SKIP","floor":10},{"not_picked":["theMarked:RepellingDischarge","theMarked:BanishingStrike","theMarked:Frustration"],"picked":"SKIP","floor":11},{"not_picked":["theMarked:SelfDefenseTraining","theMarked:BanishingStrike","theMarked:TakeCover"],"picked":"SKIP","floor":13},{"not_picked":["theMarked:ChainLightning","theMarked:BanishingStrike"],"picked":"theMarked:RepellingDischarge","floor":14},{"not_picked":["theMarked:Generate","theMarked:Overcharge+1"],"picked":"theMarked:WardOff+1","floor":18},{"not_picked":["theMarked:Panic","theMarked:ElectricStrings"],"picked":"theMarked:ElementalBlade","floor":21},{"not_picked":["theMarked:Aftermath","theMarked:SummonStrength"],"picked":"theMarked:WardOff+1","floor":22}],"player_experience":1091567,"relics_obtained":[{"floor":6.0,"key":"theMarked:Gun"},{"floor":8,"key":"White Beast Statue"},{"floor":9,"key":"hubris:OldNail"},{"floor":10,"key":"Orichalcum"},{"floor":14,"key":"Happy Flower"},{"floor":19,"key":"Red Mask"}],"event_choices":[{"damage_healed":0.0,"max_hp_gain":5.0,"max_hp_loss":0.0,"gold_gain":0.0,"event_name":"Big Fish","player_choice":"Donut","floor":4.0,"gold_loss":0.0,"damage_taken":0.0},{"damage_healed":0,"gold_gain":0,"player_choice":"Fought Bandits","damage_taken":0,"max_hp_gain":0,"max_hp_loss":0,"event_name":"Masked Bandits","floor":19,"gold_loss":0},{"damage_healed":0,"gold_gain":0,"player_choice":"","damage_taken":6,"max_hp_gain":0,"max_hp_loss":0,"event_name":"Knowing Skull","floor":20,"potions_obtained":[],"gold_loss":0,"cards_obtained":[]}],"is_beta":false,"boss_relics":[{"not_picked":["Coffee Dripper","Philosopher\u0027s Stone"],"picked":"hubris:RunicObelisk"}],"items_purged_floors":[3],"is_endless":false,"potions_floor_spawned":[2,10,11,13,14,16,18,19,21,22],"killed_by":"Book of Stabbing","ascension_level":6}}