{"host":"sc0o2qwpf9j16a4i","time":1611244479,"event":{"mods":["AchievementEnabler","BaseMod","BetterRewards","Block Reminder","Colored Map","Colored Powertips","Custom Start","Highlight Path","Minty Spire (QoL Compilation)","Relic Stats"],"gold_per_floor":[114,127,127,146,215,215,365,1,25,25,25,58,75,102,102,178,178,194,194,244,261,56,76,103,103,103,132,132,161,161,194,194,194,194],"floor_reached":33,"language":"ENG","playtime":1256,"items_purged":["Strike_G","Doubt","Strike_G+1"],"score":958,"play_id":"dfc4f5fa-d471-46d8-b7cd-a78673ebcb02","local_time":"20210121175439","is_ascension_mode":true,"campfire_choices":[{"floor":6,"key":"REST"},{"data":"Poisoned Stab","floor":10,"key":"SMITH"},{"floor":15,"key":"REST"},{"floor":25,"key":"REST"},{"floor":28,"key":"REST"},{"floor":32,"key":"REST"}],"circlet_count":0,"master_deck":["AscendersBane","Strike_G+1","Strike_G+1","Defend_G+1","Defend_G+1","Defend_G+1","Defend_G+1","Defend_G+1","Survivor","Neutralize+1","Backstab","Poisoned Stab+1","Quick Slash","Footwork","Predator","Adrenaline","Adrenaline","Footwork","Calculated Gamble","Footwork","Leg Sweep","Flechettes","Crippling Poison"],"relics":["Ring of the Snake","FossilizedHelix","Centennial Puzzle","Matryoshka","Orichalcum","MealTicket","Girya","Vajra","Runic Pyramid","Bronze Scales","Tiny Chest","Unceasing Top","Juzu Bracelet","Smiling Mask"],"acts_visited":["Exordium","TheCity"],"potions_floor_usage":[12,14,23,24,29],"damage_taken":[{"damage":0,"enemies":"Small Slimes","floor":1,"turns":3},{"damage":0,"enemies":"Cultist","floor":2,"turns":3},{"damage":0,"enemies":"2 Louse","floor":4,"turns":2},{"damage":4,"enemies":"3 Sentries","floor":12,"turns":11},{"damage":0,"enemies":"Large Slime","floor":13,"turns":5},{"damage":14,"enemies":"Lagavulin","floor":14,"turns":6},{"damage":0,"enemies":"The Guardian","floor":16,"turns":13},{"damage":0,"enemies":"Spheric Guardian","floor":18,"turns":5},{"damage":0,"enemies":"Chosen","floor":21,"turns":4},{"damage":0,"enemies":"Centurion and Healer","floor":23,"turns":6},{"damage":45,"enemies":"Gremlin Leader","floor":24,"turns":11},{"damage":9,"enemies":"Book of Stabbing","floor":27,"turns":8},{"damage":15,"enemies":"Slavers","floor":29,"turns":6},{"damage":6,"enemies":"Book of Stabbing","floor":31,"turns":7},{"damage":42,"enemies":"Collector","floor":33,"turns":9}],"seed_played":"2414485218675239402","potions_obtained":[{"floor":2,"key":"Fire Potion"},{"floor":13,"key":"BlessingOfTheForge"},{"floor":14,"key":"Explosive Potion"},{"floor":16,"key":"Fire Potion"},{"floor":18,"key":"Block Potion"},{"floor":24,"key":"Explosive Potion"}],"is_trial":false,"path_per_floor":["M","M","?","M","?","R","?","$","T","R","?","E","M","E","R","B",null,"M","?","?","M","$","M","E","R","T","E","R","E","?","E","R","B"],"character_chosen":"THE_SILENT","items_purchased":["FossilizedHelix","Centennial Puzzle","Backstab","Poisoned Stab","Matryoshka","Footwork"],"campfire_rested":5,"item_purchase_floors":[0,0,0,0,8,22],"current_hp_per_floor":[37,37,37,37,37,56,56,56,56,56,36,32,32,18,37,37,59,59,59,59,59,66,66,21,40,40,31,50,35,35,29,48,6,6],"gold":194,"neow_bonus":"","is_daily":false,"chose_seed":false,"campfire_upgraded":1,"win_rate":0.0,"timestamp":1611244479,"path_taken":["M","M","?","?","?","R","?","$","T","R","?","E","?","E","R","BOSS","M","?","?","M","$","?","E","R","T","E","R","E","?","E","R","BOSS"],"items_purchased_type":["Relic","Relic","Card","Card","Relic","Card"],"build_version":"2020-12-22","purchased_purges":3,"victory":false,"max_hp_per_floor":[66,66,66,66,66,66,66,66,66,66,66,66,66,66,66,66,66,66,66,66,66,66,66,66,66,66,66,66,66,66,66,66,66,66],"relic_stats":{"Centennial Puzzle":[21],"counters":[39,212],"Bronze Scales":[273],"MealTicket":7,"Tiny Chest":0,"Juzu Bracelet":4,"Orichalcum":[216],"Smiling Mask":0,"obtain_stats":[{"TwistedFunnel":19,"Regal Pillow":12,"Vajra":9,"Juzu Bracelet":29,"Boot":11,"Smiling Mask":31,"Lizard Tail":9,"Centennial Puzzle":0,"Matryoshka":8,"Sundial":26,"Tiny Chest":19,"MealTicket":9,"Red Mask":21,"Toxic Egg 2":10,"Ring of the Snake":0,"Runic Pyramid":17,"Girya":24,"The Specimen":3,"Orichalcum":7,"Busted Crown":0,"Bronze Scales":24,"Pandora\u0027s Box":17,"Art of War":7,"FossilizedHelix":0,"Unceasing Top":27},{"TwistedFunnel":19,"Regal Pillow":6,"Vajra":4,"Juzu Bracelet":37,"Boot":14,"Smiling Mask":38,"Lizard Tail":13,"Centennial Puzzle":24,"Matryoshka":27,"Sundial":23,"Tiny Chest":19,"MealTicket":27,"Red Mask":21,"Toxic Egg 2":5,"Ring of the Snake":0,"Runic Pyramid":31,"Girya":23,"The Specimen":10,"Orichalcum":4,"Busted Crown":0,"Bronze Scales":35,"Pandora\u0027s Box":18,"Art of War":13,"FossilizedHelix":24,"Unceasing Top":36},{"TwistedFunnel":90,"Regal Pillow":31,"Vajra":16,"Juzu Bracelet":196,"Boot":69,"Smiling Mask":203,"Lizard Tail":65,"Centennial Puzzle":113,"Matryoshka":121,"Sundial":110,"Tiny Chest":90,"MealTicket":121,"Red Mask":99,"Toxic Egg 2":24,"Ring of the Snake":0,"Runic Pyramid":156,"Girya":110,"The Specimen":50,"Orichalcum":16,"Busted Crown":0,"Bronze Scales":182,"Pandora\u0027s Box":87,"Art of War":65,"FossilizedHelix":113,"Unceasing Top":190}],"Unceasing Top":[0],"Ring of the Snake":[60]},"card_choices":[{"not_picked":["Dagger Spray","Sucker Punch"],"picked":"Quick Slash","floor":1},{"not_picked":["Leg Sweep","Backflip"],"picked":"Footwork","floor":2},{"not_picked":["Outmaneuver","Dagger Spray","Quick Slash"],"picked":"SKIP","floor":4},{"not_picked":["Deadly Poison","Acrobatics"],"picked":"Predator","floor":12},{"not_picked":["Outmaneuver","Distraction","Cloak And Dagger"],"picked":"SKIP","floor":13},{"not_picked":["Poisoned Stab","Slice"],"picked":"Adrenaline","floor":14},{"not_picked":["Burst","Grand Finale"],"picked":"Adrenaline","floor":16},{"not_picked":["Accuracy","Escape Plan"],"picked":"Footwork","floor":18},{"not_picked":["Dagger Spray","Terror"],"picked":"Calculated Gamble","floor":21},{"not_picked":["Poisoned Stab","Underhanded Strike","Blade Dance"],"picked":"SKIP","floor":23},{"not_picked":["Venomology","Deflect"],"picked":"Leg Sweep","floor":24},{"not_picked":["Expertise+1","Predator"],"picked":"Flechettes","floor":27},{"not_picked":["Expertise","Cloak And Dagger"],"picked":"Crippling Poison","floor":29},{"not_picked":["Expertise","Distraction","Unload"],"picked":"SKIP","floor":31}],"player_experience":843684,"relics_obtained":[{"floor":9,"key":"Orichalcum"},{"floor":9,"key":"MealTicket"},{"floor":12,"key":"Girya"},{"floor":14,"key":"Vajra"},{"floor":24,"key":"Bronze Scales"},{"floor":26,"key":"Tiny Chest"},{"floor":27,"key":"Unceasing Top"},{"floor":29,"key":"Juzu Bracelet"},{"floor":31,"key":"Smiling Mask"}],"event_choices":[{"cards_removed":["Strike_G"],"damage_healed":0,"gold_gain":0,"player_choice":"Purged","damage_taken":0,"max_hp_gain":0,"max_hp_loss":0,"event_name":"Purifier","floor":3,"gold_loss":0},{"damage_healed":0,"gold_gain":69,"player_choice":"Gained Gold","damage_taken":0,"max_hp_gain":0,"max_hp_loss":0,"event_name":"Golden Wing","floor":5,"gold_loss":0},{"damage_healed":0,"gold_gain":150,"player_choice":"AGREE","damage_taken":0,"max_hp_gain":0,"max_hp_loss":0,"event_name":"Liars Game","floor":7,"gold_loss":0,"cards_obtained":["Doubt"]},{"damage_healed":0,"gold_gain":0,"player_choice":"Entered Light","damage_taken":20,"max_hp_gain":0,"max_hp_loss":0,"event_name":"Shining Light","floor":11,"gold_loss":0,"cards_upgraded":["Strike_G","Neutralize"]},{"damage_healed":0,"gold_gain":0,"player_choice":"Simplicity","damage_taken":0,"max_hp_gain":0,"max_hp_loss":0,"event_name":"Back to Basics","floor":19,"gold_loss":0,"cards_upgraded":["Strike_G","Strike_G","Defend_G","Defend_G","Defend_G","Defend_G","Defend_G"]},{"damage_healed":0,"gold_gain":50,"player_choice":"Pray","damage_taken":0,"max_hp_gain":0,"max_hp_loss":0,"event_name":"Golden Shrine","floor":20,"gold_loss":0},{"damage_healed":0,"gold_gain":0,"player_choice":"Ignored","damage_taken":0,"max_hp_gain":0,"max_hp_loss":0,"event_name":"The Mausoleum","floor":30,"gold_loss":0}],"is_beta":false,"boss_relics":[{"not_picked":["Pandora\u0027s Box","Coffee Dripper"],"picked":"Runic Pyramid"}],"items_purged_floors":[0,8,22],"is_endless":false,"potions_floor_spawned":[2,13,14,16,18,24],"killed_by":"Collector","ascension_level":20}}