{"host":"u7lm8z2rvb4dg2oo","time":1611208215,"event":{"mods":["AchievementEnabler","BaseMod","Bestiary","Block Reminder","Colored Map","Colored Powertips","Curses Come First","DeckTracker","Googly Eyes","Highlight Path","Minty Spire (QoL Compilation)","Quick Restart","StSLib"],"gold_per_floor":[15,25,40,52,52,87,87,119,199,233,233,244,264,264,264,365,365,384,384,384],"floor_reached":19,"language":"ENG","playtime":1596,"items_purged":[],"score":271,"play_id":"3a04aaec-fb1b-4485-aef7-f2755d6988aa","local_time":"20210121005015","is_ascension_mode":true,"campfire_choices":[{"data":"Dash","floor":7,"key":"SMITH"},{"floor":11,"key":"REST"},{"floor":15,"key":"REST"}],"circlet_count":0,"master_deck":["Strike_G","Strike_G","Defend_G","Defend_G","Defend_G","Defend_G","Defend_G","Survivor","Neutralize","Slice","Riddle With Holes","Dash+1","Leg Sweep","Cloak And Dagger","Cloak And Dagger","Slice+1","Wraith Form v2","Caltrops","Bullet Time","After Image"],"relics":["Ring of the Snake","Molten Egg 2","Du-Vu Doll","Ancient Tea Set","Sundial","Regal Pillow","Odd Mushroom","Black Star"],"acts_visited":["Exordium","TheCity"],"potions_floor_usage":[4,6,8,12,16],"damage_taken":[{"damage":4.0,"enemies":"Small Slimes","floor":1.0,"turns":4.0},{"damage":0.0,"enemies":"Jaw Worm","floor":2.0,"turns":2.0},{"damage":0.0,"enemies":"2 Louse","floor":3.0,"turns":3.0},{"damage":0,"enemies":"Red Slaver","floor":4,"turns":3},{"damage":4,"enemies":"3 Sentries","floor":6,"turns":11},{"damage":33,"enemies":"Lagavulin","floor":8,"turns":10},{"damage":11,"enemies":"Gremlin Nob","floor":10,"turns":5},{"damage":0,"enemies":"Exordium Wildlife","floor":12,"turns":3},{"damage":11,"enemies":"The Mushroom Lair","floor":13,"turns":6},{"damage":28,"enemies":"The Guardian","floor":16,"turns":15},{"damage":3,"enemies":"Chosen","floor":18,"turns":8},{"damage":13,"enemies":"Masked Bandits","floor":19,"turns":3}],"seed_played":"-7303906861169034468","potions_obtained":[{"floor":1.0,"key":"SteroidPotion"},{"floor":2.0,"key":"Fire Potion"},{"floor":4,"key":"SpeedPotion"},{"floor":6,"key":"Energy Potion"},{"floor":10,"key":"FearPotion"},{"floor":16,"key":"Fruit Juice"}],"is_trial":false,"path_per_floor":["M","M","M","M","?","E","R","E","T","E","R","M","?","?","R","B",null,"M","?"],"character_chosen":"THE_SILENT","items_purchased":[],"campfire_rested":2,"item_purchase_floors":[],"current_hp_per_floor":[59,59,59,59,52,48,48,15,15,4,40,40,29,29,65,42,67,64,51,51],"gold":384,"neow_bonus":"TRANSFORM_TWO_CARDS","is_daily":false,"chose_seed":false,"campfire_upgraded":1,"win_rate":0.0,"timestamp":1611208215,"path_taken":["M","M","M","M","?","E","R","E","T","E","R","M","?","?","R","BOSS","M","?"],"items_purchased_type":[],"build_version":"2020-12-22","purchased_purges":0,"victory":false,"max_hp_per_floor":[70,70,70,70,70,70,70,70,70,70,70,70,70,70,70,75,75,75,75,75],"card_choices":[{"not_picked":["Dagger Throw","Dagger Spray"],"picked":"Dash","floor":1.0},{"not_picked":["Quick Slash","Bouncing Flask"],"picked":"Leg Sweep","floor":2.0},{"not_picked":["Dodge and Roll","Flying Knee"],"picked":"Cloak And Dagger","floor":3.0},{"not_picked":["Slice","Acrobatics","Sucker Punch"],"picked":"SKIP","floor":4},{"not_picked":["Storm of Steel","Sucker Punch+1"],"picked":"Cloak And Dagger","floor":6},{"not_picked":["Distraction","Tools of the Trade"],"picked":"Slice+1","floor":8},{"not_picked":["Masterful Stab+1","Backflip"],"picked":"Wraith Form v2","floor":10},{"not_picked":["Underhanded Strike+1","Dodge and Roll","Dagger Spray+1"],"picked":"SKIP","floor":12},{"not_picked":["Blade Dance","PiercingWail"],"picked":"Caltrops","floor":13},{"not_picked":["Glass Knife+1","Grand Finale+1"],"picked":"After Image","floor":16},{"not_picked":["Quick Slash+1","Dagger Throw+1","Sucker Punch+1"],"picked":"SKIP","floor":18}],"player_experience":1015530,"relics_obtained":[{"floor":6,"key":"Du-Vu Doll"},{"floor":8,"key":"Ancient Tea Set"},{"floor":9,"key":"Sundial"},{"floor":10,"key":"Regal Pillow"},{"floor":13,"key":"Odd Mushroom"}],"event_choices":[{"damage_healed":0,"gold_gain":0,"player_choice":"Success","damage_taken":7,"relics_obtained":["Molten Egg 2"],"max_hp_gain":0,"max_hp_loss":0,"event_name":"Scrap Ooze","floor":5,"gold_loss":0},{"damage_healed":0,"gold_gain":0,"player_choice":"Fought Mushrooms","damage_taken":0,"max_hp_gain":0,"max_hp_loss":0,"event_name":"Mushrooms","floor":13,"gold_loss":0},{"damage_healed":0,"gold_gain":0,"cards_transformed":["Strike_G"],"player_choice":"Change","damage_taken":0,"max_hp_gain":0,"max_hp_loss":0,"event_name":"Living Wall","floor":14,"gold_loss":0,"cards_obtained":["Bullet Time"]},{"damage_healed":0,"gold_gain":0,"player_choice":"Fought Bandits","damage_taken":0,"max_hp_gain":0,"max_hp_loss":0,"event_name":"Masked Bandits","floor":19,"gold_loss":0}],"is_beta":false,"boss_relics":[{"not_picked":["Busted Crown","Pandora\u0027s Box"],"picked":"Black Star"}],"items_purged_floors":[],"is_endless":false,"potions_floor_spawned":[1,2,4,6,10,16],"killed_by":"Masked Bandits","ascension_level":9}}