{"host":"g5ztulhog0otympt","time":1611261965,"event":{"mods":["AchievementEnabler","BaseMod","Bestiary","Downfall","Hermit","Minty Spire (QoL Compilation)","StSLib","The Cursed"],"gold_per_floor":[110,110,210,220,238,268,279,291,314,314,344,344,370,386,386,489,489,503,132,146,146,158,158,190,202,214,251,263,275,287,299,311,420,432,458,369,380,229,329,329,402,402,402,98,98,111,137,154,154,154],"floor_reached":51,"language":"ENG","playtime":1712,"items_purged":[],"score":771,"play_id":"dcc8b16c-9f0e-48cc-b87e-eb1a220b0875","local_time":"20210121224605","is_ascension_mode":false,"campfire_choices":[{"floor":10,"key":"REST"},{"floor":12,"key":"REST"},{"floor":15,"key":"REST"},{"floor":23,"key":"REST"},{"floor":25,"key":"REST"},{"floor":28,"key":"REST"},{"floor":30,"key":"REST"},{"data":"Defragment","floor":32,"key":"SMITH"},{"floor":40,"key":"REST"},{"floor":45,"key":"REST"},{"floor":49,"key":"REST"}],"circlet_count":0,"master_deck":["Zap","Dualcast","Steam","Stack","Reinforced Body+1","Creative AI","FTL","Beam Cell","Stack","Electrodynamics","Fusion","Echo Form","Hello World","Capacitor","Glacier","Amplify+1","Go for the Eyes","FTL","BootSequence+1","Defragment+1","Go for the Eyes+1","Go for the Eyes","Steam","Ball Lightning+1","Turbo+1","Leap+1","Stack+1","Machine Learning","Barrage+1","Defragment+1"],"relics":["Cracked Core","Ice Cream","Oddly Smooth Stone","Dream Catcher","Odd Mushroom","Pandora\u0027s Box","War Paint","Orrery","MawBank","Tiny Chest","Mummified Hand","Black Star","Nunchaku","Gremlin Horn","Ornamental Fan","HandDrill","Bronze Scales","InkBottle","PreservedInsect"],"acts_visited":["Exordium","TheCity","TheBeyond"],"potions_floor_usage":[6,11,13,24,33,37,50,50],"damage_taken":[{"damage":0,"enemies":"Small Slimes","floor":1,"turns":3},{"damage":0,"enemies":"Cultist","floor":4,"turns":3},{"damage":0,"enemies":"2 Louse","floor":5,"turns":2},{"damage":29,"enemies":"Lagavulin","floor":6,"turns":7},{"damage":3,"enemies":"Blue Slaver","floor":7,"turns":4},{"damage":0,"enemies":"Large Slime","floor":8,"turns":6},{"damage":19,"enemies":"Gremlin Nob","floor":11,"turns":5},{"damage":13,"enemies":"The Mushroom Lair","floor":13,"turns":4},{"damage":5,"enemies":"Exordium Wildlife","floor":14,"turns":4},{"damage":30,"enemies":"The Guardian","floor":16,"turns":11},{"damage":20,"enemies":"Shell Parasite","floor":18,"turns":8},{"damage":0,"enemies":"Spheric Guardian","floor":20,"turns":4},{"damage":21,"enemies":"Centurion and Healer","floor":22,"turns":8},{"damage":46,"enemies":"Gremlin Leader","floor":24,"turns":7},{"damage":35,"enemies":"Slavers","floor":27,"turns":5},{"damage":0,"enemies":"Champ","floor":33,"turns":11},{"damage":0,"enemies":"3 Shapes","floor":35,"turns":3},{"damage":23,"enemies":"3 Darklings","floor":37,"turns":5},{"damage":31,"enemies":"Spire Growth","floor":46,"turns":6},{"damage":5,"enemies":"Giant Head","floor":47,"turns":10},{"damage":34,"enemies":"Jaw Worm Horde","floor":48,"turns":4},{"damage":31,"enemies":"Donu and Deca","floor":50,"turns":8}],"seed_played":"1010395881189968839","potions_obtained":[{"floor":5,"key":"Fire Potion"},{"floor":7,"key":"Strength Potion"},{"floor":8,"key":"SpeedPotion"},{"floor":11,"key":"Explosive Potion"},{"floor":18,"key":"FearPotion"},{"floor":27,"key":"champ:CounterPotion"},{"floor":37,"key":"SteroidPotion"}],"is_trial":false,"path_per_floor":["M","?","?","M","M","E","M","M","T","R","E","R","?","M","R","B",null,"M","$","M","?","M","R","E","R","T","E","R","?","R","?","R","B",null,"M","$","M","$","?","R","T","?","T","$","R","M","E","M","R","B",null],"character_chosen":"DEFECT","items_purchased":["Defragment","War Paint","Orrery","Fire Potion","Fire Potion","Nunchaku","HandDrill","Bronze Scales"],"campfire_rested":10,"item_purchase_floors":[19,19,19,36,36,38,44,44],"current_hp_per_floor":[82,66,66,66,66,37,34,34,34,58,39,63,50,45,69,39,82,62,62,62,62,41,65,19,43,43,8,32,59,82,82,82,82,82,82,82,59,59,59,82,82,82,82,82,82,51,46,12,36,5],"gold":154,"neow_bonus":"TEN_PERCENT_HP_BONUS","is_daily":false,"chose_seed":false,"campfire_upgraded":1,"win_rate":0.0,"timestamp":1611261965,"path_taken":["M","?","?","?","M","E","M","M","T","R","E","R","?","M","R","BOSS","M","$","M","?","M","R","E","R","T","E","R","?","R","?","R","BOSS","M","$","M","$","?","R","?","?","T","$","R","M","E","M","R","BOSS"],"items_purchased_type":["Card","Relic","Relic","Potion","Potion","Relic","Relic","Relic"],"build_version":"2020-12-22","purchased_purges":0,"victory":true,"max_hp_per_floor":[82,82,82,82,82,82,82,82,82,82,82,82,82,82,82,82,82,82,82,82,82,82,82,82,82,82,82,82,82,82,82,82,82,82,82,82,82,82,82,82,82,82,82,82,82,82,82,82,82,82],"card_choices":[{"not_picked":["Stack","Streamline"],"picked":"Steam","floor":1},{"not_picked":["Streamline","Fusion"],"picked":"Stack","floor":4},{"not_picked":["Hologram","Lockon","Sweeping Beam"],"picked":"SKIP","floor":5},{"not_picked":["Coolheaded","Aggregate","Self Repair"],"picked":"SKIP","floor":6},{"not_picked":["Hologram","Force Field"],"picked":"Reinforced Body","floor":7},{"not_picked":["Hologram","Cold Snap"],"picked":"Creative AI","floor":8},{"not_picked":["Recycle","Darkness"],"picked":"FTL","floor":11},{"not_picked":["Fusion","Blizzard"],"picked":"Beam Cell","floor":13},{"not_picked":["Storm","Force Field","Coolheaded"],"picked":"SKIP","floor":14},{"not_picked":["Static Discharge","Aggregate"],"picked":"Stack","floor":15},{"not_picked":["Multi-Cast","Rainbow"],"picked":"Electrodynamics","floor":16},{"not_picked":["Hello World","Steam Power"],"picked":"BootSequence+1","floor":18},{"not_picked":["Recycle+1","Redo"],"picked":"Go for the Eyes+1","floor":19},{"not_picked":["Heatsinks","Stack"],"picked":"Go for the Eyes","floor":19},{"not_picked":["Machine Learning","Redo+1"],"picked":"Steam","floor":19},{"not_picked":["Conserve Battery","Coolheaded"],"picked":"Ball Lightning+1","floor":19},{"not_picked":["Cold Snap","Compile Driver"],"picked":"Turbo+1","floor":19},{"not_picked":["Rip and Tear","Rebound"],"picked":"Leap+1","floor":20},{"not_picked":["Conserve Battery","Steam","Rebound"],"picked":"SKIP","floor":22},{"not_picked":["Force Field","Compile Driver+1","Reinforced Body"],"picked":"SKIP","floor":24},{"not_picked":["Reprogram","Chaos","Ball Lightning"],"picked":"SKIP","floor":27},{"not_picked":["Self Repair","Rip and Tear"],"picked":"Stack+1","floor":28},{"not_picked":["Turbo","Coolheaded"],"picked":"Machine Learning","floor":30},{"not_picked":["Coolheaded","Sunder","Turbo+1"],"picked":"SKIP","floor":35},{"not_picked":["Beam Cell+1","Conserve Battery","Fission"],"picked":"SKIP","floor":37},{"not_picked":["Darkness+1","Beam Cell"],"picked":"Barrage+1","floor":45},{"not_picked":["Redo","Cold Snap+1","Gash"],"picked":"SKIP","floor":46},{"not_picked":["Turbo","Heatsinks+1","Barrage"],"picked":"SKIP","floor":47},{"not_picked":["Streamline","Recycle"],"picked":"Defragment+1","floor":48}],"player_experience":120480,"relics_obtained":[{"floor":6,"key":"Ice Cream"},{"floor":9,"key":"Oddly Smooth Stone"},{"floor":11,"key":"Dream Catcher"},{"floor":13,"key":"Odd Mushroom"},{"floor":24,"key":"MawBank"},{"floor":26,"key":"Tiny Chest"},{"floor":27,"key":"Mummified Hand"},{"floor":41,"key":"Gremlin Horn"},{"floor":43,"key":"Ornamental Fan"},{"floor":47,"key":"InkBottle"},{"floor":47,"key":"PreservedInsect"}],"event_choices":[{"damage_healed":0,"gold_gain":0,"player_choice":"Entered Light","damage_taken":16,"max_hp_gain":0,"max_hp_loss":0,"event_name":"Shining Light","floor":2,"gold_loss":0,"cards_upgraded":["Defend_B","Strike_B"]},{"damage_healed":0,"gold_gain":100,"player_choice":"Pray","damage_taken":0,"max_hp_gain":0,"max_hp_loss":0,"event_name":"Golden Shrine","floor":3,"gold_loss":0},{"damage_healed":0,"gold_gain":0,"player_choice":"Fought Mushrooms","damage_taken":0,"max_hp_gain":0,"max_hp_loss":0,"event_name":"Mushrooms","floor":13,"gold_loss":0},{"damage_healed":27,"gold_gain":0,"player_choice":"Heal","damage_taken":0,"max_hp_gain":0,"max_hp_loss":0,"event_name":"The Library","floor":29,"gold_loss":0},{"damage_healed":0,"gold_gain":0,"player_choice":"Ignored","damage_taken":0,"max_hp_gain":0,"max_hp_loss":0,"event_name":"Ghosts","floor":31,"gold_loss":0},{"damage_healed":0,"gold_gain":100,"player_choice":"Pray","damage_taken":0,"max_hp_gain":0,"max_hp_loss":0,"event_name":"Golden Shrine","floor":39,"gold_loss":0},{"damage_healed":0,"gold_gain":0,"player_choice":"Ignored","damage_taken":0,"max_hp_gain":0,"max_hp_loss":0,"event_name":"Mysterious Sphere","floor":42,"gold_loss":0}],"is_beta":false,"boss_relics":[{"not_picked":["Empty Cage","Velvet Choker"],"picked":"Pandora\u0027s Box"},{"not_picked":["Cursed Key","Tiny House"],"picked":"Black Star"}],"items_purged_floors":[],"is_endless":false,"potions_floor_spawned":[5,7,8,11,18,27,37,46,48],"ascension_level":0}}