{"host":"ipnf7ktf1pyxq9u3","time":1611225606,"event":{"mods":["Act Like it!","Aspiration","BaseMod","BetterRewards","Conspire","Downfall","Gremlin Mod","Hallownest","Hermit","Hubris","Infinite Spire","Lobotomy","Minty Spire (QoL Compilation)","Reworked Bosses","Shade Mod","Shop Mod","StSLib","The Bug Knight","The Construct","The Cursed","The Factory","The Forsaken","The Hierophant","The Jungle","The Necromancer"],"gold_per_floor":[99,111,111,111,21,33,113,143,143,143],"floor_reached":8,"language":"ENG","playtime":1145,"items_purged":["Shame"],"score":57,"play_id":"76458cba-c2cb-4866-af4f-33c79d5af0a4","local_time":"20210121214006","is_ascension_mode":true,"campfire_choices":[{"floor":1,"key":"RECALL"}],"circlet_count":0,"master_deck":["Slimebound:Strike_Slimebound","Slimebound:Strike_Slimebound","Slimebound:Strike_Slimebound","Slimebound:Tackle","Slimebound:Defend_Slimebound","Slimebound:Defend_Slimebound","Slimebound:Defend_Slimebound","Slimebound:Defend_Slimebound","Slimebound:Split","Slimebound:CorrosiveSpit","Slimebound:TagTeam","Slimebound:ForwardTackle","Injury","Slimebound:SamplingLick"],"relics":["Slimebound:AbsorbEndCombat","Molten Egg 2","Gremlin Horn","aspiration:FrozenJewel"],"acts_visited":["Exordium"],"potions_floor_usage":[],"damage_taken":[{"damage":3,"enemies":"Cultist","floor":2,"turns":4},{"damage":0,"enemies":"downfall:FleeingMerchant","floor":5,"turns":4},{"damage":5,"enemies":"2 Louse","floor":6,"turns":2},{"damage":26,"enemies":"3 Sentries","floor":8,"turns":7}],"seed_played":"-5189020600042841974","potions_obtained":[{"floor":2,"key":"SpeedPotion"}],"is_trial":false,"path_per_floor":["R","M","?","?","$","M","T","E"],"character_chosen":"SLIMEBOUND","items_purchased":[],"campfire_rested":0,"item_purchase_floors":[],"current_hp_per_floor":[65,64,64,65,65,60,60,38,38,38],"gold":143,"neow_bonus":"THREE_RARE_CARDS","is_daily":false,"chose_seed":false,"campfire_upgraded":0,"win_rate":0.0,"timestamp":1611225606,"path_taken":["R","M","?","?","$","M","T","E"],"items_purchased_type":[],"build_version":"2020-12-22","purchased_purges":1,"victory":false,"max_hp_per_floor":[65,65,65,65,65,65,65,65,65,65],"card_choices":[{"not_picked":["Slimebound:Darklings","Slimebound:PrepareCrush"],"picked":"Slimebound:TagTeam","floor":0},{"not_picked":["Slimebound:SplitAcid","Slimebound:PressTheAttack"],"picked":"Slimebound:ForwardTackle","floor":2},{"not_picked":["Slimebound:Dissolve","Slimebound:DivideAndConquer+1","Slimebound:FinishingTackle+1"],"picked":"SKIP","floor":5},{"not_picked":["Slimebound:Schlurp","Slimebound:ItLooksTasty+1"],"picked":"Slimebound:SamplingLick","floor":6}],"player_experience":610083,"relics_obtained":[{"floor":7,"key":"Gremlin Horn"},{"floor":8,"key":"aspiration:FrozenJewel"}],"event_choices":[],"is_beta":false,"boss_relics":[],"items_purged_floors":[5],"is_endless":false,"potions_floor_spawned":[2],"killed_by":"3 Sentries","ascension_level":1}}