{"host":"w811868i7dqaax32","time":1611236671,"event":{"mods":["BaseMod","Infinite Spire","Minty Spire (QoL Compilation)","Replay The Spire","StSLib","The Poker Player"],"gold_per_floor":[117,135,176,196,196,196,208,239,288,307,324,324,324,344,344,449,449,460,472,472,472,488,518,518,553,578,578,207,218,230,230,230,330,330,348,348,360,378,68,68,100,100,127,127,143,168,168,202,202,202,202,202,16,48,48],"floor_reached":56,"language":"ENG","playtime":4802,"items_purged":[],"score":1327,"play_id":"222e2b04-6823-4630-9988-28099b501fcc","local_time":"20210121144431","is_ascension_mode":true,"metric_token":402,"campfire_choices":[{"floor":6,"key":"REST"},{"floor":12,"key":"RECALL"},{"data":"PokerPlayerMod:CardPrinter","floor":15,"key":"SMITH"},{"data":"PokerPlayerMod:CardPrinter+1","floor":24,"key":"SMITH"},{"data":"PokerPlayerMod:CardPrinter+2","floor":27,"key":"SMITH"},{"data":"PokerPlayerMod:CardPrinter+3","floor":32,"key":"SMITH"},{"data":"PokerPlayerMod:CardPrinter+4","floor":40,"key":"SMITH"},{"data":"PokerPlayerMod:CardPrinter+5","floor":42,"key":"SMITH"},{"data":"PokerPlayerMod:CardPrinter+6","floor":44,"key":"SMITH"},{"data":"PokerPlayerMod:FlyingCard","floor":49,"key":"SMITH"},{"data":"PokerPlayerMod:ThinkingTime","floor":52,"key":"SMITH"}],"circlet_count":0,"master_deck":["PokerPlayerMod:Diamond1","PokerPlayerMod:Diamond2","PokerPlayerMod:Diamond3","PokerPlayerMod:Diamond4","PokerPlayerMod:Diamond5","PokerPlayerMod:Spade1","PokerPlayerMod:Spade2","PokerPlayerMod:Spade3","PokerPlayerMod:Spade4","PokerPlayerMod:Club1","PokerPlayerMod:Heart2","PokerPlayerMod:TrumpStrike+1","PokerPlayerMod:BadJoker+1","PokerPlayerMod:Mulligan","PokerPlayerMod:Diamond4","PokerPlayerMod:CardPrinter+7","PokerPlayerMod:Diamond4","PokerPlayerMod:Heart4","PokerPlayerMod:Diamond10+","PokerPlayerMod:Club5","PokerPlayerMod:Spade4","PokerPlayerMod:ClubDance+1","PokerPlayerMod:Club2","PokerPlayerMod:Club3","PokerPlayerMod:Club4","PokerPlayerMod:Club5","PokerPlayerMod:Club6","PokerPlayerMod:Heart4","PokerPlayerMod:FakeSymbols","PokerPlayerMod:DartThrow+1","PokerPlayerMod:ClubsClub","PokerPlayerMod:Heart10+","PokerPlayerMod:Overdeal+1","PokerPlayerMod:Overdeal+1","PokerPlayerMod:Club10+","PokerPlayerMod:Club4","PokerPlayerMod:ThinkingTime+1","PokerPlayerMod:Club10+","AbeCurse","PokerPlayerMod:Raise+1","PokerPlayerMod:JackOfSpades+1","PokerPlayerMod:DartThrow","PokerPlayerMod:FlyingCard+1","PokerPlayerMod:FlyingCard+1","PokerPlayerMod:HeartStrike+1","Replay:Dark Deal","PokerPlayerMod:JackOfSpades"],"relics":["PokerPlayerMod:DeckCase","Replay:Kaleidoscope","infinitespire:Bottled Soul","Art of War","Replay:Bronze Core","infinitespire:Beetle Shell","Matryoshka","Pet Ghost","Ancient Tea Set","Chemical X","Toy Ornithopter","Abe\u0027s Treasure","PokerPlayerMod:BottledPoker","Honey Jar","Blood Vial","War Paint","Simple Rune","infinitespire:PuzzleCube","infinitespire:Lucky Rock","ReplayTheSpireMod:Lightbulb","Gremlin Food","Pen Nib"],"acts_visited":["Exordium","TheCity","TheBeyond","TheEnding"],"potions_floor_usage":[16,33,50,50,50],"damage_taken":[{"damage":0,"enemies":"Cultist","floor":1,"turns":3},{"damage":0,"enemies":"Small Slimes","floor":2,"turns":1},{"damage":1,"enemies":"2 Louse","floor":4,"turns":2},{"damage":7,"enemies":"Exordium Thugs","floor":7,"turns":3},{"damage":14,"enemies":"3 Sentries","floor":8,"turns":5},{"damage":11,"enemies":"Lots of Slimes","floor":10,"turns":3},{"damage":0,"enemies":"2 Fungi Beasts","floor":11,"turns":2},{"damage":2,"enemies":"Blue Slaver","floor":14,"turns":2},{"damage":42,"enemies":"Hexaghost","floor":16,"turns":8},{"damage":10,"enemies":"Spheric Guardian","floor":18,"turns":3},{"damage":9,"enemies":"3 Byrds","floor":19,"turns":2},{"damage":27,"enemies":"Snecko","floor":22,"turns":4},{"damage":35,"enemies":"Nightmare","floor":23,"turns":6},{"damage":24,"enemies":"Gremlin Leader","floor":25,"turns":6},{"damage":0,"enemies":"Centurion and Healer","floor":29,"turns":2},{"damage":0,"enemies":"3 Cultists","floor":30,"turns":3},{"damage":22,"enemies":"Champ","floor":33,"turns":9},{"damage":0,"enemies":"3 Shapes","floor":35,"turns":2},{"damage":0,"enemies":"3 Darklings","floor":37,"turns":1},{"damage":4,"enemies":"Transient","floor":38,"turns":5},{"damage":24,"enemies":"Reptomancer","floor":41,"turns":5},{"damage":0,"enemies":"Jaw Worm Horde","floor":45,"turns":1},{"damage":0,"enemies":"Nemesis","floor":46,"turns":2},{"damage":0,"enemies":"Reptomancer","floor":48,"turns":4},{"damage":53,"enemies":"infinitespire:MassOfShapes","floor":50,"turns":6},{"damage":18,"enemies":"Shield and Spear","floor":54,"turns":4},{"damage":13,"enemies":"The Heart","floor":55,"turns":7}],"seed_played":"1021815350966068953","potions_obtained":[{"floor":2,"key":"SpeedPotion"},{"floor":10,"key":"FearPotion"},{"floor":11,"key":"SpeedPotion"},{"floor":14,"key":"Fire Potion"},{"floor":16,"key":"Milkshake"},{"floor":19,"key":"FairyPotion"},{"floor":30,"key":"Milkshake"},{"floor":35,"key":"Weak Potion"},{"floor":37,"key":"SteroidPotion"},{"floor":41,"key":"ColorlessPotion"},{"floor":48,"key":"Dexterity Potion"},{"floor":54,"key":"Dexterity Potion"}],"is_trial":false,"path_per_floor":["M","M","?","M","?","R","M","E","T","M","M","R","?","M","R","B",null,"M","M","?","?","M","NM","R","E","T","R","$","M","M","?","R","B",null,"M","AVR","M","M","$","R","E","R","T","R","M","E","?","E","R","B",null,"R","$","E","B",null],"character_chosen":"THE_POKER_PLAYER","items_purchased":["PokerPlayerMod:Club10+","Chemical X","Toy Ornithopter","Blood Vial","War Paint","Replay:Dark Deal"],"campfire_rested":1,"item_purchase_floors":[28,28,28,39,39,53],"current_hp_per_floor":[57,57,35,36,36,53,55,43,43,39,43,43,43,49,49,33,57,47,49,49,49,45,44,44,49,49,49,49,57,57,57,57,49,57,57,57,57,53,53,53,49,49,49,49,57,57,54,54,54,47,54,54,54,42,49],"gold":48,"neow_bonus":"TEN_PERCENT_HP_BONUS","is_daily":false,"chose_seed":false,"campfire_upgraded":9,"win_rate":0.0,"timestamp":1611236671,"path_taken":["M","?","?","M","?","R","?","E","T","M","?","R","?","M","R","BOSS","M","M","?","?","M","NM","R","E","T","R","$","?","M","?","R","BOSS","M","AVR","M","M","$","R","E","R","T","R","M","E","?","E","R","BOSS","R","$","E","BOSS"],"items_purchased_type":["Undefined","Relic","Relic","Relic","Relic","Card"],"build_version":"2020-12-22","purchased_purges":0,"victory":true,"max_hp_per_floor":[57,57,57,57,57,57,57,57,57,57,57,57,57,57,57,57,57,57,57,57,57,57,57,57,57,57,57,57,57,57,57,57,57,57,57,57,57,57,57,57,57,57,57,57,57,57,54,54,54,54,54,54,54,54,54],"card_choices":[{"not_picked":["PokerPlayerMod:DartThrow","PokerPlayerMod:HotShotCut"],"picked":"PokerPlayerMod:Diamond4","floor":1},{"not_picked":["PokerPlayerMod:Diamond4","PokerPlayerMod:Trickery"],"picked":"PokerPlayerMod:CardPrinter","floor":2},{"not_picked":["PokerPlayerMod:Heart2","PokerPlayerMod:Diamond1"],"picked":"PokerPlayerMod:Diamond4","floor":3},{"not_picked":["PokerPlayerMod:Spade1","PokerPlayerMod:PoorCopy"],"picked":"PokerPlayerMod:Heart4","floor":4},{"not_picked":["PokerPlayerMod:Spade2","PokerPlayerMod:Raise"],"picked":"PokerPlayerMod:Diamond10+","floor":7},{"not_picked":["PokerPlayerMod:Sharpen","PokerPlayerMod:HotShotCut"],"picked":"PokerPlayerMod:Club5","floor":8},{"not_picked":["PokerPlayerMod:DiamondStrike","PokerPlayerMod:Diamond2"],"picked":"PokerPlayerMod:Spade4","floor":10},{"not_picked":["PokerPlayerMod:Diamond4","PokerPlayerMod:Configure"],"picked":"PokerPlayerMod:ClubDance","floor":11},{"not_picked":["PokerPlayerMod:CardBurn","PokerPlayerMod:CardPrinter"],"picked":"PokerPlayerMod:Heart4","floor":14},{"not_picked":["PokerPlayerMod:Promotion","PokerPlayerMod:Spade7"],"picked":"PokerPlayerMod:FakeSymbols","floor":16},{"not_picked":["PokerPlayerMod:Fold+1","PokerPlayerMod:Configure+1"],"picked":"PokerPlayerMod:DartThrow+1","floor":18},{"not_picked":["PokerPlayerMod:Spade2","PokerPlayerMod:Diamond2"],"picked":"PokerPlayerMod:ClubsClub","floor":19},{"not_picked":["PokerPlayerMod:Spade3","PokerPlayerMod:Diamond3","PokerPlayerMod:Spade1"],"picked":"SKIP","floor":22},{"not_picked":["PokerPlayerMod:ChangeRules","PokerPlayerMod:DartThrow+1"],"picked":"PokerPlayerMod:Overdeal+1","floor":23},{"not_picked":["PokerPlayerMod:HiddenCard","PokerPlayerMod:SpadeStrike+1"],"picked":"PokerPlayerMod:Overdeal+1","floor":25},{"not_picked":["PokerPlayerMod:CardPrinter","PokerPlayerMod:FlyingCard"],"picked":"PokerPlayerMod:Club4","floor":29},{"not_picked":["PokerPlayerMod:Spade3","PokerPlayerMod:CardBurn","PokerPlayerMod:Spade1"],"picked":"SKIP","floor":30},{"not_picked":["PokerPlayerMod:Diamond8","PokerPlayerMod:SecretDealer"],"picked":"PokerPlayerMod:Club10+","floor":33},{"not_picked":["PokerPlayerMod:SpadeStrike","PokerPlayerMod:Club4","PokerPlayerMod:Diamond4"],"picked":"SKIP","floor":35},{"not_picked":["PokerPlayerMod:Heart5","PokerPlayerMod:Diamond3","PokerPlayerMod:MagicTrick"],"picked":"PokerPlayerMod:Raise+1","floor":37},{"not_picked":["PokerPlayerMod:SpadeStrike","PokerPlayerMod:Sharpen","PokerPlayerMod:Diamond3"],"picked":"PokerPlayerMod:JackOfSpades+1","floor":38},{"not_picked":["PokerPlayerMod:HeartStrike","PokerPlayerMod:Diamond3","PokerPlayerMod:Trickery"],"picked":"PokerPlayerMod:DartThrow","floor":41},{"not_picked":["PokerPlayerMod:Spade3","PokerPlayerMod:Heart1","PokerPlayerMod:Club2"],"picked":"PokerPlayerMod:FlyingCard","floor":45},{"not_picked":["PokerPlayerMod:Club7","PokerPlayerMod:ClubsClub","PokerPlayerMod:Diamond8"],"picked":"PokerPlayerMod:FlyingCard+1","floor":46},{"not_picked":["PokerPlayerMod:MagicTrick","PokerPlayerMod:Club2","PokerPlayerMod:CloakAndDiamond+1"],"picked":"PokerPlayerMod:HeartStrike+1","floor":48},{"not_picked":["PokerPlayerMod:DartThrow","PokerPlayerMod:Club5","PokerPlayerMod:HiddenCard+1"],"picked":"PokerPlayerMod:JackOfSpades","floor":54}],"player_experience":760946,"relics_obtained":[{"floor":3,"key":"Replay:Kaleidoscope"},{"floor":8,"key":"infinitespire:Bottled Soul"},{"floor":9,"key":"Art of War"},{"floor":23,"key":"Matryoshka"},{"floor":25,"key":"Pet Ghost"},{"floor":26,"key":"Ancient Tea Set"},{"floor":41,"key":"Simple Rune"},{"floor":43,"key":"infinitespire:PuzzleCube"},{"floor":43,"key":"infinitespire:Lucky Rock"},{"floor":46,"key":"ReplayTheSpireMod:Lightbulb"},{"floor":48,"key":"Gremlin Food"},{"floor":54,"key":"Pen Nib"}],"event_choices":[{"damage_healed":0,"gold_gain":0,"player_choice":"Forge","damage_taken":0,"max_hp_gain":0,"max_hp_loss":0,"event_name":"Accursed Blacksmith","floor":5,"gold_loss":0,"cards_upgraded":["PokerPlayerMod:TrumpStrike"]},{"damage_healed":0,"gold_gain":0,"player_choice":"Jackpot","damage_taken":0,"max_hp_gain":0,"max_hp_loss":0,"event_name":"PokerPlayerMod:ExordiumClub","floor":13,"gold_loss":0,"cards_obtained":["PokerPlayerMod:Club2","PokerPlayerMod:Club3","PokerPlayerMod:Club4","PokerPlayerMod:Club5","PokerPlayerMod:Club6"]},{"damage_healed":0,"gold_gain":0,"player_choice":"Jackpot","damage_taken":0,"max_hp_gain":0,"max_hp_loss":0,"event_name":"PokerPlayerMod:ExordiumClub","floor":13,"gold_loss":0,"cards_obtained":["PokerPlayerMod:Club2","PokerPlayerMod:Club3","PokerPlayerMod:Club4","PokerPlayerMod:Club5","PokerPlayerMod:Club6"]},{"damage_healed":0,"gold_gain":0,"player_choice":"Jackpot","damage_taken":0,"max_hp_gain":0,"max_hp_loss":0,"event_name":"PokerPlayerMod:ExordiumClub","floor":13,"gold_loss":0,"cards_obtained":["PokerPlayerMod:Club2","PokerPlayerMod:Club3","PokerPlayerMod:Club4","PokerPlayerMod:Club5","PokerPlayerMod:Club6"]},{"damage_healed":0,"gold_gain":0,"player_choice":"Jackpot","damage_taken":0,"max_hp_gain":0,"max_hp_loss":0,"event_name":"PokerPlayerMod:ExordiumClub","floor":13,"gold_loss":0,"cards_obtained":["PokerPlayerMod:Club2","PokerPlayerMod:Club3","PokerPlayerMod:Club4","PokerPlayerMod:Club5","PokerPlayerMod:Club6"]},{"damage_healed":0,"gold_gain":0,"player_choice":"Jackpot","damage_taken":0,"max_hp_gain":0,"max_hp_loss":0,"event_name":"PokerPlayerMod:ExordiumClub","floor":13,"gold_loss":0,"cards_obtained":["PokerPlayerMod:Club2","PokerPlayerMod:Club3","PokerPlayerMod:Club4","PokerPlayerMod:Club5","PokerPlayerMod:Club6"]},{"damage_healed":0,"gold_gain":0,"player_choice":"Read","damage_taken":0,"max_hp_gain":0,"max_hp_loss":0,"event_name":"The Library","floor":20,"gold_loss":0,"cards_obtained":["PokerPlayerMod:Heart10"]},{"cards_removed":["PokerPlayerMod:Club2"],"damage_healed":0,"gold_gain":0,"player_choice":"Gave Card","damage_taken":0,"relics_obtained":["infinitespire:Beetle Shell"],"max_hp_gain":0,"max_hp_loss":0,"event_name":"WeMeetAgain","floor":21,"gold_loss":0},{"damage_healed":0,"gold_gain":0,"player_choice":"Think Hard","damage_taken":0,"max_hp_gain":0,"max_hp_loss":0,"event_name":"PokerPlayerMod:Vampires","floor":31,"gold_loss":0,"cards_obtained":["PokerPlayerMod:ThinkingTime"]},{"damage_healed":0,"gold_gain":0,"player_choice":"Max HP","damage_taken":0,"max_hp_gain":0,"max_hp_loss":3,"event_name":"Winding Halls","floor":47,"gold_loss":0}],"is_beta":false,"boss_relics":[{"not_picked":["Snecko Eye","Empty Cage"],"picked":"Replay:Bronze Core"},{"not_picked":["Tiny House","Calling Bell"],"picked":"Abe\u0027s Treasure"}],"items_purged_floors":[],"is_endless":false,"potions_floor_spawned":[2,10,11,14,16,18,19,29,30,35,37,41,48,54],"ascension_level":1}}