{"host":"BinaryLev","time":1611242583,"event":{"mods":["BaseMod","Colored Map","Colored Powertips","Conspire","DeckTracker","Downfall","Highlight Path","Infinite Spire","Minty Spire (QoL Compilation)","Quick Restart","Random Character Button","Relic Sorter","Relic Stats","StSLib","The Blue Laboratory"],"gold_per_floor":[219,238,238,248,220,220,252,252,252,252,48,48,48,61,61,61,61],"floor_reached":16,"language":"ENG","playtime":591,"items_purged":[],"score":100,"play_id":"1dcc59bf-6bf6-4e34-9bbb-1971dfb58190","local_time":"20210121202303","is_ascension_mode":false,"campfire_choices":[{"data":"conspire:PoisonWeapons","floor":6,"key":"SMITH"},{"floor":8,"key":"REST"},{"data":"Heel Hook","floor":10,"key":"SMITH"},{"data":"Flying Knee","floor":15,"key":"SMITH"}],"circlet_count":0,"master_deck":["Strike_G","Strike_G","Strike_G","Strike_G","Strike_G","Defend_G","Defend_G","Defend_G","Defend_G","Defend_G","Survivor","Neutralize","Heel Hook+1","Outmaneuver","Dodge and Roll","conspire:PoisonWeapons+1","Flying Knee+1"],"relics":["Ring of the Snake","conspire:DeflatedDodgeball","infinitespire:CheckeredPen","ClockworkSouvenir","CultistMask"],"acts_visited":["Exordium"],"potions_floor_usage":[7,16,16],"damage_taken":[{"damage":0.0,"enemies":"Jaw Worm","floor":1.0,"turns":5.0},{"damage":0.0,"enemies":"Cultist","floor":2.0,"turns":4.0},{"damage":0.0,"enemies":"conspire:RoseBush","floor":4.0,"turns":4.0},{"damage":15,"enemies":"Exordium Thugs","floor":5,"turns":5},{"damage":51,"enemies":"Gremlin Nob","floor":7,"turns":6},{"damage":11,"enemies":"Exordium Wildlife","floor":14,"turns":4},{"damage":19,"enemies":"The Guardian","floor":16,"turns":9}],"seed_played":"-8526540722926922286","potions_obtained":[{"floor":2.0,"key":"blueLaboratory:BottledHope"},{"floor":7,"key":"blueLaboratory:LouseDecoction"}],"is_trial":false,"path_per_floor":["M","M","?","M","M","R","E","R","T","R","$","?","?","M","R","B"],"character_chosen":"THE_SILENT","items_purchased":["ClockworkSouvenir","Poison Potion"],"campfire_rested":1,"item_purchase_floors":[11,11],"current_hp_per_floor":[70,70,70,70,55,55,4,25,25,25,25,30,30,19,19,0,0],"gold":61,"neow_bonus":"HUNDRED_GOLD","is_daily":false,"chose_seed":false,"campfire_upgraded":3,"win_rate":0.0,"timestamp":1611242583,"path_taken":["M","M","?","?","M","R","E","R","T","R","$","?","?","M","R","BOSS"],"items_purchased_type":["Relic","Potion"],"build_version":"2020-12-18","purchased_purges":0,"victory":false,"max_hp_per_floor":[70,70,70,70,70,70,70,70,70,70,70,75,75,75,75,75,75],"relic_stats":{"counters":[7,37],"obtain_stats":[{"CultistMask":13,"infinitespire:CheckeredPen":9,"conspire:DeflatedDodgeball":7,"Ring of the Snake":0,"ClockworkSouvenir":11},{"CultistMask":5,"infinitespire:CheckeredPen":5,"conspire:DeflatedDodgeball":5,"Ring of the Snake":0,"ClockworkSouvenir":5},{"CultistMask":24,"infinitespire:CheckeredPen":24,"conspire:DeflatedDodgeball":24,"Ring of the Snake":0,"ClockworkSouvenir":24}],"Ring of the Snake":[14]},"card_choices":[{"not_picked":["Backflip","Dodge and Roll"],"picked":"Heel Hook","floor":1.0},{"not_picked":["Dagger Spray","Heel Hook"],"picked":"Outmaneuver","floor":2.0},{"not_picked":["Deadly Poison","Dagger Throw"],"picked":"Dodge and Roll","floor":4.0},{"not_picked":["Deflect","Dagger Spray"],"picked":"conspire:PoisonWeapons","floor":5},{"not_picked":["Slice","Acrobatics"],"picked":"Flying Knee","floor":7},{"not_picked":["Prepared","Tactician","Masterful Stab"],"picked":"SKIP","floor":14}],"player_experience":1454966,"relics_obtained":[{"floor":7,"key":"conspire:DeflatedDodgeball"},{"floor":9,"key":"infinitespire:CheckeredPen"}],"event_choices":[{"damage_healed":0.0,"max_hp_gain":0.0,"max_hp_loss":0.0,"gold_gain":0.0,"event_name":"Transmorgrifier","player_choice":"Ignored","floor":3.0,"gold_loss":0.0,"damage_taken":0.0},{"damage_healed":0,"gold_gain":0,"player_choice":"Donut","damage_taken":0,"max_hp_gain":5,"max_hp_loss":0,"event_name":"Big Fish","floor":12,"gold_loss":0},{"damage_healed":0,"gold_gain":0,"player_choice":"Trade","damage_taken":0,"relics_obtained":["CultistMask"],"max_hp_gain":0,"max_hp_loss":0,"event_name":"FaceTrader","floor":13,"gold_loss":0}],"is_beta":true,"boss_relics":[],"items_purged_floors":[],"is_endless":false,"potions_floor_spawned":[2,7],"killed_by":"The Guardian","ascension_level":0}}