{"host":"bf9sa99gaumonoeu","time":1611241477,"event":{"mods":["AchievementEnabler","Act Like it!","Aspiration","BaseMod","Bestiary","Better Note","Block Reminder","Colored Map","Colored Powertips","Fox Events","Friendly Minions","Gensokyo","GifTheSpireLib","Googly Eyes","Hallownest","Hermit","Highlight Path","Jorbs\u0027s Wanderer Trilogy","KinomotoSakuraMod(????)","Koishi","Marisa????????","Minty Spire (QoL Compilation)","Rare Cards Sparkle","Relic Stats","Spire Arcade","StSLib","The Administrix","The Animator","The Bug Knight","The Construct","The Cursed","The Hierophant","The Mystic","The Necromancer","The Poker Player","The Runesmith","The Senshi","The Servant 0.9.4","ojb\u0027s Info Mod"],"gold_per_floor":[111,130,130,47,63,63,75,75,100,129,129,144,155,181,181,181,181],"floor_reached":16,"language":"ENG","playtime":1262,"items_purged":[],"score":224,"play_id":"79d59eb3-b140-4041-ba85-b71b939d5398","local_time":"20210121130437","is_ascension_mode":true,"campfire_choices":[{"data":"Acrobatics","floor":6.0,"key":"SMITH"},{"data":"Dagger Spray","floor":8.0,"key":"SMITH"},{"data":"Tactician","floor":11.0,"key":"SMITH"},{"floor":15.0,"key":"REST"}],"circlet_count":0,"master_deck":["AscendersBane","Strike_G","Strike_G","Strike_G","Strike_G","Defend_G","Defend_G","Defend_G","Defend_G","Defend_G","Survivor","Neutralize","Grand Finale","Acrobatics+1","Dagger Spray+1","Quick Slash","Deflect","Underhanded Strike","Slice","Tactician+1","Well Laid Plans","Underhanded Strike"],"relics":["Ring of the Snake","Bag of Marbles","aspiration:HiddenCompartment","Lantern"],"acts_visited":["Exordium"],"potions_floor_usage":[],"damage_taken":[{"damage":4.0,"enemies":"Small Slimes","floor":1.0,"turns":5.0},{"damage":12.0,"enemies":"Jaw Worm","floor":2.0,"turns":8.0},{"damage":0.0,"enemies":"Cultist","floor":5.0,"turns":4.0},{"damage":5.0,"enemies":"Gremlin Gang","floor":7.0,"turns":3.0},{"damage":25.0,"enemies":"3 Sentries","floor":10.0,"turns":8.0},{"damage":0.0,"enemies":"Large Slime","floor":12.0,"turns":4.0},{"damage":1.0,"enemies":"Red Slaver","floor":13.0,"turns":4.0},{"damage":21.0,"enemies":"Lagavulin","floor":14.0,"turns":6.0},{"damage":39,"enemies":"Slime Boss","floor":16,"turns":6}],"seed_played":"3932853952823258543","potions_obtained":[{"floor":2.0,"key":"Explosive Potion"},{"floor":13.0,"key":"SteroidPotion"}],"is_trial":false,"path_per_floor":["M","M","?","$","M","R","M","R","T","E","R","M","M","E","R","B"],"character_chosen":"THE_SILENT","items_purchased":["Quick Slash","Deflect"],"campfire_rested":1,"item_purchase_floors":[4,4],"current_hp_per_floor":[55,43,65,65,65,65,60,60,60,35,35,35,34,13,32,0,0],"gold":181,"neow_bonus":"TRANSFORM_CARD","is_daily":false,"chose_seed":false,"campfire_upgraded":3,"win_rate":0.0,"timestamp":1611241477,"path_taken":["M","M","?","$","M","R","M","R","T","E","R","M","M","E","R","BOSS"],"items_purchased_type":["Card","Card"],"build_version":"2020-12-22","purchased_purges":0,"victory":false,"max_hp_per_floor":[66,66,66,66,66,66,66,66,66,66,66,66,66,66,66,66,66],"relic_stats":{"counters":[9,48],"obtain_stats":[{"Lantern":14,"Bag of Marbles":9,"aspiration:HiddenCompartment":10,"Ring of the Snake":0},{"Lantern":8,"Bag of Marbles":4,"aspiration:HiddenCompartment":5,"Ring of the Snake":0},{"Lantern":42,"Bag of Marbles":20,"aspiration:HiddenCompartment":28,"Ring of the Snake":0}],"Ring of the Snake":[18]},"card_choices":[{"not_picked":["Bouncing Flask","Calculated Gamble"],"picked":"Acrobatics","floor":1.0},{"not_picked":["Caltrops","PiercingWail"],"picked":"Dagger Spray","floor":2.0},{"not_picked":["Slice","Quick Slash"],"picked":"Underhanded Strike","floor":5.0},{"not_picked":["Choke","Slice","Cloak And Dagger"],"picked":"SKIP","floor":7.0},{"not_picked":["Choke","Cloak And Dagger"],"picked":"Slice","floor":7.0},{"not_picked":["Deadly Poison","Terror"],"picked":"Tactician","floor":10.0},{"not_picked":["Escape Plan","Cloak And Dagger"],"picked":"Well Laid Plans","floor":12.0},{"not_picked":["All Out Attack","Dagger Spray"],"picked":"Underhanded Strike","floor":13.0},{"not_picked":["Dagger Spray","Eviscerate","Predator"],"picked":"SKIP","floor":14.0}],"player_experience":1056104,"relics_obtained":[{"floor":9.0,"key":"Bag of Marbles"},{"floor":10.0,"key":"aspiration:HiddenCompartment"},{"floor":14.0,"key":"Lantern"}],"event_choices":[{"damage_healed":22.0,"max_hp_gain":0.0,"max_hp_loss":0.0,"gold_gain":0.0,"event_name":"Big Fish","player_choice":"Banana","floor":3.0,"gold_loss":0.0,"damage_taken":0.0}],"is_beta":false,"boss_relics":[],"items_purged_floors":[],"is_endless":false,"potions_floor_spawned":[2,13],"killed_by":"Slime Boss","ascension_level":20}}