{"host":"xkfvvb2eqyo6l3km","time":1611257933,"event":{"mods":["AchievementEnabler","AlwaysNeverKeys","BaseMod","Better Third Choice","BetterRewards","Block Reminder","Card Forge","Colored Map","Colored Powertips","DeckTracker","Energized Spire","Force Act Four","Hubris","Jorbs\u0027s Wanderer Trilogy","Minty Spire (QoL Compilation)","Permanent Neow","Quick Restart","Replay The Spire","Spicy Shops","StSLib","The Blackbeard","The Blue Laboratory","The Cursed","The Disciple","The Hierophant","The Necromancer","The Sage","The Valiant","vexMod"],"gold_per_floor":[119,132,207,221,232,232,266,278,331,364,380,380,410,421,421,523,523,536,536,547,562,575,600,600,613,613,633,148,148,148,175,175,175,175,273,273,285,335,351,9,59,59,89,89,89,120,170,220,24,36,36,36,36,36,36,61,61],"floor_reached":58,"language":"ENG","playtime":3265,"items_purged":["Strike_G","Defend_G","Strike_G"],"score":1690,"play_id":"28cca0f5-0d22-4cb9-9270-b9e7ecdd4c91","local_time":"20210121173853","is_ascension_mode":true,"campfire_choices":[{"data":"Toxin Wave","floor":6,"key":"SMITH"},{"floor":12,"key":"REST"},{"floor":15,"key":"REST"},{"data":"Draining Mist","floor":24,"key":"SMITH"},{"data":"Noxious Fumes","floor":34,"key":"SMITH"},{"data":"Madness","floor":42,"key":"SMITH"},{"floor":44,"key":"REST"},{"floor":51,"key":"REST"},{"data":"Tactician","floor":54,"key":"SMITH"}],"circlet_count":0,"master_deck":["Strike_G","Strike_G","Strike_G","Defend_G","Survivor","Neutralize","Noxious Fumes","Poisoned Stab","Toxin Wave+1","ReplayTheSpireMod:Scrap Shanks+1","Deadly Poison","Prepared","Acrobatics+1","Toxin Wave+1","Draining Mist+1","Cloak And Dagger","Tools of the Trade","Infinite Blades","Toxin Wave","Footwork+1","Cloak And Dagger","Poisoned Stab","Footwork+1","Leg Sweep","Noxious Fumes+1","Burst+1","Dodge and Roll+1","Madness+1","Madness+1","Tactician+1","ReplayTheSpireMod:IOU","Noxious Fumes+1","Poisoned Stab+1","ReplayTheSpireMod:Speed Training","Dramatic Entrance","Escape Plan+1"],"relics":["Ring of the Snake","Hammer of Thor","Seething Fire","Anvil of the Gods","Strawberry","Ginger","Replay:Rubber Ducky","Orichalcum","ReplayFunnel","Pantograph","hubris:VirtuousBlindfold","WarpedTongs","hubris:AstralHammer","hubris:PeanutButter","Mercury Hourglass","hubris:Icosahedron","SsserpentHead","Gremlin Food","Replay:Drink Me","Replay:Wax Seal","DollysMirror","Lee\u0027s Waffle","Anchor","The Courier","Letter Opener","vexMod:BarristanHead","hubris:Towel","ClockworkSouvenir","War Paint","TungstenRod"],"acts_visited":["TheCity","TheBeyond","TheEnding"],"potions_floor_usage":[25,43,56,57],"damage_taken":[{"damage":0,"enemies":"Small Slimes","floor":1,"turns":3},{"damage":3,"enemies":"Jaw Worm","floor":2,"turns":4},{"damage":0,"enemies":"Cultist","floor":4,"turns":4},{"damage":13,"enemies":"Large Slime","floor":5,"turns":6},{"damage":23,"enemies":"3 Sentries","floor":7,"turns":7},{"damage":1,"enemies":"3 Louse","floor":8,"turns":3},{"damage":19,"enemies":"Lagavulin","floor":10,"turns":5},{"damage":6,"enemies":"Red Slaver","floor":11,"turns":5},{"damage":6,"enemies":"3 Sentries","floor":13,"turns":6},{"damage":0,"enemies":"Exordium Wildlife","floor":14,"turns":4},{"damage":40,"enemies":"The Guardian","floor":16,"turns":10},{"damage":0,"enemies":"Chosen","floor":18,"turns":5},{"damage":0,"enemies":"3 Byrds","floor":20,"turns":3},{"damage":0,"enemies":"Cultist and Chosen","floor":21,"turns":6},{"damage":2,"enemies":"Snecko","floor":22,"turns":5},{"damage":8,"enemies":"Book of Stabbing","floor":23,"turns":6},{"damage":0,"enemies":"Chosen and Byrds","floor":25,"turns":5},{"damage":0,"enemies":"Snake Plant","floor":27,"turns":4},{"damage":0,"enemies":"Gremlin Leader","floor":31,"turns":5},{"damage":11,"enemies":"Collector","floor":35,"turns":8},{"damage":0,"enemies":"3 Shapes","floor":37,"turns":4},{"damage":0,"enemies":"Orb Walker","floor":39,"turns":4},{"damage":29,"enemies":"Reptomancer","floor":43,"turns":6},{"damage":0,"enemies":"R_Hoarder","floor":46,"turns":6},{"damage":9,"enemies":"3 Darklings","floor":50,"turns":4},{"damage":28,"enemies":"Donu and Deca","floor":52,"turns":8},{"damage":7,"enemies":"Shield and Spear","floor":56,"turns":6},{"damage":36,"enemies":"The Heart","floor":57,"turns":10}],"seed_played":"-5167015412808787051","potions_obtained":[{"floor":1,"key":"blueLaboratory:ArtistsPotion"},{"floor":5,"key":"FairyPotion"},{"floor":11,"key":"Poison Potion"},{"floor":13,"key":"blueLaboratory:BottledHope"},{"floor":16,"key":"Poison Potion"},{"floor":21,"key":"Flashbang"},{"floor":23,"key":"Block Potion"},{"floor":31,"key":"blueLaboratory:ArtificerPotion"},{"floor":43,"key":"Fire Potion"},{"floor":50,"key":"Elixir"}],"is_trial":false,"path_per_floor":["M","M","?","M","M","R","E","M","T","E","M","R","E","M","R","B",null,"M","?","M","M","M","E","R","M","T","M","$","?","?","E","R_BF","PTL","R","B",null,"M","?","M","$","?","R","E","R","T","E","?","?","$","M","R","B",null,"R","$","E","B",null],"character_chosen":"THE_SILENT","items_purchased":["Noxious Fumes","Strawberry","Poisoned Stab","Noxious Fumes","Mercury Hourglass","Replay:Wax Seal","DollysMirror","Lee\u0027s Waffle","Anchor","ClockworkSouvenir","War Paint"],"campfire_rested":4,"item_purchase_floors":[0,0,0,28,28,40,40,40,40,49,49],"current_hp_per_floor":[56,53,42,42,29,29,6,5,5,14,8,31,25,25,48,33,77,77,77,77,77,75,67,67,67,67,67,67,67,67,67,67,67,67,66,58,58,51,51,65,65,65,36,55,55,55,55,55,55,46,65,37,65,65,65,58,29],"gold":61,"neow_bonus":"","is_daily":false,"chose_seed":false,"campfire_upgraded":5,"win_rate":0.0,"timestamp":1611257933,"path_taken":["M","M","?","M","M","R","E","M","T","E","M","R","E","M","R","BOSS","M","?","?","M","M","E","R","M","T","M","$","?","?","E","R_BF","PTL","R","BOSS","M","?","M","$","?","R","E","R","T","E","?","?","?","M","R","BOSS","R","$","E","BOSS"],"items_purchased_type":["Card","Relic","Card","Card","Relic","Relic","Relic","Relic","Relic","Relic","Relic"],"build_version":"2020-12-22","purchased_purges":3,"victory":true,"max_hp_per_floor":[77,77,77,77,77,77,77,77,77,77,77,77,77,77,77,77,77,77,77,77,77,77,77,77,77,77,77,77,77,77,77,77,77,77,77,58,58,58,58,65,65,65,65,65,65,65,65,65,65,65,65,65,65,65,65,65,65],"card_choices":[{"not_picked":["Finisher","Predator"],"picked":"ReplayTheSpireMod:Scrap Shanks","floor":1},{"not_picked":["Underhanded Strike","Quick Slash"],"picked":"Deadly Poison","floor":2},{"not_picked":["Bane","Quick Slash"],"picked":"Prepared","floor":4},{"not_picked":["Hidden Blade","Finisher","Choke"],"picked":"SKIP","floor":5},{"not_picked":["Blade Dance","Reflex"],"picked":"Acrobatics","floor":7},{"not_picked":["Acrobatics","Slice"],"picked":"Toxin Wave","floor":8},{"not_picked":["Dagger Spray","Night Terror"],"picked":"Draining Mist","floor":10},{"not_picked":["Dodge and Roll","Poisoned Stab"],"picked":"Cloak And Dagger","floor":11},{"not_picked":["Blade Dance","All Out Attack"],"picked":"Tools of the Trade","floor":13},{"not_picked":["Outmaneuver","Sucker Punch"],"picked":"Infinite Blades","floor":14},{"not_picked":["Underhanded Strike+1","Concentrate+1"],"picked":"Toxin Wave","floor":18},{"not_picked":["Deadly Poison+1","Blade Dance"],"picked":"Footwork+1","floor":20},{"not_picked":["Blade Dance","Dagger Throw"],"picked":"Cloak And Dagger","floor":21},{"not_picked":["Flying Knee","Hidden Blade"],"picked":"Poisoned Stab","floor":22},{"not_picked":["Outmaneuver","Blade Dance","Finisher"],"picked":"SKIP","floor":23},{"not_picked":["Predator","Fluid Movement+1"],"picked":"Footwork+1","floor":25},{"not_picked":["Eviscerate","Setup"],"picked":"Leg Sweep","floor":27},{"not_picked":["Deflect","Blade Dance","Slice"],"picked":"SKIP","floor":31},{"not_picked":["Doppelganger","Envenom"],"picked":"Burst","floor":35},{"not_picked":["Prepared","ReplayTheSpireMod:Tripwire+1"],"picked":"Dodge and Roll+1","floor":37},{"not_picked":["Deadly Poison","Poisoned Stab"],"picked":"Tactician","floor":39},{"not_picked":["Eviscerate","Choke+1"],"picked":"Poisoned Stab+1","floor":43},{"not_picked":["Poisoned Stab","All Out Attack"],"picked":"ReplayTheSpireMod:Speed Training","floor":46},{"not_picked":["Crow Ritual","Trip"],"picked":"Dramatic Entrance","floor":47},{"not_picked":["Slice","Finisher+1","Leg Sweep"],"picked":"SKIP","floor":50},{"not_picked":["Calculated Gamble+1","Predator+1"],"picked":"Escape Plan+1","floor":56}],"player_experience":276298,"relics_obtained":[{"floor":7,"key":"Replay:Rubber Ducky"},{"floor":9,"key":"Orichalcum"},{"floor":10,"key":"ReplayFunnel"},{"floor":13,"key":"Pantograph"},{"floor":23,"key":"hubris:AstralHammer"},{"floor":26,"key":"hubris:PeanutButter"},{"floor":31,"key":"Gremlin Food"},{"floor":43,"key":"The Courier"},{"floor":45,"key":"Letter Opener"},{"floor":46,"key":"vexMod:BarristanHead"},{"floor":56,"key":"TungstenRod"}],"event_choices":[{"damage_healed":0,"gold_gain":75,"player_choice":"Gold","damage_taken":11,"max_hp_gain":0,"max_hp_loss":0,"event_name":"betterThird:BetterGoop","floor":3,"gold_loss":0},{"damage_healed":0,"gold_gain":0,"player_choice":"Rummage","damage_taken":0,"relics_obtained":["WarpedTongs"],"max_hp_gain":0,"max_hp_loss":0,"event_name":"Accursed Blacksmith","floor":19,"gold_loss":0,"cards_obtained":["Pain"]},{"damage_healed":0,"gold_gain":0,"player_choice":"Trade","damage_taken":0,"relics_obtained":["SsserpentHead"],"max_hp_gain":0,"max_hp_loss":0,"event_name":"FaceTrader","floor":30,"gold_loss":0},{"damage_healed":0,"gold_gain":0,"player_choice":"Embrace Madness","damage_taken":7,"max_hp_gain":0,"max_hp_loss":0,"event_name":"Winding Halls","floor":38,"gold_loss":0,"cards_obtained":["Madness","Madness"]},{"damage_healed":0,"gold_gain":0,"player_choice":"Memory 1","damage_taken":0,"max_hp_gain":0,"max_hp_loss":0,"event_name":"SensoryStone","floor":47,"gold_loss":0}],"is_beta":false,"boss_relics":[{"not_picked":["HoveringKite","Velvet Choker"],"picked":"hubris:VirtuousBlindfold"},{"not_picked":["Philosopher\u0027s Stone","Replay:Wanted Poster"],"picked":"Replay:Drink Me"}],"items_purged_floors":[0,0,28],"is_endless":false,"potions_floor_spawned":[1,5,11,13,16,21,23,31,35,39,43,50],"ascension_level":1}}