{"host":"g5ztulhog0otympt","time":1611232969,"event":{"mods":["AchievementEnabler","BaseMod","Downfall","Hermit","Minty Spire (QoL Compilation)","StSLib","The Cursed"],"gold_per_floor":[111,121,121,131,142,142,175,26,72,101,101,101,101,115,115,210,210,222,236,236,247,274,274,302,302,350,350,368,71,96,96,96,198,198,212,61,61,71,121,121,153,153,153,153,153,153,167,167,167,167],"floor_reached":51,"language":"ENG","playtime":1881,"items_purged":[],"score":782,"play_id":"19ce3d61-b048-46f9-9721-0eec776193cc","local_time":"20210121144249","is_ascension_mode":true,"campfire_choices":[{"floor":6.0,"key":"REST"},{"floor":11.0,"key":"REST"},{"data":"Dagger Spray","floor":15.0,"key":"SMITH"},{"floor":23.0,"key":"REST"},{"floor":25.0,"key":"REST"},{"data":"Dagger Spray","floor":27.0,"key":"SMITH"},{"floor":32.0,"key":"REST"},{"floor":40.0,"key":"REST"},{"floor":42.0,"key":"REST"},{"floor":49.0,"key":"REST"}],"circlet_count":0,"master_deck":["Strike_G","Strike_G","Strike_G","Strike_G","Strike_G","Defend_G+1","Defend_G","Defend_G","Defend_G","Defend_G","Survivor","Neutralize","All Out Attack+1","Cloak And Dagger","Dagger Spray+1","Dash","Bullet Time","Phantasmal Killer+1","CurseOfTheBell","Dagger Spray+1","Deadly Poison+1","Skewer+1","All Out Attack+1","Heel Hook+1","PiercingWail","Dodge and Roll+1","Bane+1","Poisoned Stab+1","Blur+1","Deadly Poison+1","Dodge and Roll+1","Parasite","Backstab+1","Catalyst"],"relics":["Ring of the Snake","Mummified Hand","Regal Pillow","Nunchaku","Orichalcum","Calling Bell","PreservedInsect","Pear","Peace Pipe","Dream Catcher","White Beast Statue","Oddly Smooth Stone","War Paint","Toolbox","Bag of Preparation","Nilry\u0027s Codex","Black Star","TwistedFunnel","Pocketwatch","Potion Belt","Turnip","Tough Bandages","Blood Vial"],"acts_visited":["Exordium","TheCity","TheBeyond"],"potions_floor_usage":[50,50],"damage_taken":[{"damage":1.0,"enemies":"2 Louse","floor":1.0,"turns":3.0},{"damage":2.0,"enemies":"Small Slimes","floor":2.0,"turns":4.0},{"damage":0.0,"enemies":"Jaw Worm","floor":4.0,"turns":3.0},{"damage":9.0,"enemies":"Gremlin Gang","floor":5.0,"turns":3.0},{"damage":26.0,"enemies":"3 Sentries","floor":7.0,"turns":7.0},{"damage":16.0,"enemies":"Gremlin Nob","floor":10.0,"turns":5.0},{"damage":7.0,"enemies":"Exordium Thugs","floor":14.0,"turns":6.0},{"damage":56.0,"enemies":"Slime Boss","floor":16.0,"turns":16.0},{"damage":18.0,"enemies":"2 Thieves","floor":18.0,"turns":4.0},{"damage":21.0,"enemies":"Chosen","floor":19.0,"turns":8.0},{"damage":28.0,"enemies":"Snecko","floor":21.0,"turns":6.0},{"damage":4.0,"enemies":"Gremlin Leader","floor":24.0,"turns":4.0},{"damage":0.0,"enemies":"Cultist and Chosen","floor":28.0,"turns":4.0},{"damage":1.0,"enemies":"Slavers","floor":30.0,"turns":3.0},{"damage":80.0,"enemies":"Automaton","floor":33.0,"turns":11.0},{"damage":28.0,"enemies":"3 Darklings","floor":35.0,"turns":8.0},{"damage":0.0,"enemies":"3 Shapes","floor":38.0,"turns":5.0},{"damage":11.0,"enemies":"Mind Bloom Boss Battle","floor":39.0,"turns":8.0},{"damage":58.0,"enemies":"Giant Head","floor":41.0,"turns":8.0},{"damage":0.0,"enemies":"Maw","floor":45.0,"turns":1.0},{"damage":0.0,"enemies":"Sphere and 2 Shapes","floor":46.0,"turns":1.0},{"damage":20.0,"enemies":"Writhing Mass","floor":47.0,"turns":6.0},{"damage":75,"enemies":"Awakened One","floor":50,"turns":19}],"seed_played":"-1794498600619843768","potions_obtained":[{"floor":1.0,"key":"Energy Potion"},{"floor":2.0,"key":"GamblersBrew"},{"floor":5.0,"key":"Fruit Juice"},{"floor":7.0,"key":"Block Potion"},{"floor":16.0,"key":"Weak Potion"},{"floor":19.0,"key":"LiquidBronze"},{"floor":21.0,"key":"EntropicBrew"},{"floor":24.0,"key":"SkillPotion"},{"floor":28.0,"key":"Dexterity Potion"},{"floor":30.0,"key":"Weak Potion"},{"floor":33.0,"key":"BlessingOfTheForge"},{"floor":35.0,"key":"Energy Potion"},{"floor":37.0,"key":"SmokeBomb"},{"floor":37.0,"key":"Strength Potion"},{"floor":38.0,"key":"DuplicationPotion"},{"floor":41.0,"key":"SmokeBomb"},{"floor":47.0,"key":"Guardian:BlockOnCardUsePotion"}],"is_trial":false,"path_per_floor":["M","M","?","M","M","R","E","$","T","E","R","?","?","M","R","B",null,"M","M","?","M","T","R","E","R","T","R","M","$","E","?","R","B",null,"M","$","?","M","?","R","E","R","T","?","M","M","M","T","R","B",null],"character_chosen":"THE_SILENT","items_purchased":["Regal Pillow","War Paint","Toolbox","TwistedFunnel"],"campfire_rested":8,"item_purchase_floors":[8,29,29,36],"current_hp_per_floor":[76,74,74,74,70,82,56,56,56,40,79,79,84,77,77,21,97,79,58,58,30,30,74,70,97,97,97,97,97,96,80,97,17,97,69,69,69,69,58,97,39,83,83,83,83,83,63,63,92,17],"gold":167,"neow_bonus":"TEN_PERCENT_HP_BONUS","is_daily":false,"chose_seed":false,"campfire_upgraded":2,"win_rate":0.0,"timestamp":1611232969,"path_taken":["M","M","?","M","M","R","E","$","T","E","R","?","?","M","R","BOSS","M","M","?","?","?","R","E","R","T","R","?","?","E","?","R","BOSS","M","$","?","?","?","R","E","R","T","?","M","M","M","?","R","BOSS"],"items_purchased_type":["Relic","Relic","Relic","Relic"],"build_version":"2020-12-22","purchased_purges":0,"victory":true,"max_hp_per_floor":[77,77,77,77,82,82,82,82,82,82,82,82,87,87,87,87,97,97,97,97,97,97,97,97,97,97,97,97,97,97,97,97,97,97,97,97,97,97,97,97,97,97,97,92,92,92,92,92,92,92],"card_choices":[{"not_picked":["Dash","Flechettes","Dodge and Roll"],"picked":"SKIP","floor":1.0},{"not_picked":["Deadly Poison","Tactician"],"picked":"All Out Attack","floor":2.0},{"not_picked":["Backflip","Dash"],"picked":"Cloak And Dagger","floor":4.0},{"not_picked":["Catalyst","Caltrops"],"picked":"Dagger Spray","floor":5.0},{"not_picked":["Blur","Acrobatics"],"picked":"Dash","floor":7.0},{"not_picked":["Underhanded Strike","After Image"],"picked":"Bullet Time","floor":10.0},{"not_picked":["Reflex","Acrobatics","Tactician"],"picked":"SKIP","floor":14.0},{"not_picked":["Bullet Time","Unload"],"picked":"Phantasmal Killer","floor":16.0},{"not_picked":["Acrobatics+1","Well Laid Plans"],"picked":"Dagger Spray","floor":18.0},{"not_picked":["Deadly Poison","Crippling Poison","Dash"],"picked":"SKIP","floor":19.0},{"not_picked":["Cloak And Dagger","Eviscerate"],"picked":"Deadly Poison+1","floor":21.0},{"not_picked":["Poisoned Stab","Prepared"],"picked":"Skewer+1","floor":23.0},{"not_picked":["Backflip","Outmaneuver","Crippling Poison"],"picked":"SKIP","floor":24.0},{"not_picked":["Blur","Tactician+1"],"picked":"All Out Attack+1","floor":25.0},{"not_picked":["Escape Plan","Underhanded Strike"],"picked":"Heel Hook+1","floor":28.0},{"not_picked":["Night Terror","Deadly Poison+1"],"picked":"PiercingWail","floor":30.0},{"not_picked":["Finisher+1","Acrobatics"],"picked":"Dodge and Roll+1","floor":32.0},{"not_picked":["Underhanded Strike+1","Dagger Throw+1"],"picked":"Bane+1","floor":35.0},{"not_picked":["Outmaneuver","Terror"],"picked":"Poisoned Stab+1","floor":38.0},{"not_picked":["Flying Knee+1","PiercingWail"],"picked":"Blur+1","floor":39.0},{"not_picked":["Quick Slash+1","Adrenaline"],"picked":"Deadly Poison+1","floor":40.0},{"not_picked":["Cloak And Dagger+1","Tools of the Trade"],"picked":"Dodge and Roll+1","floor":41.0},{"not_picked":["Backflip","Dagger Spray"],"picked":"Backstab+1","floor":47.0},{"not_picked":["Dagger Spray+1","Underhanded Strike"],"picked":"Catalyst","floor":49.0}],"player_experience":113573,"relics_obtained":[{"floor":7.0,"key":"Mummified Hand"},{"floor":9.0,"key":"Nunchaku"},{"floor":10.0,"key":"Orichalcum"},{"floor":17.0,"key":"PreservedInsect"},{"floor":17.0,"key":"Pear"},{"floor":17.0,"key":"Peace Pipe"},{"floor":22.0,"key":"Dream Catcher"},{"floor":24.0,"key":"White Beast Statue"},{"floor":26.0,"key":"Oddly Smooth Stone"},{"floor":30.0,"key":"Bag of Preparation"},{"floor":31.0,"key":"Nilry\u0027s Codex"},{"floor":39.0,"key":"Pocketwatch"},{"floor":41.0,"key":"Potion Belt"},{"floor":41.0,"key":"Turnip"},{"floor":43.0,"key":"Tough Bandages"},{"floor":48.0,"key":"Blood Vial"}],"event_choices":[{"damage_healed":0.0,"max_hp_gain":0.0,"max_hp_loss":0.0,"gold_gain":0.0,"event_name":"The Cleric","player_choice":"Leave","floor":3.0,"gold_loss":0.0,"damage_taken":0.0},{"damage_healed":0.0,"max_hp_gain":0.0,"max_hp_loss":0.0,"gold_gain":0.0,"event_name":"Liars Game","player_choice":"Ignored","floor":12.0,"gold_loss":0.0,"damage_taken":0.0},{"damage_healed":0.0,"max_hp_gain":5.0,"max_hp_loss":0.0,"gold_gain":0.0,"event_name":"Big Fish","player_choice":"Donut","floor":13.0,"gold_loss":0.0,"damage_taken":0.0},{"damage_healed":0.0,"max_hp_gain":0.0,"max_hp_loss":0.0,"gold_gain":0.0,"event_name":"Accursed Blacksmith","player_choice":"Forge","floor":20.0,"gold_loss":0.0,"damage_taken":0.0,"cards_upgraded":["All Out Attack"]},{"damage_healed":0.0,"max_hp_gain":0.0,"max_hp_loss":0.0,"gold_gain":0.0,"event_name":"Cursed Tome","player_choice":"Obtained Book","floor":31.0,"gold_loss":0.0,"damage_taken":16.0},{"damage_healed":0.0,"max_hp_gain":0.0,"max_hp_loss":0.0,"gold_gain":0.0,"event_name":"Lab","player_choice":"Got Potions","floor":37.0,"gold_loss":0.0,"damage_taken":0.0},{"damage_healed":0.0,"max_hp_gain":0.0,"max_hp_loss":0.0,"gold_gain":0.0,"event_name":"MindBloom","player_choice":"Fight","floor":39.0,"gold_loss":0.0,"damage_taken":0.0},{"damage_healed":0.0,"max_hp_gain":0.0,"max_hp_loss":5.0,"gold_gain":0.0,"event_name":"Winding Halls","player_choice":"Max HP","floor":44.0,"gold_loss":0.0,"damage_taken":0.0}],"is_beta":false,"boss_relics":[{"not_picked":["Pandora\u0027s Box","SacredBark"],"picked":"Calling Bell"},{"not_picked":["Runic Dome","Empty Cage"],"picked":"Black Star"}],"items_purged_floors":[],"is_endless":false,"potions_floor_spawned":[1,2,5,7,16,19,21,24,28,30,33,35,38,39,41,45,46,47],"ascension_level":1}}