{"host":"ooy9sn8qgs7oliwr","time":1611236039,"event":{"mods":["ATMod(阿瑾Mod)","Act Like it!","BaseMod","BetterRewards","Minty Spire (QoL Compilation)","Pale of the Ancients","Prisma Mod","Remilia_Scarlet Moed（蕾米莉亚・斯卡雷特）3.3.5","Replay The Spire","RumiaBox-露米娅的神秘盒子","StSLib","The Alterego","The Jungle","Yakumo Yukari mod","【遗物卡牌】REMEMod"],"gold_per_floor":[113,188,201,56,56,56,86,86,86,106,106,56,89,107,107,208,208,226,226,226,0,19,19,19],"floor_reached":23,"language":"ZHS","playtime":1190,"items_purged":[],"score":222,"play_id":"542b3e60-e34a-4d75-ae89-b503a84b23a1","local_time":"20210121213359","is_ascension_mode":false,"campfire_choices":[{"data":"PrismaMod:IllyaAssassinRevenge","floor":6.0,"key":"SMITH"},{"data":"PrismaMod:IllyaCarnivalAttack","floor":8.0,"key":"SMITH"},{"data":"PrismaMod:IllyaUncommonDefend","floor":11.0,"key":"SMITH"},{"data":"PrismaMod:IllyaTestament","floor":15.0,"key":"SMITH"}],"circlet_count":0,"master_deck":["PrismaMod:IllyaCommonAttack","PrismaMod:IllyaCommonAttack","PrismaMod:IllyaCommonDefend","PrismaMod:IllyaCommonAttack","PrismaMod:IllyaCommonDefend","PrismaMod:IllyaCommonAttack","PrismaMod:IllyaCommonDefend","PrismaMod:IllyaCommonAttack","PrismaMod:IllyaCommonDefend","PrismaMod:IllyaUncommonAttack","PrismaMod:IllyaUncommonDefend+1","REME_WorshipGod","PrismaMod:IllyaUncommonAttack","PrismaMod:IllyaCheapAttack","PrismaMod:IllyaInstallLancer","PrismaMod:IllyaRussianRoulette","PrismaMod:IllyaCommandSeal","PrismaMod:IllyaUncommonAttack","PrismaMod:IllyaTestament+1","PrismaMod:IllyaAssassinRevenge+1","PrismaMod:IllyaCarnivalAttack+1","PrismaMod:IllyaInstallCaster","PrismaMod:IllyaAOECommonAttack","PrismaMod:IllyaRapidFire","Writhe","PrismaMod:IllyaPoisonBlock+1"],"relics":["PrismaMod:PrismaRuby","AT_ATBox","REME_ComplimentaryCards","NeowsBlessing","Centennial Puzzle","Mercury Hourglass","ReplayTheSpireMod:Lightbulb","Black Star","MagicDraw4","Membership Card","AT_ChloranthyRing"],"acts_visited":["Exordium","TheCity"],"potions_floor_usage":[],"damage_taken":[{"damage":0.0,"enemies":"Jaw Worm","floor":1.0,"turns":1.0},{"damage":0.0,"enemies":"Small Slimes","floor":3.0,"turns":2.0},{"damage":0.0,"enemies":"Gremlin Nob","floor":7.0,"turns":1.0},{"damage":0.0,"enemies":"Cultist","floor":10.0,"turns":3.0},{"damage":1.0,"enemies":"3 Sentries","floor":13.0,"turns":4.0},{"damage":6.0,"enemies":"Looter","floor":14.0,"turns":2.0},{"damage":15.0,"enemies":"Hexaghost","floor":16.0,"turns":10.0},{"damage":4.0,"enemies":"Chosen","floor":18.0,"turns":4.0},{"damage":29,"enemies":"Shell Parasite","floor":22,"turns":6},{"damage":58,"enemies":"Book of Stabbing","floor":23,"turns":6}],"seed_played":"-4173446627488911298","potions_obtained":[{"floor":7.0,"key":"DuplicationPotion"},{"floor":10.0,"key":"Venom Potion"},{"floor":16.0,"key":"DuplicationPotion"},{"floor":18.0,"key":"Doom Potion"}],"is_trial":false,"path_per_floor":["M","?","M","$","?","R","E","R","T","M","R","?","E","M","R","B",null,"M","?","?","$","M","E"],"character_chosen":"ILLYA","items_purchased":["PrismaMod:IllyaInstallLancer","Membership Card","AT_ChloranthyRing"],"campfire_rested":0,"item_purchase_floors":[4,21,21],"current_hp_per_floor":[75,64,64,64,64,64,64,64,64,64,64,64,68,65,65,53,77,76,76,76,76,48,0,0],"gold":19,"neow_bonus":"THREE_ENEMY_KILL","is_daily":false,"chose_seed":false,"campfire_upgraded":4,"win_rate":0.0,"timestamp":1611236039,"path_taken":["M","?","M","$","?","R","E","R","T","M","R","?","E","M","R","BOSS","M","?","?","$","M","E"],"items_purchased_type":["Card","Relic","Relic"],"build_version":"2020-12-22","purchased_purges":0,"victory":false,"max_hp_per_floor":[75,75,75,75,75,75,75,75,75,75,75,75,77,77,77,77,77,77,77,77,77,77,77,77],"card_choices":[{"not_picked":["PrismaMod:IllyaMaid","PrismaMod:IllyaTestament"],"picked":"PrismaMod:IllyaUncommonAttack","floor":1.0},{"not_picked":["PrismaMod:IllyaMinorReinForce","PrismaMod:IllyaDualEvoke"],"picked":"PrismaMod:IllyaCheapAttack","floor":3.0},{"not_picked":["PrismaMod:IllyaCommonEvoke","PrismaMod:IllyaCheapChannelDefend"],"picked":"PrismaMod:IllyaCarnivalAttack","floor":7.0},{"not_picked":["PrismaMod:IllyaPartialInstallAssassin","PrismaMod:IllyaReinForce","PrismaMod:IllyaMinorRapidFire"],"picked":"SKIP","floor":10.0},{"not_picked":["PrismaMod:IllyaUncommonAttack","PrismaMod:IllyaPartialInstallAssassin","PrismaMod:IllyaAlice"],"picked":"SKIP","floor":13.0},{"not_picked":["PrismaMod:IllyaBoysLove","PrismaMod:IllyaTestament","PrismaMod:IllyaHassanGift"],"picked":"SKIP","floor":14.0},{"not_picked":["PrismaMod:IllyaCarnivalAttack","PrismaMod:IllyaInstallRuler"],"picked":"PrismaMod:IllyaInstallCaster","floor":16.0},{"not_picked":["PrismaMod:IllyaBlindPoisonToss","PrismaMod:IllyaGrailKun"],"picked":"PrismaMod:IllyaAOECommonAttack","floor":18.0},{"not_picked":["PrismaMod:IllyaHassanGift","PrismaMod:IllyaBerserCAR"],"picked":"PrismaMod:IllyaPoisonBlock+1","floor":22}],"player_experience":37678,"relics_obtained":[{"floor":7.0,"key":"Centennial Puzzle"},{"floor":9.0,"key":"Mercury Hourglass"},{"floor":13.0,"key":"ReplayTheSpireMod:Lightbulb"}],"event_choices":[{"damage_healed":0.0,"max_hp_gain":0.0,"max_hp_loss":0.0,"gold_gain":75.0,"event_name":"World of Goop","player_choice":"Gather Gold","floor":2.0,"gold_loss":0.0,"damage_taken":11.0},{"cards_removed":["PrismaMod:IllyaCommonDefend"],"damage_healed":0.0,"max_hp_gain":0.0,"max_hp_loss":0.0,"gold_gain":0.0,"event_name":"The Cleric","player_choice":"Card Removal","floor":12.0,"gold_loss":50.0,"damage_taken":0.0},{"damage_healed":0.0,"max_hp_gain":0.0,"max_hp_loss":0.0,"gold_gain":0.0,"event_name":"The Library","player_choice":"Read","floor":19.0,"gold_loss":0.0,"damage_taken":0.0,"cards_obtained":["PrismaMod:IllyaRapidFire"]},{"damage_healed":0.0,"max_hp_gain":0.0,"max_hp_loss":0.0,"gold_gain":0.0,"event_name":"The Mausoleum","player_choice":"Opened","floor":20.0,"gold_loss":0.0,"damage_taken":0.0,"relics_obtained":["MagicDraw4"],"cards_obtained":["Writhe"]}],"is_beta":false,"boss_relics":[{"not_picked":["SlaversCollar","ChewingGum"],"picked":"Black Star"}],"items_purged_floors":[],"is_endless":false,"potions_floor_spawned":[7,10,16,18,22],"killed_by":"Book of Stabbing","ascension_level":0}}