{"host":"0ueeacaatm8t6jyh","time":1611240860,"event":{"mods":["AchievementEnabler","BaseMod","Colored Powertips","Minty Spire (QoL Compilation)","Quick Restart","Rare Cards Sparkle","StSLib"],"gold_per_floor":[119,27,27,27,27,59,59,70,70,83,95,95,20,31,31,105,105,116,135,135,135,149,180,222,281,304,331,369,369,406,73,73,207,207,285,124,172,6,83,157,157,216,216,216],"floor_reached":43,"language":"ZHS","playtime":1818,"items_purged":["Headbutt"],"score":1357,"play_id":"e4735cca-711c-4849-854a-1fdef01efe69","local_time":"20210121225420","daily_mods":["Draft","Purple Cards","Heirloom","Elite Swarm"],"is_ascension_mode":true,"campfire_choices":[{"data":"Inflame","floor":7.0,"key":"SMITH"},{"data":"Armaments","floor":12.0,"key":"SMITH"},{"data":"Shockwave","floor":15.0,"key":"SMITH"},{"data":"Corruption","floor":29.0,"key":"SMITH"},{"data":"Wish","floor":32.0,"key":"SMITH"}],"circlet_count":0,"master_deck":["AscendersBane","Inflame+1","Pommel Strike","Seeing Red","ClearTheMind","Dark Embrace","Inflame","Shockwave+1","BowlingBash","Consecrate","Fasting2","Armaments+1","Crescendo","Shrug It Off","Panacea","Protect","Brilliance","Corruption+1","Wish+1","DevaForm","Scrawl+1","Omniscience+1","ConjureBlade+1"],"relics":["Burning Blood","Bird Faced Urn","Orichalcum","Pocketwatch","SacredBark","Shuriken","Singing Bowl","Nunchaku","Bronze Scales","Toxic Egg 2","CeramicFish","FossilizedHelix","Coffee Dripper","ClockworkSouvenir","Omamori","Turnip","The Courier","Dream Catcher"],"acts_visited":["Exordium","TheCity","TheBeyond"],"potions_floor_usage":[42],"damage_taken":[{"damage":13.0,"enemies":"Jaw Worm","floor":1.0,"turns":4.0},{"damage":2.0,"enemies":"3 Sentries","floor":6.0,"turns":3.0},{"damage":0.0,"enemies":"Cultist","floor":8.0,"turns":3.0},{"damage":2.0,"enemies":"2 Louse","floor":10.0,"turns":2.0},{"damage":8.0,"enemies":"Red Slaver","floor":11.0,"turns":2.0},{"damage":7.0,"enemies":"Lots of Slimes","floor":14.0,"turns":3.0},{"damage":0.0,"enemies":"Slime Boss","floor":16.0,"turns":3.0},{"damage":11.0,"enemies":"3 Byrds","floor":18.0,"turns":3.0},{"damage":6.0,"enemies":"Spheric Guardian","floor":19.0,"turns":4.0},{"damage":0.0,"enemies":"Snecko","floor":22.0,"turns":4.0},{"damage":0.0,"enemies":"Gremlin Leader","floor":23.0,"turns":2.0},{"damage":42.0,"enemies":"Cultist and Chosen","floor":24.0,"turns":5.0},{"damage":31.0,"enemies":"Slavers","floor":25.0,"turns":4.0},{"damage":55.0,"enemies":"Book of Stabbing","floor":27.0,"turns":5.0},{"damage":0.0,"enemies":"Chosen and Byrds","floor":28.0,"turns":2.0},{"damage":0.0,"enemies":"Gremlin Leader","floor":30.0,"turns":2.0},{"damage":25.0,"enemies":"Automaton","floor":33.0,"turns":6.0},{"damage":14.0,"enemies":"3 Darklings","floor":35.0,"turns":3.0},{"damage":15.0,"enemies":"3 Shapes","floor":37.0,"turns":4.0},{"damage":35.0,"enemies":"Sphere and 2 Shapes","floor":39.0,"turns":4.0},{"damage":4.0,"enemies":"Giant Head","floor":40.0,"turns":3.0},{"damage":41,"enemies":"Nemesis","floor":42,"turns":5}],"seed_played":"-7747055647741947916","potions_obtained":[{"floor":1.0,"key":"EssenceOfSteel"},{"floor":5.0,"key":"ColorlessPotion"},{"floor":5.0,"key":"Explosive Potion"},{"floor":8.0,"key":"Swift Potion"},{"floor":10.0,"key":"FairyPotion"},{"floor":25.0,"key":"BlessingOfTheForge"},{"floor":27.0,"key":"Fruit Juice"},{"floor":30.0,"key":"EntropicBrew"},{"floor":40.0,"key":"PowerPotion"},{"floor":42,"key":"BlessingOfTheForge"}],"is_trial":true,"path_per_floor":["M","$","?","?","?","E","R","M","T","M","M","R","$","M","R","B",null,"M","M","?","$","M","E","M","E","T","E","M","R","E","$","R","B",null,"M","$","M","$","M","E","?","E","T"],"character_chosen":"IRONCLAD","items_purchased":["Panacea","FossilizedHelix","ClockworkSouvenir","Omamori"],"campfire_rested":0,"item_purchase_floors":[2,31,36,38],"current_hp_per_floor":[67,67,67,72,72,78,78,80,80,80,80,80,80,79,79,80,80,77,80,80,80,80,80,50,33,33,54,66,66,78,78,78,69,89,91,91,90,90,71,83,83,64,64,64],"gold":216,"neow_bonus":"","is_daily":false,"chose_seed":false,"campfire_upgraded":5,"win_rate":0.0,"timestamp":1611240860,"path_taken":["M","$","?","?","?","E","R","M","T","M","M","R","$","M","R","BOSS","M","?","?","$","?","E","M","E","T","E","M","R","E","?","R","BOSS","M","$","M","$","M","E","?","E","T"],"items_purchased_type":["Card","Relic","Relic","Relic"],"build_version":"2020-12-22","purchased_purges":1,"victory":false,"max_hp_per_floor":[75,75,75,80,80,80,80,80,80,80,80,80,80,80,80,80,80,80,80,80,80,80,80,82,82,82,92,94,94,94,94,94,96,96,98,98,100,100,102,102,102,104,104,104],"card_choices":[{"not_picked":["Prostrate","Evaluate"],"picked":"Inflame","floor":0.0},{"not_picked":["Twin Strike","Disarm"],"picked":"Pommel Strike","floor":0.0},{"not_picked":["FlurryOfBlows","Heavy Blade"],"picked":"Seeing Red","floor":0.0},{"not_picked":["Havoc","ReachHeaven"],"picked":"ClearTheMind","floor":0.0},{"not_picked":["Second Wind","Wallop"],"picked":"Headbutt","floor":0.0},{"not_picked":["Rupture","JustLucky"],"picked":"Dropkick","floor":0.0},{"not_picked":["PathToVictory","Consecrate"],"picked":"Dark Embrace","floor":0.0},{"not_picked":["Perfected Strike","Evaluate"],"picked":"Inflame","floor":0.0},{"not_picked":["SashWhip","Heavy Blade"],"picked":"Shockwave","floor":0.0},{"not_picked":["Protect","Sanctity"],"picked":"BowlingBash","floor":0.0},{"not_picked":["CrushJoints","FearNoEvil"],"picked":"MentalFortress","floor":0.0},{"not_picked":["Warcry","BowlingBash"],"picked":"Consecrate","floor":0.0},{"not_picked":["FlyingSleeves","Power Through"],"picked":"Fasting2","floor":0.0},{"not_picked":["Havoc","Twin Strike"],"picked":"Armaments","floor":0.0},{"not_picked":["Anger","Thunderclap"],"picked":"Crescendo","floor":0.0},{"not_picked":["JustLucky","Warcry"],"picked":"Shrug It Off","floor":1.0},{"not_picked":["Devotion","ConjureBlade"],"picked":"Brilliance","floor":6.0},{"not_picked":["Headbutt","FearNoEvil","Halt"],"picked":"SKIP","floor":8.0},{"not_picked":["BattleHymn","Disarm","Shrug It Off"],"picked":"SKIP","floor":10.0},{"not_picked":["Spot Weakness","Twin Strike","ClearTheMind"],"picked":"SKIP","floor":11.0},{"not_picked":["Evaluate","WindmillStrike","Wild Strike"],"picked":"SKIP","floor":14.0},{"not_picked":["Brilliance","Bludgeon"],"picked":"Corruption","floor":16.0},{"not_picked":["True Grit","Shrug It Off","Halt"],"picked":"SKIP","floor":18.0},{"not_picked":["Swivel","FearNoEvil+1","Wild Strike"],"picked":"SKIP","floor":19.0},{"not_picked":["Warcry","Vengeance","Perfected Strike"],"picked":"SKIP","floor":22.0},{"not_picked":["Barricade","Demon Form"],"picked":"Wish","floor":23.0},{"not_picked":["True Grit","Bloodletting","Crescendo"],"picked":"Singing Bowl","floor":24.0},{"not_picked":["Demon Form","Limit Break"],"picked":"DevaForm","floor":25.0},{"not_picked":["Reaper","Demon Form"],"picked":"Scrawl+1","floor":27.0},{"not_picked":["JustLucky+1","Heavy Blade+1","Blood for Blood"],"picked":"Singing Bowl","floor":28.0},{"not_picked":["Brutality","Exhume+1"],"picked":"Omniscience+1","floor":30.0},{"not_picked":["Establishment","Corruption","Demon Form"],"picked":"Singing Bowl","floor":33.0},{"not_picked":["Clothesline+1","Perfected Strike","Rupture"],"picked":"Singing Bowl","floor":35.0},{"not_picked":["Iron Wave","EmptyBody+1","Prostrate+1"],"picked":"Singing Bowl","floor":37.0},{"not_picked":["TalkToTheHand","WindmillStrike","Power Through+1"],"picked":"Singing Bowl","floor":39.0},{"not_picked":["Omniscience+1","Vault+1"],"picked":"ConjureBlade+1","floor":40.0},{"not_picked":["MasterReality","DevaForm","Establishment"],"picked":"Singing Bowl","floor":42}],"player_experience":442409,"relics_obtained":[{"floor":6.0,"key":"Orichalcum"},{"floor":9.0,"key":"Pocketwatch"},{"floor":23.0,"key":"Singing Bowl"},{"floor":25.0,"key":"Nunchaku"},{"floor":26.0,"key":"Bronze Scales"},{"floor":27.0,"key":"Toxic Egg 2"},{"floor":30.0,"key":"CeramicFish"},{"floor":40.0,"key":"Turnip"},{"floor":42,"key":"The Courier"},{"floor":43,"key":"Dream Catcher"}],"event_choices":[{"damage_healed":0.0,"max_hp_gain":0.0,"max_hp_loss":0.0,"gold_gain":0.0,"cards_transformed":["MentalFortress"],"event_name":"Living Wall","player_choice":"Change","floor":3.0,"gold_loss":0.0,"damage_taken":0.0,"cards_obtained":["Protect"]},{"damage_healed":0.0,"max_hp_gain":5.0,"max_hp_loss":0.0,"gold_gain":0.0,"event_name":"Big Fish","player_choice":"Donut","floor":4.0,"gold_loss":0.0,"damage_taken":0.0},{"damage_healed":0.0,"max_hp_gain":0.0,"max_hp_loss":0.0,"gold_gain":0.0,"event_name":"Lab","player_choice":"Got Potions","floor":5.0,"gold_loss":0.0,"damage_taken":0.0},{"damage_healed":0.0,"max_hp_gain":0.0,"max_hp_loss":0.0,"gold_gain":0.0,"event_name":"WeMeetAgain","player_choice":"Gave Potion","floor":20.0,"gold_loss":0.0,"damage_taken":0.0,"relics_obtained":["Shuriken"]},{"cards_removed":["Dropkick"],"damage_healed":0.0,"max_hp_gain":0.0,"max_hp_loss":0.0,"gold_gain":0.0,"event_name":"Falling","player_choice":"Removed Attack","floor":41.0,"gold_loss":0.0,"damage_taken":0.0}],"is_beta":false,"boss_relics":[{"not_picked":["Runic Dome","Ectoplasm"],"picked":"SacredBark"},{"not_picked":["Busted Crown","Philosopher\u0027s Stone"],"picked":"Coffee Dripper"}],"items_purged_floors":[13],"is_endless":true,"potions_floor_spawned":[1,8,10,11,19,25,27,30,40,42],"ascension_level":20}}