{"host":"9j472d1lqxyi8fmj","time":1611269595,"event":{"mods":["AchievementEnabler","Aspiration","BaseMod","Better Note","BetterRewards","Block Reminder","Colored Powertips","Downfall","Hermit","Hubris","Minty Spire (QoL Compilation)","Potion Indicator Mod","Rare Cards Sparkle","Relic Filter","Spicy Shops","StSLib","The Runesmith","Virulent Crown"],"gold_per_floor":[109,109,109,109,123,149,149,149,149,149,25,42,54,65,65,160,160,177,193,208,227,14,114,114],"floor_reached":23,"language":"ENG","playtime":918,"items_purged":["Decay"],"score":352,"play_id":"0b8a2685-6164-493f-a4de-820e65857dcb","local_time":"20210121175315","is_ascension_mode":true,"campfire_choices":[{"floor":8,"key":"REST"},{"floor":10,"key":"REST"},{"floor":15,"key":"REST"}],"circlet_count":0,"master_deck":["Strike_G","Strike_G","Strike_G","Strike_G","Strike_G","Defend_G","Defend_G+1","Defend_G+1","Defend_G","Survivor","Dagger Spray","hubris:DuctTapeCard","hubris:SlightOfHand","Dash","Footwork","Deflect","Dagger Spray","Blade Dance","Dagger Throw","Envenom","Riddle With Holes+1","Poisoned Stab","Blade Dance","Blade Dance","Accuracy"],"relics":["Ring of the Snake","Lee\u0027s Waffle","hubris:Icosahedron","hubris:DuctTape","Omamori","War Paint","aspiration:RitualDagger","Snake Skull"],"acts_visited":["Exordium","TheCity"],"potions_floor_usage":[6,16],"damage_taken":[{"damage":12,"enemies":"Small Slimes","floor":1,"turns":4},{"damage":2,"enemies":"2 Louse","floor":5,"turns":3},{"damage":56,"enemies":"Lagavulin","floor":6,"turns":8},{"damage":2,"enemies":"Cultist","floor":12,"turns":5},{"damage":8,"enemies":"Blue Slaver","floor":13,"turns":4},{"damage":15,"enemies":"Exordium Thugs","floor":14,"turns":5},{"damage":47,"enemies":"Hexaghost","floor":16,"turns":15},{"damage":30,"enemies":"Chosen","floor":18,"turns":6},{"damage":15,"enemies":"3 Byrds","floor":19,"turns":4},{"damage":89,"enemies":"3 Cultists","floor":20,"turns":6},{"damage":15,"enemies":"Snecko","floor":21,"turns":4},{"damage":40,"enemies":"Slavers","floor":23,"turns":2}],"seed_played":"4767797165651943753","potions_obtained":[{"floor":5,"key":"Fire Potion"},{"floor":6,"key":"Strength Potion"},{"floor":13,"key":"Dexterity Potion"},{"floor":19,"key":"AttackPotion"}],"is_trial":false,"path_per_floor":["M","?","?","?","M","E","?","R","T","R","$","M","M","M","R","B",null,"M","M","M","M","$","E"],"character_chosen":"THE_SILENT","items_purchased":["Lee\u0027s Waffle","Infinite Blades","Footwork","Deflect","Snake Skull","Accuracy"],"campfire_rested":3,"item_purchase_floors":[0,0,11,11,22,22],"current_hp_per_floor":[65,65,65,65,63,7,7,30,30,53,53,51,43,28,51,4,77,56,41,36,37,37,0,0],"gold":114,"neow_bonus":"","is_daily":false,"chose_seed":false,"campfire_upgraded":0,"win_rate":0.0,"timestamp":1611269595,"path_taken":["M","?","?","?","M","E","?","R","T","R","$","M","M","M","R","BOSS","M","M","M","M","$","E"],"items_purchased_type":["Relic","Card","Card","Card","Relic","Card"],"build_version":"2020-12-22","purchased_purges":1,"victory":false,"max_hp_per_floor":[77,77,77,77,77,77,77,77,77,77,77,77,77,77,77,77,77,77,77,77,77,77,77,77],"card_choices":[{"not_picked":["Dodge and Roll","Outmaneuver"],"picked":"Dagger Spray","floor":1},{"not_picked":["Tactician","Heel Hook"],"picked":"hubris:SlightOfHand","floor":5},{"not_picked":["Deflect","Terror"],"picked":"Dash","floor":6},{"not_picked":["Outmaneuver","Underhanded Strike"],"picked":"Dagger Spray","floor":12},{"not_picked":["Deadly Poison","Outmaneuver"],"picked":"Blade Dance","floor":13},{"not_picked":["Sucker Punch","Glass Knife"],"picked":"Dagger Throw","floor":14},{"not_picked":["Corpse Explosion","Tools of the Trade"],"picked":"Envenom","floor":16},{"not_picked":["Deflect","hubris:TrickCloak"],"picked":"Riddle With Holes+1","floor":18},{"not_picked":["Flechettes","Acrobatics"],"picked":"Poisoned Stab","floor":19},{"not_picked":["Caltrops","Accuracy"],"picked":"Blade Dance","floor":20},{"not_picked":["Escape Plan+1","Poisoned Stab+1"],"picked":"Blade Dance","floor":21}],"player_experience":346610,"relics_obtained":[{"floor":6,"key":"Omamori"},{"floor":9,"key":"War Paint"}],"event_choices":[{"cards_removed":["Defend_G"],"damage_healed":0,"gold_gain":0,"player_choice":"Forget","damage_taken":0,"max_hp_gain":0,"max_hp_loss":0,"event_name":"Living Wall","floor":3,"gold_loss":0},{"damage_healed":0,"gold_gain":0,"player_choice":"Box","damage_taken":0,"relics_obtained":["hubris:DuctTape"],"max_hp_gain":0,"max_hp_loss":0,"event_name":"Big Fish","floor":4,"gold_loss":0,"cards_obtained":["Regret"]},{"cards_removed":["Regret"],"damage_healed":0,"gold_gain":0,"player_choice":"Removed Curses","damage_taken":0,"max_hp_gain":0,"max_hp_loss":0,"event_name":"Fountain of Cleansing","floor":7,"gold_loss":0}],"is_beta":false,"boss_relics":[{"not_picked":["Runic Dome","aspiration:IroncladSkillbook"],"picked":"aspiration:RitualDagger"}],"items_purged_floors":[0],"is_endless":false,"potions_floor_spawned":[5,6,13,19],"killed_by":"Slavers","ascension_level":4}}