{"host":"g01l53quoe6lrer0","time":1611262689,"event":{"mods":["2.2 Compatiblity","AchievementEnabler","BaseMod","Colored Map","Highlight Path","Keyboard Shortcuts","Minty Spire (QoL Compilation)","Permanent Neow","StSLib","SuperFastMode","everything is the same but u backflip on backflip"],"gold_per_floor":[17,29,49,69,89,89,118,136,136,136,149,149,149,178,228,228,307,307,324,337,51,61,61,61],"floor_reached":23,"language":"KOR","playtime":540,"items_purged":[],"score":400,"play_id":"e1526929-f0c7-4648-ab7f-c9b4f35dea3b","local_time":"20210122055809","is_ascension_mode":true,"campfire_choices":[{"data":"Defragment","floor":6.0,"key":"SMITH"},{"floor":10.0,"key":"REST"},{"data":"Capacitor","floor":16.0,"key":"SMITH"}],"circlet_count":0,"master_deck":["AscendersBane","Strike_B","Strike_B","Strike_B","Strike_B","Defend_B","Defend_B+1","Defend_B","Defend_B","Zap","Dualcast","The Bomb","Ball Lightning","Coolheaded","Cold Snap","Defragment+1","Leap+1","Undo","Capacitor+1","Chill","Turbo","Echo Form","Sweeping Beam","Apotheosis","Biased Cognition","Defragment"],"relics":["Cracked Core","Shuriken","PreservedInsect","War Paint","Nuclear Battery"],"acts_visited":["Exordium","TheCity"],"potions_floor_usage":[22],"damage_taken":[{"damage":0.0,"enemies":"2 Louse","floor":1.0,"turns":1.0},{"damage":11.0,"enemies":"Small Slimes","floor":2.0,"turns":3.0},{"damage":0.0,"enemies":"Cultist","floor":3.0,"turns":3.0},{"damage":10.0,"enemies":"3 Louse","floor":4.0,"turns":3.0},{"damage":5.0,"enemies":"Blue Slaver","floor":5.0,"turns":4.0},{"damage":21.0,"enemies":"Lagavulin","floor":7.0,"turns":7.0},{"damage":4.0,"enemies":"Looter","floor":8.0,"turns":4.0},{"damage":1.0,"enemies":"Lots of Slimes","floor":11.0,"turns":2.0},{"damage":6.0,"enemies":"3 Sentries","floor":14.0,"turns":6.0},{"damage":5.0,"enemies":"Hexaghost","floor":17.0,"turns":9.0},{"damage":12.0,"enemies":"2 Thieves","floor":19.0,"turns":4.0},{"damage":14.0,"enemies":"Shell Parasite","floor":20.0,"turns":5.0},{"damage":25,"enemies":"Shelled Parasite and Fungi","floor":22,"turns":6},{"damage":15,"enemies":"Centurion and Healer","floor":23,"turns":1}],"seed_played":"-6903750424944260922","potions_obtained":[{"floor":1.0,"key":"LiquidBronze"},{"floor":4.0,"key":"Explosive Potion"},{"floor":11.0,"key":"AttackPotion"},{"floor":19.0,"key":"Weak Potion"},{"floor":22,"key":"PotionOfCapacity"}],"is_trial":false,"path_per_floor":["M","M","M","M","M","R","E","M","T","R","M","?","?","E","?","R","B",null,"M","M","$","M","M"],"character_chosen":"DEFECT","items_purchased":["Apotheosis","Biased Cognition"],"campfire_rested":1,"item_purchase_floors":[21,21],"current_hp_per_floor":[64,53,53,43,38,38,17,13,13,34,33,33,33,27,27,27,22,59,47,33,33,8,0,0],"gold":61,"neow_bonus":"RANDOM_COLORLESS_2","is_daily":false,"chose_seed":false,"campfire_upgraded":2,"win_rate":0.0,"timestamp":1611262689,"path_taken":["M","M","M","M","M","R","E","M","T","R","M","?","?","E","?","R","BOSS","M","M","$","M","?"],"items_purchased_type":["Card","Card"],"build_version":"2020-12-22","purchased_purges":0,"victory":false,"max_hp_per_floor":[71,71,71,71,71,71,71,71,71,71,71,71,71,71,71,71,71,71,71,71,71,71,71,71],"card_choices":[{"not_picked":["Transmutation","Mayhem"],"picked":"The Bomb","floor":0.0},{"not_picked":["Stack","Beam Cell"],"picked":"Ball Lightning","floor":1.0},{"not_picked":["Sweeping Beam","Stack"],"picked":"Coolheaded","floor":2.0},{"not_picked":["Ball Lightning","Streamline"],"picked":"Cold Snap","floor":3.0},{"not_picked":["FTL","Compile Driver"],"picked":"Defragment","floor":4.0},{"not_picked":["Cold Snap","Conserve Battery"],"picked":"Leap","floor":5.0},{"not_picked":["Go for the Eyes","Compile Driver"],"picked":"Undo","floor":7.0},{"not_picked":["Sunder","Steam"],"picked":"Capacitor","floor":8.0},{"not_picked":["Genetic Algorithm","Darkness"],"picked":"Chill","floor":11.0},{"not_picked":["Multi-Cast","Conserve Battery"],"picked":"Turbo","floor":14.0},{"not_picked":["All For One","Reboot"],"picked":"Echo Form","floor":17.0},{"not_picked":["Ball Lightning","Chill"],"picked":"Sweeping Beam","floor":19.0},{"not_picked":["Gash","Redo","Beam Cell"],"picked":"SKIP","floor":20.0},{"not_picked":["Double Energy","Go for the Eyes"],"picked":"Defragment","floor":22}],"player_experience":221963,"relics_obtained":[{"floor":7.0,"key":"Shuriken"},{"floor":9.0,"key":"PreservedInsect"},{"floor":14.0,"key":"War Paint"}],"event_choices":[{"damage_healed":0.0,"max_hp_gain":0.0,"max_hp_loss":0.0,"gold_gain":0.0,"event_name":"Shining Light","player_choice":"Ignored","floor":12.0,"gold_loss":0.0,"damage_taken":0.0},{"damage_healed":0.0,"max_hp_gain":0.0,"max_hp_loss":0.0,"gold_gain":0.0,"event_name":"Golden Wing","player_choice":"Ignored","floor":13.0,"gold_loss":0.0,"damage_taken":0.0},{"damage_healed":0.0,"max_hp_gain":0.0,"max_hp_loss":0.0,"gold_gain":50.0,"event_name":"Golden Shrine","player_choice":"Pray","floor":15.0,"gold_loss":0.0,"damage_taken":0.0}],"is_beta":false,"boss_relics":[{"not_picked":["Busted Crown","Tiny House"],"picked":"Nuclear Battery"}],"items_purged_floors":[],"is_endless":false,"potions_floor_spawned":[1,4,5,11,19,22],"killed_by":"Centurion and Healer","ascension_level":19}}