{"host":"49c2zf0lajbcs427","time":1611220949,"event":{"mods":["AchievementEnabler","BaseMod","Colored Map","Colored Powertips","Highlight Path","Key Reminder","Minty Spire (QoL Compilation)","Relic Stats","StSLib"],"gold_per_floor":[118,131,146,161,172,202,202,202,202,202,218,249,249,265,265,368,368,386,386,274,294,294,294,294,294,321,321,321],"floor_reached":27,"language":"ENG","playtime":1473,"items_purged":[],"score":290,"play_id":"e1139547-e865-4e84-a613-5d213d4f4005","local_time":"20210121222229","is_ascension_mode":true,"campfire_choices":[{"floor":7,"key":"REST"},{"data":"Streamline","floor":10,"key":"SMITH"},{"data":"Genetic Algorithm","floor":13,"key":"SMITH"},{"data":"Hyperbeam","floor":15,"key":"SMITH"},{"data":"RitualDagger","floor":23,"key":"SMITH"},{"data":"Buffer","floor":25,"key":"SMITH"}],"circlet_count":0,"master_deck":["Strike_B","Strike_B","Defend_B","Defend_B","Defend_B","Zap","Dualcast","Hologram+1","Skim+1","Streamline+1","Cold Snap","Melter","Echo Form","Genetic Algorithm+1","Hyperbeam+1","Buffer+1","Glacier","Defragment","RitualDagger+1"],"relics":["Astrolabe","Blood Vial","Shuriken","StrikeDummy","SacredBark","Art of War","Happy Flower"],"acts_visited":["Exordium","TheCity"],"potions_floor_usage":[5,5,12,18,18,21,27],"damage_taken":[{"damage":5,"enemies":"Cultist","floor":1,"turns":4},{"damage":10,"enemies":"Small Slimes","floor":2,"turns":4},{"damage":0,"enemies":"2 Louse","floor":3,"turns":3},{"damage":8,"enemies":"Red Slaver","floor":4,"turns":6},{"damage":13,"enemies":"Large Slime","floor":5,"turns":9},{"damage":25,"enemies":"3 Sentries","floor":6,"turns":9},{"damage":12,"enemies":"Exordium Wildlife","floor":11,"turns":4},{"damage":13,"enemies":"Gremlin Nob","floor":12,"turns":3},{"damage":0,"enemies":"3 Louse","floor":14,"turns":1},{"damage":54,"enemies":"Hexaghost","floor":16,"turns":8},{"damage":8,"enemies":"3 Byrds","floor":18,"turns":4},{"damage":9,"enemies":"Chosen","floor":21,"turns":6},{"damage":34,"enemies":"Gremlin Leader","floor":27,"turns":6}],"seed_played":"-3594171102042530244","potions_obtained":[{"floor":1,"key":"SteroidPotion"},{"floor":2,"key":"SpeedPotion"},{"floor":4,"key":"Block Potion"},{"floor":11,"key":"AttackPotion"},{"floor":14,"key":"Fire Potion"},{"floor":16,"key":"SneckoOil"}],"is_trial":false,"path_per_floor":["M","M","M","M","M","E","R","?","T","R","M","E","R","M","R","B",null,"M","?","$","M","?","R","T","R","T","E"],"character_chosen":"DEFECT","items_purchased":["Glacier","Defragment"],"campfire_rested":1,"item_purchase_floors":[20,20],"current_hp_per_floor":[63,53,53,45,32,7,29,85,85,85,73,62,62,64,64,12,67,61,42,42,35,29,29,29,29,29,0,0],"gold":321,"neow_bonus":"BOSS_RELIC","is_daily":false,"chose_seed":false,"campfire_upgraded":5,"win_rate":0.0,"timestamp":1611220949,"path_taken":["M","?","M","?","M","E","R","?","T","R","?","E","R","M","R","BOSS","M","?","$","?","?","R","?","R","T","E"],"items_purchased_type":["Card","Card"],"build_version":"2020-12-22","purchased_purges":0,"victory":false,"max_hp_per_floor":[75,75,75,75,75,75,75,85,85,85,85,85,85,85,85,85,85,85,85,85,85,85,85,85,85,85,85,85],"relic_stats":{"Blood Vial":12,"Happy Flower":[2],"counters":[13,67],"Shuriken":[10],"Astrolabe":["Hologram","Skim","Thunder Strike"],"Art of War":[1],"obtain_stats":[{"Blood Vial":6,"Happy Flower":26,"Shuriken":9,"Astrolabe":0,"SacredBark":17,"Art of War":24,"Cracked Core":0,"StrikeDummy":12},{"Blood Vial":6,"Happy Flower":12,"Shuriken":6,"Astrolabe":0,"SacredBark":10,"Art of War":12,"Cracked Core":0,"StrikeDummy":8},{"Blood Vial":35,"Happy Flower":61,"Shuriken":35,"Astrolabe":0,"SacredBark":51,"Art of War":61,"Cracked Core":0,"StrikeDummy":42}]},"card_choices":[{"not_picked":["Auto Shields","Chaos","Conserve Battery"],"picked":"SKIP","floor":1},{"not_picked":["Scrape","Hologram"],"picked":"Streamline","floor":2},{"not_picked":["FTL","Scrape"],"picked":"Cold Snap","floor":3},{"not_picked":["Steam","Stack","Auto Shields"],"picked":"SKIP","floor":4},{"not_picked":["Conserve Battery","Consume"],"picked":"Melter","floor":5},{"not_picked":["Force Field","Streamline"],"picked":"Echo Form","floor":6},{"not_picked":["Auto Shields","Sunder"],"picked":"Genetic Algorithm","floor":11},{"not_picked":["Fusion","Streamline"],"picked":"Hyperbeam","floor":12},{"not_picked":["Ball Lightning","Scrape","Turbo"],"picked":"SKIP","floor":14},{"not_picked":["Meteor Strike","Creative AI"],"picked":"Buffer","floor":16},{"not_picked":["Conserve Battery","Coolheaded","Compile Driver"],"picked":"SKIP","floor":18},{"not_picked":["Conserve Battery","Rip and Tear","Sweeping Beam"],"picked":"SKIP","floor":21}],"player_experience":2342652,"relics_obtained":[{"floor":6,"key":"Blood Vial"},{"floor":9,"key":"Shuriken"},{"floor":12,"key":"StrikeDummy"},{"floor":24,"key":"Art of War"},{"floor":26,"key":"Happy Flower"}],"event_choices":[{"cards_removed":["Thunder Strike"],"damage_healed":46,"gold_gain":0,"player_choice":"Offered Rare","damage_taken":0,"max_hp_gain":10,"max_hp_loss":0,"event_name":"Bonfire Elementals","floor":8,"gold_loss":0},{"damage_healed":0,"gold_gain":0,"player_choice":"POTION POTION ","damage_taken":19,"max_hp_gain":0,"max_hp_loss":0,"event_name":"Knowing Skull","floor":19,"potions_obtained":["Explosive Potion","LiquidMemories"],"gold_loss":0,"cards_obtained":[]},{"damage_healed":0,"gold_gain":0,"player_choice":"Joined the Cult","damage_taken":6,"max_hp_gain":0,"max_hp_loss":0,"event_name":"Nest","floor":22,"gold_loss":0,"cards_obtained":["RitualDagger"]}],"is_beta":false,"boss_relics":[{"not_picked":["Inserter","Empty Cage"],"picked":"SacredBark"}],"items_purged_floors":[],"is_endless":false,"potions_floor_spawned":[1,2,4,11,14,16],"killed_by":"Gremlin Leader","ascension_level":6}}