{"host":"foq4mrde4mssg7vt","time":1611243571,"event":{"mods":["AchievementEnabler","BaseMod","Colored Map","Colored Powertips","Highlight Path","Minty Spire (QoL Compilation)","Relic Stats","everything is the same but u backflip on backflip"],"gold_per_floor":[111,126,10,10,10,44,44,59,59,87,87,3,38,53,53,130,130,143,143,143,53,66,98,98,127,154,154,166,166,191,210,210,283,283,293,293,305,315,333,360,372,398,398,411,411,445,445,471,471,471,471,471,7,42,42],"floor_reached":56,"language":"ENG","playtime":3208,"items_purged":["Strike_R"],"score":2626,"play_id":"3a9f48d7-764a-4fe8-9ea1-a6153bcdec99","local_time":"20210121233931","is_ascension_mode":true,"campfire_choices":[{"data":"Bash","floor":7.0,"key":"SMITH"},{"data":"Sword Boomerang","floor":11.0,"key":"SMITH"},{"data":"Disarm","floor":15.0,"key":"SMITH"},{"data":"Feel No Pain","floor":24.0,"key":"SMITH"},{"data":"Ghostly","floor":27.0,"key":"SMITH"},{"data":"Ghostly","floor":29.0,"key":"SMITH"},{"data":"Ghostly","floor":32.0,"key":"SMITH"},{"floor":47,"key":"RECALL"},{"data":"Feel No Pain","floor":49,"key":"SMITH"},{"data":"Shrug It Off","floor":52,"key":"SMITH"}],"circlet_count":0,"master_deck":["AscendersBane","Strike_R+1","Defend_R","Defend_R+1","Defend_R","Defend_R","Bash+1","Spot Weakness+1","Sword Boomerang+1","Cleave","Disarm+1","Shrug It Off+1","Heavy Blade","Corruption","Headbutt","Necronomicurse","Ghostly+1","Ghostly+1","Ghostly+1","Feel No Pain+1","Exhume","Iron Wave+1","Havoc+1","Shrug It Off","Barricade","Sentinel+1","Seeing Red","Bludgeon","Shrug It Off+1","Feel No Pain+1","Spot Weakness+1","Uppercut+1","Battle Trance+1","Evolve","Reckless Charge","Metallicize"],"relics":["Burning Blood","NeowsBlessing","Matryoshka","Oddly Smooth Stone","Mercury Hourglass","Toy Ornithopter","Kunai","Snecko Eye","Necronomicon","Nunchaku","StrikeDummy","Question Card","Centennial Puzzle","War Paint","Empty Cage","Juzu Bracelet","Whetstone","Darkstone Periapt","Bottled Lightning","Ornamental Fan","Torii"],"acts_visited":["Exordium","TheCity","TheBeyond","TheEnding"],"potions_floor_usage":[55,55],"damage_taken":[{"damage":0.0,"enemies":"Small Slimes","floor":1.0,"turns":1.0},{"damage":0.0,"enemies":"Cultist","floor":2.0,"turns":1.0},{"damage":0.0,"enemies":"Lagavulin","floor":6.0,"turns":2.0},{"damage":12.0,"enemies":"Jaw Worm","floor":8.0,"turns":2.0},{"damage":20.0,"enemies":"3 Sentries","floor":10.0,"turns":5.0},{"damage":11.0,"enemies":"Gremlin Nob","floor":13.0,"turns":3.0},{"damage":2.0,"enemies":"Looter","floor":14.0,"turns":4.0},{"damage":35.0,"enemies":"The Guardian","floor":16.0,"turns":20.0},{"damage":0.0,"enemies":"Chosen","floor":18.0,"turns":4.0},{"damage":2.0,"enemies":"2 Thieves","floor":22.0,"turns":4.0},{"damage":2.0,"enemies":"Book of Stabbing","floor":23.0,"turns":6.0},{"damage":13.0,"enemies":"Gremlin Leader","floor":25.0,"turns":5.0},{"damage":2.0,"enemies":"3 Cultists","floor":28.0,"turns":5.0},{"damage":19.0,"enemies":"Book of Stabbing","floor":30.0,"turns":6.0},{"damage":0.0,"enemies":"Snecko","floor":31.0,"turns":4.0},{"damage":0.0,"enemies":"Automaton","floor":33.0,"turns":9.0},{"damage":24.0,"enemies":"Orb Walker","floor":35.0,"turns":6.0},{"damage":0.0,"enemies":"3 Shapes","floor":37.0,"turns":8.0},{"damage":15.0,"enemies":"Spire Growth","floor":38.0,"turns":6.0},{"damage":0.0,"enemies":"Maw","floor":39.0,"turns":8.0},{"damage":3,"enemies":"Nemesis","floor":40,"turns":9},{"damage":0,"enemies":"4 Shapes","floor":41,"turns":8},{"damage":0,"enemies":"Giant Head","floor":42,"turns":6},{"damage":5,"enemies":"Jaw Worm Horde","floor":44,"turns":5},{"damage":0,"enemies":"Nemesis","floor":46,"turns":7},{"damage":0,"enemies":"Giant Head","floor":48,"turns":7},{"damage":1,"enemies":"Awakened One","floor":50,"turns":9},{"damage":7,"enemies":"Shield and Spear","floor":54,"turns":8},{"damage":9,"enemies":"The Heart","floor":55,"turns":11}],"seed_played":"1496609274709163629","potions_obtained":[{"floor":1.0,"key":"DuplicationPotion"},{"floor":4.0,"key":"HeartOfIron"},{"floor":14.0,"key":"SkillPotion"},{"floor":18.0,"key":"Energy Potion"},{"floor":28.0,"key":"Explosive Potion"},{"floor":38.0,"key":"Explosive Potion"},{"floor":41,"key":"GamblersBrew"},{"floor":48,"key":"SpeedPotion"}],"is_trial":false,"path_per_floor":["M","M","$","?","$","E","R","M","T","E","R","$","E","M","R","B",null,"M","?","?","$","M","E","R","E","T","R","M","R","E","M","R","B",null,"M","?","M","M","M","E","M","E","T","M","?","E","R","E","R","B",null,"R","$","E","B",null],"character_chosen":"IRONCLAD","items_purchased":["Sword Boomerang","Block Potion","Disarm","Feel No Pain","Evolve","Reckless Charge","Ornamental Fan"],"campfire_rested":0,"item_purchase_floors":[3,3,12,21,53,53,53],"current_hp_per_floor":[74,75,75,75,75,75,75,69,69,55,55,55,50,54,54,25,63,69,48,37,37,37,37,37,30,30,30,34,34,21,27,27,33,36,23,23,29,20,26,29,35,37,37,37,37,37,37,37,37,37,37,37,37,36,37],"gold":42,"neow_bonus":"THREE_ENEMY_KILL","is_daily":false,"chose_seed":false,"campfire_upgraded":9,"win_rate":0.0,"timestamp":1611243571,"path_taken":["M","M","$","?","?","E","R","M","T","E","R","$","E","M","R","BOSS","M","?","?","?","M","E","R","E","T","R","M","R","E","M","R","BOSS","M","?","M","?","M","E","M","E","T","M","?","E","R","E","R","BOSS","R","$","E","BOSS"],"items_purchased_type":["Card","Potion","Card","Card","Card","Card","Relic"],"build_version":"2020-12-22","purchased_purges":1,"victory":true,"max_hp_per_floor":[75,75,75,75,75,75,75,75,75,75,75,75,75,75,75,75,75,75,75,37,37,37,37,37,37,37,37,37,37,37,37,37,37,37,37,37,37,37,37,37,37,37,37,37,37,37,37,37,37,37,37,37,37,37,37],"relic_stats":{"Darkstone Periapt":0,"Torii":4,"counters":[29,178],"Juzu Bracelet":1,"Whetstone":["Thunderclap","Strike_R"],"War Paint":["Spot Weakness","Defend_R"],"Question Card":16,"Burning Blood":131,"Mercury Hourglass":[634],"Nunchaku":[25],"Centennial Puzzle":[27],"Ornamental Fan":[32],"Snecko Eye":[225,235,260,240],"Necronomicon":[63],"Kunai":[59],"obtain_stats":[{"Darkstone Periapt":46,"NeowsBlessing":0,"Torii":54,"Oddly Smooth Stone":9,"Juzu Bracelet":40,"Whetstone":42,"War Paint":30,"Question Card":26,"Empty Cage":34,"Burning Blood":0,"Mercury Hourglass":9,"Nunchaku":23,"Centennial Puzzle":26,"Matryoshka":6,"Ornamental Fan":53,"Snecko Eye":17,"Necronomicon":19,"Kunai":13,"Bottled Lightning":48,"StrikeDummy":25,"Toy Ornithopter":10},{"Darkstone Periapt":25,"NeowsBlessing":0,"Torii":28,"Oddly Smooth Stone":4,"Juzu Bracelet":21,"Whetstone":23,"War Paint":14,"Question Card":12,"Empty Cage":16,"Burning Blood":0,"Mercury Hourglass":4,"Nunchaku":11,"Centennial Puzzle":12,"Matryoshka":3,"Ornamental Fan":27,"Snecko Eye":8,"Necronomicon":9,"Kunai":6,"Bottled Lightning":26,"StrikeDummy":12,"Toy Ornithopter":5},{"Darkstone Periapt":144,"NeowsBlessing":0,"Torii":168,"Oddly Smooth Stone":6,"Juzu Bracelet":118,"Whetstone":132,"War Paint":68,"Question Card":57,"Empty Cage":81,"Burning Blood":0,"Mercury Hourglass":6,"Nunchaku":52,"Centennial Puzzle":57,"Matryoshka":4,"Ornamental Fan":160,"Snecko Eye":38,"Necronomicon":42,"Kunai":14,"Bottled Lightning":151,"StrikeDummy":57,"Toy Ornithopter":11}],"Toy Ornithopter":11},"card_choices":[{"not_picked":["Sentinel","Dropkick","Evolve"],"picked":"SKIP","floor":1.0},{"not_picked":["Shrug It Off","Sever Soul"],"picked":"Spot Weakness","floor":2.0},{"not_picked":["Second Wind","Rupture","Flex"],"picked":"SKIP","floor":6.0},{"not_picked":["Body Slam","Wild Strike"],"picked":"Thunderclap","floor":8.0},{"not_picked":["Body Slam","Clash"],"picked":"Cleave","floor":10.0},{"not_picked":["Heavy Blade","Pommel Strike"],"picked":"Shrug It Off","floor":13.0},{"not_picked":["Anger","Barricade"],"picked":"Heavy Blade","floor":14.0},{"not_picked":["Exhume","Fiend Fire"],"picked":"Corruption","floor":16.0},{"not_picked":["Warcry","Heavy Blade"],"picked":"Headbutt","floor":18.0},{"not_picked":["Warcry","Bloodletting","Wild Strike"],"picked":"SKIP","floor":22.0},{"not_picked":["Perfected Strike","Whirlwind"],"picked":"Exhume","floor":23.0},{"not_picked":["Hemokinesis","Fire Breathing"],"picked":"Iron Wave+1","floor":25.0},{"not_picked":["Shrug It Off","Warcry","Power Through"],"picked":"Havoc+1","floor":28.0},{"not_picked":["Flex","Warcry+1","Headbutt","Twin Strike"],"picked":"SKIP","floor":30.0},{"not_picked":["Iron Wave","Headbutt","Intimidate+1"],"picked":"Shrug It Off","floor":31.0},{"not_picked":["Offering","Impervious","Double Tap"],"picked":"Barricade","floor":33.0},{"not_picked":["Shrug It Off","Spot Weakness+1","Fire Breathing"],"picked":"Sentinel+1","floor":35.0},{"not_picked":["Clothesline","Metallicize","Battle Trance+1"],"picked":"Seeing Red","floor":37.0},{"not_picked":["Uppercut","Fire Breathing+1","Perfected Strike","Warcry"],"picked":"SKIP","floor":38.0},{"not_picked":["Cleave","Clash+1","Shrug It Off"],"picked":"Bludgeon","floor":39.0},{"not_picked":["Berserk","Twin Strike","Thunderclap","Second Wind+1"],"picked":"SKIP","floor":40},{"not_picked":["Flex+1","Sentinel","Power Through"],"picked":"Shrug It Off+1","floor":41},{"not_picked":["Cleave","Shrug It Off","Pommel Strike+1"],"picked":"Feel No Pain","floor":42},{"not_picked":["Ghostly Armor","Seeing Red","Headbutt"],"picked":"Spot Weakness+1","floor":44},{"not_picked":["Barricade","Whirlwind+1","Havoc"],"picked":"Uppercut+1","floor":46},{"not_picked":["Twin Strike+1","Disarm","Body Slam"],"picked":"Battle Trance+1","floor":48},{"not_picked":["Flex","Shrug It Off","Body Slam+1"],"picked":"Metallicize","floor":54}],"player_experience":532250,"relics_obtained":[{"floor":6.0,"key":"Matryoshka"},{"floor":9.0,"key":"Oddly Smooth Stone"},{"floor":9.0,"key":"Mercury Hourglass"},{"floor":10.0,"key":"Toy Ornithopter"},{"floor":13.0,"key":"Kunai"},{"floor":19.0,"key":"Necronomicon"},{"floor":23.0,"key":"Nunchaku"},{"floor":25.0,"key":"StrikeDummy"},{"floor":26.0,"key":"Question Card"},{"floor":26.0,"key":"Centennial Puzzle"},{"floor":30.0,"key":"War Paint"},{"floor":40,"key":"Juzu Bracelet"},{"floor":42,"key":"Whetstone"},{"floor":46,"key":"Darkstone Periapt"},{"floor":48,"key":"Bottled Lightning"},{"floor":54,"key":"Torii"}],"event_choices":[{"damage_healed":0.0,"max_hp_gain":0.0,"max_hp_loss":0.0,"gold_gain":0.0,"event_name":"Lab","player_choice":"Got Potions","floor":4.0,"gold_loss":0.0,"damage_taken":0.0},{"damage_healed":0.0,"max_hp_gain":0.0,"max_hp_loss":0.0,"gold_gain":0.0,"event_name":"Cursed Tome","player_choice":"Obtained Book","floor":19.0,"gold_loss":0.0,"damage_taken":21.0},{"damage_healed":0.0,"max_hp_gain":0.0,"max_hp_loss":38.0,"gold_gain":0.0,"event_name":"Ghosts","player_choice":"Became a Ghost","floor":20.0,"gold_loss":0.0,"damage_taken":0.0,"cards_obtained":["Ghostly","Ghostly","Ghostly"]},{"cards_removed":["Strike_R"],"damage_healed":0.0,"max_hp_gain":0.0,"max_hp_loss":0.0,"gold_gain":0.0,"event_name":"Purifier","player_choice":"Purged","floor":36.0,"gold_loss":0.0,"damage_taken":0.0},{"cards_removed":["Thunderclap"],"damage_healed":0,"gold_gain":0,"player_choice":"Removed Attack","damage_taken":0,"max_hp_gain":0,"max_hp_loss":0,"event_name":"Falling","floor":45,"gold_loss":0}],"is_beta":false,"boss_relics":[{"not_picked":["Runic Dome","Astrolabe"],"picked":"Snecko Eye"},{"not_picked":["Runic Cube","Busted Crown"],"picked":"Empty Cage"}],"items_purged_floors":[53],"is_endless":false,"potions_floor_spawned":[1,14,16,18,28,31,38,39,41,44,48],"ascension_level":19}}