{"host":"och2iitg9ibgz06n","time":1611269604,"event":{"mods":["Abigail Mod","AchievementEnabler","Aspiration","BaseMod","Colored Powertips","Dio Mod","Hubris","Hyrulean Relics","Infinite Spire","Minty Spire (QoL Compilation)","Replay The Spire","Small Relic Pack","StSLib","The Animator","The Bug Knight","The Hierophant","The Jungle","The Saiyan","TheHero","Wandering Minibosses","everything is the same but u backflip on backflip","slay the spire mod where everything is the same but ironclad has a cowboy hat","vexMod"],"gold_per_floor":[111,129,129,208,218,218,249,174,200,219,236,236,271,354,354,454,454,464,507,522,537,547,547,48,48,73,73,73,73],"floor_reached":28,"language":"ENG","playtime":1192,"items_purged":["hubris:Disease"],"score":278,"play_id":"e9e58f64-edfa-4a6b-a832-8e6fffc05362","local_time":"20210121165324","is_ascension_mode":true,"campfire_choices":[{"data":"animeID:Deku","floor":6,"key":"SMITH"},{"floor":12,"key":"REST"},{"data":"animeID:PlusUltra","floor":15,"key":"SMITH"},{"floor":23,"key":"REST"},{"floor":25,"key":"RECALL"},{"data":"animeID:FullCowl","floor":27,"key":"SMITH"}],"circlet_count":0,"master_deck":["animeID:Deku+1","animeID:Bakugo","animeID:Smash","animeID:Smash","animeID:Smash","animeID:Smash","animeID:DefendMH","animeID:DefendMH","animeID:DefendMH","animeID:DefendMH","animeID:DetroitDelaware","animeID:HowitzerImpact","animeID:Mineta","animeID:PlusUltra+1","animeID:DetroitSmash","animeID:FatGum","animeID:AllMight","animeID:NightEye","animeID:DelawareSmash","animeID:Endeavor","animeID:RecoveryGirl","animeID:FullCowl+1","animeID:ToruHagakure","animeID:Twice"],"relics":["animeID:HeroCostume","Pocketwatch","vexMod:FocusSash","infinitespire:ShieldingShard","Thread and Needle","HollowMod:PaleOreRelic","Regal Pillow","Empty Cage","BargainBundle","hubris:BundleOfHerbs"],"acts_visited":["Exordium","TheCity"],"potions_floor_usage":[19,21,22,28],"damage_taken":[{"damage":1,"enemies":"Cultist","floor":1,"turns":3},{"damage":0,"enemies":"2 Louse","floor":2,"turns":2},{"damage":4,"enemies":"Jaw Worm","floor":5,"turns":3},{"damage":37,"enemies":"Lagavulin","floor":7,"turns":5},{"damage":1,"enemies":"Exordium Thugs","floor":10,"turns":4},{"damage":2,"enemies":"3 Louse","floor":11,"turns":2},{"damage":3,"enemies":"Gremlin Nob","floor":13,"turns":3},{"damage":0,"enemies":"Looter","floor":14,"turns":5},{"damage":24,"enemies":"The Guardian","floor":16,"turns":14},{"damage":32,"enemies":"2 Thieves","floor":18,"turns":4},{"damage":28,"enemies":"Chosen","floor":19,"turns":6},{"damage":7,"enemies":"Snecko","floor":20,"turns":4},{"damage":18,"enemies":"Snake Plant","floor":21,"turns":7},{"damage":7,"enemies":"Centurion and Healer","floor":22,"turns":3},{"damage":85,"enemies":"Slavers","floor":28,"turns":5}],"seed_played":"5235271123369567622","potions_obtained":[{"floor":2,"key":"infinitespire:BlackPotion"},{"floor":5,"key":"SteroidPotion"},{"floor":14,"key":"Explosive Potion"},{"floor":18,"key":"Adrenaline Potion"},{"floor":19,"key":"BlessingOfTheForge"},{"floor":21,"key":"DistilledChaos"}],"is_trial":false,"path_per_floor":["M","M","?","T","M","R","E","$","T","M","M","R","E","M","R","B",null,"M","M","M","M","M","R","$","R","T","R","E"],"character_chosen":"THE_HERO","items_purchased":["BargainBundle","animeID:FullCowl","animeID:ToruHagakure","animeID:Twice","hubris:BundleOfHerbs"],"campfire_rested":2,"item_purchase_floors":[24,24,24,24,24],"current_hp_per_floor":[74,75,68,68,66,66,29,29,29,32,30,52,51,55,55,75,75,48,38,39,36,34,71,71,71,71,71,0,0],"gold":73,"neow_bonus":"ONE_RARE_RELIC","is_daily":false,"chose_seed":false,"campfire_upgraded":3,"win_rate":0.0,"timestamp":1611269604,"path_taken":["M","?","?","?","M","R","E","$","T","M","M","R","E","M","R","BOSS","M","M","M","M","M","R","$","R","T","R","E"],"items_purchased_type":["Relic","Card","Card","Card","Relic"],"build_version":"2020-12-22","purchased_purges":1,"victory":false,"max_hp_per_floor":[75,75,75,75,75,75,75,75,75,75,75,75,75,75,75,75,75,75,75,75,75,75,75,75,75,75,75,75,75],"card_choices":[{"not_picked":["animeID:Kaminari","animeID:Mina"],"picked":"animeID:HighFive","floor":1},{"not_picked":["animeID:GentleCriminal","animeID:Tsuyu"],"picked":"animeID:DetroitDelaware","floor":2},{"not_picked":["animeID:Momo","animeID:ShootStyle"],"picked":"animeID:HowitzerImpact","floor":5},{"not_picked":["animeID:TetsuTetsu","animeID:Rappa"],"picked":"animeID:Ojiro","floor":7},{"not_picked":["animeID:Tomura","animeID:Tsuyu"],"picked":"animeID:Mineta","floor":10},{"not_picked":["animeID:Bakugo","animeID:Kirishima"],"picked":"animeID:PlusUltra","floor":11},{"not_picked":["animeID:Tsuyu","animeID:GranTorino"],"picked":"animeID:DetroitSmash","floor":13},{"not_picked":["animeID:Nomu","animeID:GentleCriminal"],"picked":"animeID:FatGum","floor":14},{"not_picked":["animeID:Chisaki","animeID:Shigaraki"],"picked":"animeID:AllMight","floor":16},{"not_picked":["animeID:Tomura","animeID:Mineta","animeID:DetroitSmash"],"picked":"SKIP","floor":18},{"not_picked":["animeID:Tengai","animeID:Tomura"],"picked":"animeID:NightEye","floor":19},{"not_picked":["animeID:Mineta","animeID:Mezo"],"picked":"animeID:DelawareSmash","floor":20},{"not_picked":["animeID:GentleCriminal","animeID:Kirishima"],"picked":"animeID:Endeavor","floor":21},{"not_picked":["animeID:Tsuyu","animeID:Kirishima"],"picked":"animeID:RecoveryGirl","floor":22}],"player_experience":444738,"relics_obtained":[{"floor":4,"key":"infinitespire:ShieldingShard"},{"floor":7,"key":"Thread and Needle"},{"floor":9,"key":"HollowMod:PaleOreRelic"},{"floor":13,"key":"Regal Pillow"}],"event_choices":[{"damage_healed":0,"gold_gain":0,"player_choice":"Success","damage_taken":7,"relics_obtained":["vexMod:FocusSash"],"max_hp_gain":0,"max_hp_loss":0,"event_name":"Scrap Ooze","floor":3,"gold_loss":0}],"is_beta":false,"boss_relics":[{"not_picked":["Abe\u0027s Treasure","Astrolabe"],"picked":"Empty Cage"}],"items_purged_floors":[8],"is_endless":false,"potions_floor_spawned":[2,5,14,16,18,19,21],"killed_by":"Slavers","ascension_level":4}}