{"host":"nolo0osttpwefhwj","time":1611246321,"event":{"mods":["AchievementEnabler","BaseMod","Bestiary","Colored Powertips","Minty Spire (QoL Compilation)","Permanent Neow","Quick Restart","Relic Stats"],"gold_per_floor":[111,111,111,36,53,53,87,87,87,87,13,42,61,78,78,176,176,196,196,196,208,238,273,198,198,222,250,250,262,294,313,313,412,412,427,437,447,73,84,114,166,166,166],"floor_reached":42,"language":"ENG","playtime":2242,"items_purged":["Regret"],"score":960,"play_id":"8b021d8d-dc22-406d-9900-e7a9bf65033e","local_time":"20210121172521","is_ascension_mode":true,"campfire_choices":[{"data":"Terror","floor":6.0,"key":"SMITH"},{"data":"Neutralize","floor":8.0,"key":"SMITH"},{"floor":10.0,"key":"REST"},{"data":"Dagger Throw","floor":15.0,"key":"SMITH"},{"floor":28.0,"key":"REST"},{"floor":32.0,"key":"REST"}],"circlet_count":0,"master_deck":["AscendersBane","Strike_G+1","Strike_G+1","Defend_G","Defend_G","Defend_G","Defend_G","Defend_G","Survivor","Neutralize+1","Dagger Throw+1","Terror+1","Infinite Blades","Dagger Throw","Phantasmal Killer","Accuracy+1","Footwork+1","Accuracy+1","Shame","Clumsy","Dagger Throw","Reflex","Night Terror","Eviscerate+1","Blur+1","Night Terror+1","Blade Dance+1","Blade Dance","Riddle With Holes","Well Laid Plans+1","Tactician+1"],"relics":["Ring of the Snake","Vajra","Darkstone Periapt","Bag of Marbles","Pen Nib","Singing Bowl","Frozen Egg 2","Cursed Key","Ancient Tea Set","Shuriken","Red Mask","Turnip","TungstenRod","Whetstone","PreservedInsect","Astrolabe","Potion Belt","Pantograph","Du-Vu Doll"],"acts_visited":["Exordium","TheCity","TheBeyond"],"potions_floor_usage":[40,40,40,40],"damage_taken":[{"damage":9.0,"enemies":"Jaw Worm","floor":1.0,"turns":6.0},{"damage":9.0,"enemies":"Small Slimes","floor":5.0,"turns":3.0},{"damage":7.0,"enemies":"Gremlin Nob","floor":7.0,"turns":4.0},{"damage":0.0,"enemies":"Lagavulin","floor":12.0,"turns":6.0},{"damage":1.0,"enemies":"2 Louse","floor":13.0,"turns":3.0},{"damage":4.0,"enemies":"Exordium Thugs","floor":14.0,"turns":3.0},{"damage":15.0,"enemies":"The Guardian","floor":16.0,"turns":11.0},{"damage":11.0,"enemies":"Spheric Guardian","floor":18.0,"turns":3.0},{"damage":7.0,"enemies":"Chosen","floor":21.0,"turns":3.0},{"damage":19.0,"enemies":"Masked Bandits","floor":22.0,"turns":4.0},{"damage":15.0,"enemies":"Slavers","floor":23.0,"turns":6.0},{"damage":11.0,"enemies":"Gremlin Leader","floor":27.0,"turns":5.0},{"damage":4.0,"enemies":"Snecko","floor":29.0,"turns":4.0},{"damage":36.0,"enemies":"Book of Stabbing","floor":30.0,"turns":5.0},{"damage":6.0,"enemies":"Centurion and Healer","floor":31.0,"turns":4.0},{"damage":28.0,"enemies":"Champ","floor":33.0,"turns":7.0},{"damage":10.0,"enemies":"3 Darklings","floor":35.0,"turns":7.0},{"damage":6.0,"enemies":"3 Shapes","floor":36.0,"turns":5.0},{"damage":6.0,"enemies":"Spire Growth","floor":37.0,"turns":3.0},{"damage":27.0,"enemies":"Transient","floor":39.0,"turns":5.0},{"damage":0,"enemies":"Giant Head","floor":40,"turns":2},{"damage":26,"enemies":"2 Orb Walkers","floor":41,"turns":4},{"damage":17,"enemies":"Reptomancer","floor":42,"turns":2}],"seed_played":"535223791841875491","potions_obtained":[{"floor":5.0,"key":"EntropicBrew"},{"floor":7.0,"key":"Poison Potion"},{"floor":13.0,"key":"Energy Potion"},{"floor":18.0,"key":"Poison Potion"},{"floor":22.0,"key":"ColorlessPotion"},{"floor":30.0,"key":"PowerPotion"},{"floor":33.0,"key":"EssenceOfSteel"},{"floor":35.0,"key":"CunningPotion"},{"floor":39.0,"key":"Strength Potion"},{"floor":40,"key":"FearPotion"}],"is_trial":false,"path_per_floor":["M","?","?","$","M","R","E","R","T","R","$","E","M","M","R","B",null,"M","?","T","M","?","E","?","T","T","E","R","M","E","M","R","B",null,"M","M","M","$","M","E","?","E"],"character_chosen":"THE_SILENT","items_purchased":["Infinite Blades","Potion Belt","Riddle With Holes","CunningPotion","Well Laid Plans+1"],"campfire_rested":3,"item_purchase_floors":[11,38,38,38,38],"current_hp_per_floor":[54,29,35,35,26,26,19,19,19,41,41,43,42,40,40,25,66,57,57,63,56,37,22,22,28,34,25,55,51,17,11,42,14,82,72,68,62,62,37,37,13,0,0],"gold":166,"neow_bonus":"RANDOM_COMMON_RELIC","is_daily":false,"chose_seed":false,"campfire_upgraded":3,"win_rate":0.0,"timestamp":1611246321,"path_taken":["M","?","?","$","M","R","E","R","T","R","$","E","M","M","R","BOSS","M","?","?","?","?","E","?","?","T","E","R","?","E","M","R","BOSS","M","M","M","$","M","E","?","E"],"items_purchased_type":["Card","Relic","Card","Potion","Card"],"build_version":"2020-12-22","purchased_purges":1,"victory":false,"max_hp_per_floor":[70,70,76,76,76,76,76,76,76,76,76,78,78,80,80,80,80,82,82,88,88,88,88,88,94,100,102,102,102,104,104,104,104,104,104,106,106,106,108,108,110,110,110],"relic_stats":{"Darkstone Periapt":24,"Singing Bowl":16,"counters":[23,105],"Astrolabe":["Eviscerate","Blur","Night Terror"],"Pen Nib":[22],"PreservedInsect":192,"Whetstone":["Strike_G","Strike_G"],"Cursed Key":3,"Shuriken":[31],"Pantograph":0,"Turnip":[11],"obtain_stats":[{"Darkstone Periapt":2,"Potion Belt":38,"Singing Bowl":9,"Astrolabe":34,"Vajra":0,"Pen Nib":7,"PreservedInsect":30,"Whetstone":27,"Frozen Egg 2":12,"Cursed Key":17,"Ancient Tea Set":19,"Du-Vu Doll":41,"Shuriken":20,"Pantograph":40,"Turnip":23,"Bag of Marbles":3,"Red Mask":22,"TungstenRod":25,"Ring of the Snake":0},{"Darkstone Periapt":1,"Potion Belt":19,"Singing Bowl":3,"Astrolabe":16,"Vajra":0,"Pen Nib":3,"PreservedInsect":14,"Whetstone":12,"Frozen Egg 2":4,"Cursed Key":7,"Ancient Tea Set":8,"Du-Vu Doll":22,"Shuriken":8,"Pantograph":21,"Turnip":11,"Bag of Marbles":1,"Red Mask":10,"TungstenRod":11,"Ring of the Snake":0},{"Darkstone Periapt":6,"Potion Belt":92,"Singing Bowl":13,"Astrolabe":77,"Vajra":0,"Pen Nib":13,"PreservedInsect":66,"Whetstone":57,"Frozen Egg 2":19,"Cursed Key":36,"Ancient Tea Set":39,"Du-Vu Doll":103,"Shuriken":39,"Pantograph":99,"Turnip":52,"Bag of Marbles":6,"Red Mask":46,"TungstenRod":52,"Ring of the Snake":0}],"TungstenRod":29,"Ring of the Snake":[46]},"card_choices":[{"not_picked":["Cloak And Dagger","Slice"],"picked":"Dagger Throw","floor":1.0},{"not_picked":["Deflect","Masterful Stab"],"picked":"Terror","floor":5.0},{"not_picked":["Blur","Flying Knee","Distraction"],"picked":"SKIP","floor":7.0},{"not_picked":["Bane","Dodge and Roll","Escape Plan"],"picked":"Singing Bowl","floor":12.0},{"not_picked":["PiercingWail","Underhanded Strike"],"picked":"Dagger Throw","floor":13.0},{"not_picked":["Acrobatics","Burst","Deflect"],"picked":"Singing Bowl","floor":14.0},{"not_picked":["Grand Finale","Adrenaline"],"picked":"Phantasmal Killer","floor":16.0},{"not_picked":["Escape Plan","Quick Slash","Deadly Poison"],"picked":"Singing Bowl","floor":18.0},{"not_picked":["Infinite Blades+1","Catalyst"],"picked":"Accuracy+1","floor":21.0},{"not_picked":["Infinite Blades+1","Terror"],"picked":"Footwork+1","floor":22.0},{"not_picked":["Deflect","All Out Attack"],"picked":"Accuracy+1","floor":23.0},{"not_picked":["Predator+1","Slice+1","Terror"],"picked":"Singing Bowl","floor":27.0},{"not_picked":["Sucker Punch+1","Prepared"],"picked":"Dagger Throw","floor":29.0},{"not_picked":["Crippling Poison","Quick Slash","Concentrate"],"picked":"Singing Bowl","floor":30.0},{"not_picked":["Flying Knee","Slice"],"picked":"Reflex","floor":31.0},{"not_picked":["Doppelganger","Bullet Time"],"picked":"Night Terror","floor":33.0},{"not_picked":["Cloak And Dagger+1","Acrobatics"],"picked":"Blade Dance+1","floor":35.0},{"not_picked":["Bouncing Flask+1","Outmaneuver","Setup"],"picked":"Singing Bowl","floor":36.0},{"not_picked":["Poisoned Stab+1","Acrobatics"],"picked":"Blade Dance","floor":37.0},{"not_picked":["Sucker Punch","Choke","Underhanded Strike"],"picked":"Singing Bowl","floor":39.0},{"not_picked":["Outmaneuver","Riddle With Holes"],"picked":"Tactician+1","floor":40},{"not_picked":["Backflip","Underhanded Strike","Dagger Spray"],"picked":"Singing Bowl","floor":41}],"player_experience":247994,"relics_obtained":[{"floor":7.0,"key":"Pen Nib"},{"floor":9.0,"key":"Singing Bowl"},{"floor":12.0,"key":"Frozen Egg 2"},{"floor":20.0,"key":"Shuriken"},{"floor":22.0,"key":"Red Mask"},{"floor":23.0,"key":"Turnip"},{"floor":25.0,"key":"TungstenRod"},{"floor":27.0,"key":"Whetstone"},{"floor":30.0,"key":"PreservedInsect"},{"floor":40,"key":"Pantograph"},{"floor":41,"key":"Du-Vu Doll"}],"event_choices":[{"damage_healed":0.0,"max_hp_gain":0.0,"max_hp_loss":0.0,"gold_gain":0.0,"event_name":"Scrap Ooze","player_choice":"Success","floor":2.0,"gold_loss":0.0,"damage_taken":25.0,"relics_obtained":["Darkstone Periapt"]},{"damage_healed":0.0,"max_hp_gain":0.0,"max_hp_loss":0.0,"gold_gain":0.0,"event_name":"Big Fish","player_choice":"Box","floor":3.0,"gold_loss":0.0,"damage_taken":0.0,"relics_obtained":["Bag of Marbles"],"cards_obtained":["Regret"]},{"damage_healed":0.0,"max_hp_gain":0.0,"max_hp_loss":0.0,"gold_gain":0.0,"event_name":"The Mausoleum","player_choice":"Opened","floor":19.0,"gold_loss":0.0,"damage_taken":0.0,"relics_obtained":["Ancient Tea Set"]},{"damage_healed":0.0,"max_hp_gain":0.0,"max_hp_loss":0.0,"gold_gain":0.0,"event_name":"Masked Bandits","player_choice":"Fought Bandits","floor":22.0,"gold_loss":0.0,"damage_taken":0.0},{"cards_removed":["Doubt"],"damage_healed":0.0,"max_hp_gain":0.0,"max_hp_loss":0.0,"gold_gain":0.0,"event_name":"Beggar","player_choice":"Gave Gold","floor":24.0,"gold_loss":75.0,"damage_taken":0.0},{"damage_healed":0,"gold_gain":0,"player_choice":"Fight","damage_taken":0,"max_hp_gain":0,"max_hp_loss":0,"event_name":"Mysterious Sphere","floor":41,"gold_loss":0}],"is_beta":false,"boss_relics":[{"not_picked":["Ring of the Serpent","Ectoplasm"],"picked":"Cursed Key"},{"not_picked":["Snecko Eye","Runic Pyramid"],"picked":"Astrolabe"}],"items_purged_floors":[4],"is_endless":false,"potions_floor_spawned":[5,7,13,18,22,30,33,35,37,39,40],"killed_by":"Reptomancer","ascension_level":12}}