{"host":"eeeqmyc7a1933jos","time":1611232737,"event":{"mods":["2.2 Compatiblity","Act Like it!","BaseMod","CapriCore","Colored Powertips","Conspire","Downfall","Elementarium","Friendly Minions","Gensokyo","GifTheSpireLib","Gremlin Mod","Hallownest","Hermit","Hubris","Infinite Spire","Jorbs\u0027s Wanderer Trilogy","Koishi","Marisa????????","Mimic Mod","Minty Spire (QoL Compilation)","Pale of the Ancients","Random Character Button","Random Character Mod","Rare Cards Sparkle","Reimu??????","Relic Sorter","Relic Stats","SIMod","StSLib","The Administrix","The Bug Knight","The Disciple","The Dragon Tamer","The Exalted","The Hierophant","The Immortal","The Marked","The Mystic","The Runesmith","The Senshi","The Servant 0.9.4","The Vixen","TheBandit","TheFirefly","Wandering Minibosses"],"gold_per_floor":[119,119,119,137,155,155,180,180,206,206,15,28,28,44,44,139,139,152,152,0,562,572,572,602,48,74,74,74,74,85,102,102,206,206,219,232,52,52,52,52,80,80,80,80,108,108,118,129,129,129],"floor_reached":51,"language":"ENG","playtime":3547,"items_purged":["Clumsy","theMarked:Strike"],"score":646,"play_id":"3a1bdb8a-9473-43e7-956c-31ab7d773020","local_time":"20210121133857","is_ascension_mode":false,"campfire_choices":[{"data":"theMarked:GodGivenPower","floor":6.0,"key":"SMITH"},{"data":"theMarked:Polarize","floor":8.0,"key":"SMITH"},{"data":"theMarked:Overcharge","floor":10.0,"key":"SMITH"},{"data":"theMarked:MaelstromOfLightning","floor":15.0,"key":"SMITH"},{"data":"theMarked:MagicAdept","floor":23.0,"key":"SMITH"},{"data":"1","floor":27.0,"key":"LIFT"},{"data":"2","floor":29.0,"key":"LIFT"},{"data":"3","floor":32,"key":"LIFT"},{"data":"theMarked:FavorableWinds","floor":40,"key":"SMITH"},{"data":"theMarked:Defy","floor":42,"key":"SMITH"},{"data":"theMarked:Overthink","floor":44,"key":"SMITH"},{"floor":49,"key":"REST"}],"circlet_count":0,"master_deck":["theMarked:Strike","theMarked:Strike","theMarked:Defend","theMarked:Defend","theMarked:Defend","theMarked:SoldierOfQuellstein","theMarked:Overcharge+1","theMarked:GodGivenPower+1","theMarked:Polarize+1","theMarked:MaelstromOfLightning+1","theMarked:MagicAdept+1","theMarked:SuspiciousRaven+1","theMarked:Overcharge+1","theMarked:Generate+1","Gensokyo:SummonPsychicCat","theMarked:Defy+1","theMarked:RepellingDischarge","theMarked:Overthink+1","theMarked:Overcharge+1","theMarked:TwofoldDefense+1","theMarked:FavorableWinds+1","theMarked:ElectricStrings+1","theMarked:EnhanceMovement","theMarked:Static"],"relics":["Koishi:AHoleWhereASisterShouldBe","Gensokyo:Companionship","infinitespire:DarkRift","Koishi:TeethAndClaws","mysticmod:RunicPrism","HollowMod:VesselMask","sneckomod:SneckoSoul","theMarked:DemonDagger","Thread and Needle","Ancient Tea Set","Bronze Scales","MokouMod:PhoenixFeather","infinitespire:Chaos","Girya","Potion Belt","SlaversCollar","Hallownest:StagBellRelic1","Blood Vial","Bottled Lightning","CaptainsWheel"],"acts_visited":["Exordium","Gensokyo:Gensokyo","Hallownest:CityofTears"],"potions_floor_usage":[33,50,50,50,50],"damage_taken":[{"damage":4.0,"enemies":"Gensokyo:Gryphon","floor":1.0,"turns":4.0},{"damage":0.0,"enemies":"Gensokyo:3_Fairies","floor":4.0,"turns":4.0},{"damage":0.0,"enemies":"Gensokyo:2_Kodama","floor":5.0,"turns":3.0},{"damage":13.0,"enemies":"Gensokyo:Mamizou","floor":7.0,"turns":7.0},{"damage":4.0,"enemies":"Gensokyo:CorruptedTreant","floor":12.0,"turns":4.0},{"damage":11.0,"enemies":"Gensokyo:3_Kodama","floor":14.0,"turns":4.0},{"damage":5.0,"enemies":"Gensokyo:Reimu","floor":16.0,"turns":5.0},{"damage":29.0,"enemies":"Hallownest:3_Youths","floor":18.0,"turns":5.0},{"damage":1.0,"enemies":"Hallownest:Flukemon_and_Top","floor":22.0,"turns":4.0},{"damage":0.0,"enemies":"Hallownest:Nosk","floor":24.0,"turns":4.0},{"damage":0.0,"enemies":"Hallownest:monsterShrumalOgre","floor":30.0,"turns":3.0},{"damage":4,"enemies":"Hallownest:2_Flukemon","floor":31,"turns":4},{"damage":6,"enemies":"Hallownest:BossGrimm","floor":33,"turns":5},{"damage":1,"enemies":"Hallownest:Shield_Heavy","floor":35,"turns":4},{"damage":18,"enemies":"Hallownest:2_Littles","floor":36,"turns":5},{"damage":12,"enemies":"Hallownest:eliteHiveKnight","floor":41,"turns":5},{"damage":0,"enemies":"Hallownest:StalkingDevout","floor":45,"turns":4},{"damage":33,"enemies":"Hallownest:Slobbering_and_Violent","floor":47,"turns":6},{"damage":1,"enemies":"Hallownest:2_Wandering_and_1_Horned","floor":48,"turns":4},{"damage":17,"enemies":"Hallownest:BossGreyPrinceZote","floor":50,"turns":2}],"seed_played":"7842361718983331389","potions_obtained":[{"floor":4.0,"key":"SpeedPotion"},{"floor":5.0,"key":"Swift Potion"},{"floor":14.0,"key":"Strength Potion"},{"floor":31,"key":"LiquidMemories"},{"floor":33,"key":"SteroidPotion"},{"floor":36,"key":"Strength Potion"},{"floor":45,"key":"Ancient Potion"}],"is_trial":false,"path_per_floor":["M","?","?","M","M","R","E","R","T","R","COS","M","?","M","R","B",null,"M","?","$","?","M","R","E","$","T","R","?","R","M","M","R","B",null,"M","M","?","?","?","R","E","R","T","R","E","?","M","M","R","B",null],"character_chosen":"THE_DEFAULT","items_purchased":["theMarked:Overthink","theMarked:Overcharge","infinitespire:Chaos","Girya"],"campfire_rested":1,"item_purchase_floors":[20,25,25,25],"current_hp_per_floor":[73,73,73,73,73,73,60,60,60,60,60,56,51,40,40,35,87,58,58,58,58,57,57,57,57,57,57,57,57,57,53,53,57,87,86,68,68,68,68,68,56,56,56,56,58,58,37,38,62,47],"gold":129,"neow_bonus":"TEN_PERCENT_HP_BONUS","is_daily":false,"chose_seed":false,"campfire_upgraded":8,"win_rate":0.0,"timestamp":1611232737,"path_taken":["M","?","?","M","M","R","E","R","T","R","COS","M","?","?","R","BOSS","M","?","$","?","M","R","E","$","T","R","?","R","M","M","R","BOSS","M","M","?","?","?","R","E","R","T","R","E","?","M","?","R","BOSS"],"items_purchased_type":["Card","Card","Relic","Relic"],"build_version":"2020-12-22","purchased_purges":2,"victory":true,"max_hp_per_floor":[77,77,77,77,77,77,77,77,77,77,77,77,87,87,87,87,87,87,87,87,87,87,87,87,87,87,87,87,87,87,87,87,87,87,87,87,87,87,87,87,87,87,87,87,87,82,82,82,82,82],"relic_stats":{"Blood Vial":8,"counters":[20,86],"Bronze Scales":[105],"obtain_stats":[{"Regal Pillow":16,"Hallownest:StagBellRelic1":37,"mysticmod:RunicPrism":25,"HollowMod:VesselMask":25,"Gensokyo:NagashiBinaDoll":3,"Smiling Mask":24,"sneckomod:SneckoSoul":25,"Ancient Tea Set":25,"Blood Vial":41,"Nunchaku":7,"Dream Catcher":9,"Gensokyo:Companionship":22,"Koishi:AHoleWhereASisterShouldBe":25,"infinitespire:Chaos":25,"Potion Belt":26,"Girya":25,"theMarked:DemonDagger":25,"Pear":13,"Happy Flower":2,"Astrolabe":17,"infinitespire:EmptyRelic":25,"Thread and Needle":25,"Koishi:TeethAndClaws":25,"Orichalcum":14,"hubris:Towel":19,"theMarked:ArtifactOfAir":0,"SlaversCollar":34,"infinitespire:DarkRift":25,"CaptainsWheel":45,"Bronze Scales":25,"MokouMod:PhoenixFeather":25,"Bottled Lightning":43},{"Regal Pillow":7,"Hallownest:StagBellRelic1":15,"mysticmod:RunicPrism":10,"HollowMod:VesselMask":10,"Gensokyo:NagashiBinaDoll":1,"Smiling Mask":10,"sneckomod:SneckoSoul":10,"Ancient Tea Set":10,"Blood Vial":16,"Nunchaku":4,"Dream Catcher":4,"Gensokyo:Companionship":9,"Koishi:AHoleWhereASisterShouldBe":10,"infinitespire:Chaos":10,"Potion Belt":10,"Girya":10,"theMarked:DemonDagger":10,"Pear":5,"Happy Flower":1,"Astrolabe":7,"infinitespire:EmptyRelic":10,"Thread and Needle":10,"Koishi:TeethAndClaws":10,"Orichalcum":6,"hubris:Towel":8,"theMarked:ArtifactOfAir":0,"SlaversCollar":13,"infinitespire:DarkRift":10,"CaptainsWheel":17,"Bronze Scales":10,"MokouMod:PhoenixFeather":10,"Bottled Lightning":16},{"Regal Pillow":28,"Hallownest:StagBellRelic1":65,"mysticmod:RunicPrism":44,"HollowMod:VesselMask":44,"Gensokyo:NagashiBinaDoll":4,"Smiling Mask":44,"sneckomod:SneckoSoul":44,"Ancient Tea Set":44,"Blood Vial":70,"Nunchaku":18,"Dream Catcher":18,"Gensokyo:Companionship":37,"Koishi:AHoleWhereASisterShouldBe":44,"infinitespire:Chaos":44,"Potion Belt":44,"Girya":44,"theMarked:DemonDagger":44,"Pear":22,"Happy Flower":4,"Astrolabe":31,"infinitespire:EmptyRelic":44,"Thread and Needle":44,"Koishi:TeethAndClaws":44,"Orichalcum":25,"hubris:Towel":36,"theMarked:ArtifactOfAir":0,"SlaversCollar":56,"infinitespire:DarkRift":44,"CaptainsWheel":74,"Bronze Scales":44,"MokouMod:PhoenixFeather":44,"Bottled Lightning":70}]},"card_choices":[{"not_picked":["theMarked:ShockingTouch","theMarked:WardOff"],"picked":"theMarked:Electrocute","floor":1.0},{"not_picked":["theMarked:TakeCover","theMarked:Seal"],"picked":"theMarked:Overcharge","floor":4.0},{"not_picked":["theMarked:HeightenedSenses","theMarked:Parkour"],"picked":"theMarked:GodGivenPower","floor":5.0},{"not_picked":["theMarked:EmpowerWeapon","theMarked:Opportunist"],"picked":"theMarked:Polarize","floor":7.0},{"not_picked":["theMarked:Electrocute","theMarked:HeightenedSenses"],"picked":"theMarked:MaelstromOfLightning","floor":12.0},{"not_picked":["theMarked:Static","theMarked:Parkour","theMarked:Improvise"],"picked":"SKIP","floor":14.0},{"not_picked":["theMarked:MuscleMemory","theMarked:ThrowWeapon"],"picked":"theMarked:MagicAdept","floor":16.0},{"not_picked":["theMarked:TurnInvisible","theMarked:MagicAdept"],"picked":"theMarked:Defy","floor":18.0},{"not_picked":["theMarked:TakeCover","theMarked:LightningStrikesTwice"],"picked":"theMarked:RepellingDischarge","floor":18.0},{"not_picked":["theMarked:StartUp","theMarked:Frustration+1","theMarked:EmpowerWeapon"],"picked":"SKIP","floor":22.0},{"not_picked":["theMarked:ElectricStrings","theMarked:MaelstromOfLightning","theMarked:ResourceFulStrike+1"],"picked":"SKIP","floor":24.0},{"not_picked":["theMarked:WastefulAttack","theMarked:Indomitable","theMarked:Vacuum"],"picked":"SKIP","floor":30.0},{"not_picked":["theMarked:EmpowerWeapon+1","theMarked:GodGivenPower"],"picked":"theMarked:TwofoldDefense+1","floor":31},{"not_picked":["theMarked:ChannelForce","theMarked:BindingBlade"],"picked":"theMarked:FavorableWinds","floor":33},{"not_picked":["theMarked:ChainLightning","theMarked:WastefulDefense+1"],"picked":"theMarked:ElectricStrings+1","floor":35},{"not_picked":["theMarked:TwofoldDefense+1","theMarked:WastefulDefense"],"picked":"theMarked:EnhanceMovement","floor":36},{"not_picked":["theMarked:LightningStrikesTwice","theMarked:RogueSparks","theMarked:Electrocute+1"],"picked":"SKIP","floor":41},{"not_picked":["theMarked:EmpowerWeapon+1","theMarked:Aftermath+1","theMarked:WastefulAttack"],"picked":"SKIP","floor":45},{"not_picked":["theMarked:Indomitable","theMarked:Snap","theMarked:Improvise"],"picked":"SKIP","floor":47},{"not_picked":["theMarked:Aftermath+1","theMarked:HeritageOfTheMarked+1","theMarked:WardOff+1"],"picked":"SKIP","floor":48}],"player_experience":1712649,"relics_obtained":[{"floor":7.0,"key":"Nunchaku"},{"floor":9.0,"key":"Dream Catcher"},{"floor":24.0,"key":"Smiling Mask"},{"floor":26.0,"key":"Potion Belt"},{"floor":41,"key":"Blood Vial"},{"floor":43,"key":"Bottled Lightning"},{"floor":45,"key":"CaptainsWheel"}],"event_choices":[{"damage_healed":0,"gold_gain":0,"player_choice":"Leave","damage_taken":0,"max_hp_gain":0,"max_hp_loss":0,"event_name":"conspire:Investor","floor":38,"gold_loss":0}],"is_beta":false,"boss_relics":[{"not_picked":["conspire:RoyalGoblet","Pandora\u0027s Box"],"picked":"Astrolabe"},{"not_picked":["hubris:VirtuousBlindfold","hubris:TerracottaHorce"],"picked":"SlaversCollar"}],"items_purged_floors":[20,25],"is_endless":false,"potions_floor_spawned":[4,5,14,16,31,33,36,45],"ascension_level":0}}