{"host":"1v94wza6sq30pv3l","time":1611203407,"event":{"mods":["AchievementEnabler","BaseMod","Highlight Path","Minty Spire (QoL Compilation)"],"gold_per_floor":[118,138,153,78,78,109,109,121,121,121,137,154,174,184,184,282,282,294,294,304,339,352,352,352,352],"floor_reached":24,"language":"ENG","playtime":1311,"items_purged":["Defend_P"],"score":212,"play_id":"f46d0b45-e338-4bb6-b3a6-ce8df8934f6a","local_time":"20210120233007","is_ascension_mode":true,"campfire_choices":[{"floor":7,"key":"REST"},{"floor":10,"key":"REST"},{"floor":15,"key":"REST"},{"floor":23,"key":"REST"}],"circlet_count":0,"master_deck":["Strike_P","Strike_P","Strike_P","Defend_P","Eruption","Vigilance","EmptyFist","Prostrate","FlurryOfBlows","DevaForm","Devotion","FollowUp","BowlingBash","Wireheading","Tantrum","Vault","MentalFortress+1","InnerPeace+1","LikeWater+1","Weave","Wallop+1","ClearTheMind+1","Protect"],"relics":["Fusion Hammer","Mercury Hourglass","Sundial","Astrolabe","Nilry\u0027s Codex","Red Mask"],"acts_visited":["Exordium","TheCity"],"potions_floor_usage":[6,11,13,16,21],"damage_taken":[{"damage":0,"enemies":"Cultist","floor":1,"turns":4},{"damage":0,"enemies":"Jaw Worm","floor":2,"turns":4},{"damage":0,"enemies":"2 Louse","floor":3,"turns":1},{"damage":39,"enemies":"3 Sentries","floor":6,"turns":8},{"damage":7,"enemies":"Blue Slaver","floor":8,"turns":3},{"damage":16,"enemies":"Lots of Slimes","floor":11,"turns":2},{"damage":0,"enemies":"3 Louse","floor":12,"turns":1},{"damage":20,"enemies":"Exordium Thugs","floor":13,"turns":3},{"damage":11,"enemies":"Looter","floor":14,"turns":3},{"damage":38,"enemies":"The Guardian","floor":16,"turns":8},{"damage":0,"enemies":"3 Byrds","floor":18,"turns":3},{"damage":31,"enemies":"Shell Parasite","floor":20,"turns":5},{"damage":6,"enemies":"Masked Bandits","floor":21,"turns":3},{"damage":1,"enemies":"Centurion and Healer","floor":22,"turns":5},{"damage":65,"enemies":"Slavers","floor":24,"turns":4}],"seed_played":"-557402930342876512","potions_obtained":[{"floor":2,"key":"SpeedPotion"},{"floor":3,"key":"LiquidBronze"},{"floor":12,"key":"LiquidBronze"},{"floor":14,"key":"Fire Potion"},{"floor":18,"key":"Explosive Potion"}],"is_trial":false,"path_per_floor":["M","M","M","$","?","E","R","M","T","R","M","M","M","M","R","B",null,"M","?","M","?","M","R","E"],"character_chosen":"WATCHER","items_purchased":[],"campfire_rested":4,"item_purchase_floors":[],"current_hp_per_floor":[72,72,72,72,72,33,54,47,47,68,52,52,32,21,42,4,72,72,56,25,19,18,39,0,0],"gold":352,"neow_bonus":"BOSS_RELIC","is_daily":false,"chose_seed":false,"campfire_upgraded":0,"win_rate":0.0,"timestamp":1611203407,"path_taken":["M","M","?","$","?","E","R","M","T","R","?","M","M","M","R","BOSS","M","?","M","?","M","R","E"],"items_purchased_type":[],"build_version":"2020-12-22","purchased_purges":1,"victory":false,"max_hp_per_floor":[72,72,72,72,72,72,72,72,72,72,72,72,72,72,72,72,72,72,72,72,72,72,72,72,72],"card_choices":[{"not_picked":["ForeignInfluence","FearNoEvil"],"picked":"EmptyFist","floor":1},{"not_picked":["Study","CrushJoints"],"picked":"Prostrate","floor":2},{"not_picked":["Halt","Consecrate"],"picked":"FlurryOfBlows","floor":3},{"not_picked":["FlurryOfBlows","Pray"],"picked":"Devotion","floor":6},{"not_picked":["Halt","CrushJoints"],"picked":"FollowUp","floor":8},{"not_picked":["Wallop","MentalFortress"],"picked":"BowlingBash","floor":11},{"not_picked":["PathToVictory","Protect"],"picked":"Wireheading","floor":12},{"not_picked":["TalkToTheHand","EmptyBody"],"picked":"Tantrum","floor":13},{"not_picked":["Prostrate","PathToVictory"],"picked":"JustLucky","floor":14},{"not_picked":["Establishment","DevaForm"],"picked":"Vault","floor":16},{"not_picked":["Sanctity","BowlingBash"],"picked":"Weave","floor":18},{"not_picked":["CrushJoints+1","Halt"],"picked":"Wallop+1","floor":20},{"not_picked":["MentalFortress","FlurryOfBlows"],"picked":"ClearTheMind+1","floor":21},{"not_picked":["FollowUp","Worship"],"picked":"Protect","floor":22}],"player_experience":94639,"relics_obtained":[{"floor":6,"key":"Mercury Hourglass"},{"floor":9,"key":"Sundial"},{"floor":19,"key":"Nilry\u0027s Codex"},{"floor":21,"key":"Red Mask"}],"event_choices":[{"damage_healed":0,"gold_gain":0,"cards_transformed":["Defend_P"],"player_choice":"Transformed","damage_taken":0,"max_hp_gain":0,"max_hp_loss":0,"event_name":"Transmorgrifier","floor":5,"gold_loss":0,"cards_obtained":["DevaForm"]},{"damage_healed":0,"gold_gain":0,"player_choice":"Obtained Book","damage_taken":16,"max_hp_gain":0,"max_hp_loss":0,"event_name":"Cursed Tome","floor":19,"gold_loss":0},{"damage_healed":0,"gold_gain":0,"player_choice":"Fought Bandits","damage_taken":0,"max_hp_gain":0,"max_hp_loss":0,"event_name":"Masked Bandits","floor":21,"gold_loss":0}],"is_beta":false,"boss_relics":[{"not_picked":["Snecko Eye","SlaversCollar"],"picked":"Astrolabe"}],"items_purged_floors":[4],"is_endless":false,"potions_floor_spawned":[2,3,12,14,18],"killed_by":"Slavers","ascension_level":1}}