{"host":"swphzoo6hmc78epl","time":1611189330,"event":{"mods":["BaseMod","Highlight Path","Minty Spire (QoL Compilation)","Quick Restart"],"gold_per_floor":[111,125,138,149,168,168,199,199,199,13,32,132,8,25,25,126,126,136,153,78,78,91,123,156,156,181,214,214,51,65,65,65,165,165,176,226,448,103,103,103,103,131,180,199,554,554,580,593,593,593,593,593,362,390,390],"floor_reached":56,"language":"ENG","playtime":2522,"items_purged":["Strike_B","Strike_B","Defend_B","Blizzard+1"],"score":1550,"play_id":"a683d8c9-f284-4936-9f09-15fe3a89e68f","local_time":"20210120193530","is_ascension_mode":true,"campfire_choices":[{"data":"Barrage","floor":6.0,"key":"SMITH"},{"floor":8.0,"key":"REST"},{"data":"Storm","floor":15.0,"key":"SMITH"},{"data":"Ghostly","floor":28,"key":"SMITH"},{"data":"Creative AI","floor":32,"key":"SMITH"},{"floor":40,"key":"RECALL"},{"data":"Ghostly","floor":49,"key":"SMITH"},{"data":"Ghostly","floor":52,"key":"SMITH"}],"circlet_count":0,"master_deck":["Zap+1","Dualcast","Ball Lightning","Storm+1","Barrage+1","Electrodynamics","Cold Snap","Echo Form","Creative AI+1","Ghostly+1","Ghostly+1","Ghostly+1","Ghostly+1","Ghostly+1","Storm+1","Cold Snap+1","Force Field","White Noise+1","Heatsinks","Seek","Doom and Gloom+1","Sweeping Beam+1","Defragment+1","Storm","Self Repair","Leap+1"],"relics":["Cracked Core","Cables","Anchor","Membership Card","Medical Kit","Nuclear Battery","Juzu Bracelet","Red Mask","Art of War","Eternal Feather","Runic Capacitor","Astrolabe","Torii","ClockworkSouvenir","Lantern","Happy Flower","Thread and Needle","Old Coin","Dream Catcher","DataDisk","Bottled Lightning","Ice Cream"],"acts_visited":["Exordium","TheCity","TheBeyond","TheEnding"],"potions_floor_usage":[42,47,54,55],"damage_taken":[{"damage":0.0,"enemies":"Cultist","floor":1.0,"turns":3.0},{"damage":4.0,"enemies":"Jaw Worm","floor":2.0,"turns":3.0},{"damage":8.0,"enemies":"Small Slimes","floor":3.0,"turns":3.0},{"damage":7.0,"enemies":"Looter","floor":4.0,"turns":3.0},{"damage":36.0,"enemies":"Large Slime","floor":5.0,"turns":5.0},{"damage":13.0,"enemies":"3 Sentries","floor":7.0,"turns":4.0},{"damage":0.0,"enemies":"Red Slaver","floor":11.0,"turns":2.0},{"damage":0.0,"enemies":"Exordium Thugs","floor":14.0,"turns":2.0},{"damage":0.0,"enemies":"Slime Boss","floor":16.0,"turns":5.0},{"damage":2.0,"enemies":"Chosen","floor":18.0,"turns":3.0},{"damage":7.0,"enemies":"2 Thieves","floor":19.0,"turns":2.0},{"damage":0.0,"enemies":"Centurion and Healer","floor":22.0,"turns":4.0},{"damage":27.0,"enemies":"Slavers","floor":23.0,"turns":5.0},{"damage":0.0,"enemies":"Masked Bandits","floor":24.0,"turns":4.0},{"damage":0,"enemies":"Gremlin Leader","floor":27,"turns":5},{"damage":1,"enemies":"Shelled Parasite and Fungi","floor":30,"turns":4},{"damage":5,"enemies":"Collector","floor":33,"turns":6},{"damage":1,"enemies":"Orb Walker","floor":35,"turns":3},{"damage":0,"enemies":"Mind Bloom Boss Battle","floor":36,"turns":3},{"damage":0,"enemies":"Giant Head","floor":42,"turns":5},{"damage":0,"enemies":"3 Darklings","floor":44,"turns":2},{"damage":0,"enemies":"2 Orb Walkers","floor":45,"turns":2},{"damage":0,"enemies":"Reptomancer","floor":47,"turns":4},{"damage":2,"enemies":"4 Shapes","floor":48,"turns":2},{"damage":19,"enemies":"Time Eater","floor":50,"turns":6},{"damage":0,"enemies":"Shield and Spear","floor":54,"turns":3},{"damage":15,"enemies":"The Heart","floor":55,"turns":6}],"seed_played":"-5134957540004348507","potions_obtained":[{"floor":4.0,"key":"PowerPotion"},{"floor":5.0,"key":"GamblersBrew"},{"floor":7.0,"key":"DistilledChaos"},{"floor":19.0,"key":"CultistPotion"},{"floor":24.0,"key":"FearPotion"},{"floor":27,"key":"Swift Potion"},{"floor":45,"key":"CultistPotion"},{"floor":47,"key":"Swift Potion"},{"floor":48,"key":"FocusPotion"}],"is_trial":false,"path_per_floor":["M","M","M","M","M","R","E","R","T","$","M","?","$","M","R","B",null,"M","M","?","?","M","E","?","?","T","E","R","$","M","?","R","B",null,"M","?","?","$","?","R","?","E","T","M","?","?","E","M","R","B",null,"R","$","E","B",null],"character_chosen":"DEFECT","items_purchased":["Membership Card","Medical Kit","Runic Capacitor","Heatsinks","ClockworkSouvenir","Lantern","Happy Flower","Storm","DataDisk","ColorlessPotion","Bottled Lightning"],"campfire_rested":1,"item_purchase_floors":[10,13,29,29,38,38,38,38,53,53,53],"current_hp_per_floor":[75,71,63,56,20,20,7,29,29,29,29,29,29,29,29,29,75,73,66,66,37,37,10,10,10,10,10,22,22,21,21,33,28,37,36,36,36,36,36,37,37,37,37,37,37,35,35,35,35,30,35,35,35,35,27],"gold":390,"neow_bonus":"UPGRADE_CARD","is_daily":false,"chose_seed":false,"campfire_upgraded":6,"win_rate":0.0,"timestamp":1611189330,"path_taken":["M","M","?","M","M","R","E","R","T","$","M","?","?","M","R","BOSS","M","?","?","?","M","E","?","?","T","E","R","?","M","?","R","BOSS","M","?","?","?","?","R","?","E","T","M","?","?","E","M","R","BOSS","R","$","E","BOSS"],"items_purchased_type":["Relic","Relic","Relic","Card","Relic","Relic","Relic","Card","Relic","Potion","Relic"],"build_version":"2020-12-22","purchased_purges":4,"victory":true,"max_hp_per_floor":[75,75,75,75,75,75,75,75,75,75,75,75,75,75,75,75,75,75,75,75,37,37,37,37,37,37,37,37,37,37,37,37,37,37,37,37,37,37,37,37,37,37,37,37,37,35,35,35,35,35,35,35,35,35,35],"card_choices":[{"not_picked":["Barrage","Static Discharge"],"picked":"Ball Lightning","floor":1.0},{"not_picked":["Sunder","Reinforced Body"],"picked":"Storm","floor":2.0},{"not_picked":["Reinforced Body","Leap","Scrape"],"picked":"SKIP","floor":3.0},{"not_picked":["Barrage","Sweeping Beam"],"picked":"Melter","floor":4.0},{"not_picked":["Conserve Battery","Beam Cell"],"picked":"Barrage","floor":5.0},{"not_picked":["Redo","Streamline"],"picked":"Electrodynamics","floor":7.0},{"not_picked":["Beam Cell","Stack","BootSequence"],"picked":"SKIP","floor":11.0},{"not_picked":["Hologram","Darkness"],"picked":"Cold Snap","floor":14.0},{"not_picked":["Reboot","All For One"],"picked":"Echo Form","floor":16.0},{"not_picked":["Beam Cell","Stack","Gash+1"],"picked":"SKIP","floor":18.0},{"not_picked":["Ball Lightning","Leap"],"picked":"Creative AI","floor":19.0},{"not_picked":["Steam","Recycle"],"picked":"Storm+1","floor":22.0},{"not_picked":["Barrage","Coolheaded"],"picked":"Cold Snap+1","floor":23.0},{"not_picked":["Rebound","Heatsinks"],"picked":"Force Field","floor":24.0},{"not_picked":["Barrage","Turbo"],"picked":"White Noise+1","floor":27},{"not_picked":["Beam Cell+1","Redo","Melter"],"picked":"SKIP","floor":30},{"not_picked":["All For One","Reboot"],"picked":"Seek","floor":33},{"not_picked":["Redo","BootSequence","Leap+1"],"picked":"SKIP","floor":35},{"not_picked":["Consume+1","Go for the Eyes+1"],"picked":"Defragment+1","floor":36},{"not_picked":["BootSequence","Compile Driver+1"],"picked":"Self Repair","floor":42},{"not_picked":["Go for the Eyes","Genetic Algorithm+1","Darkness+1"],"picked":"SKIP","floor":44},{"not_picked":["Barrage","Compile Driver+1"],"picked":"Leap+1","floor":45},{"not_picked":["Hologram","Undo+1","Steam"],"picked":"SKIP","floor":47},{"not_picked":["Compile Driver","Gash","Go for the Eyes+1"],"picked":"SKIP","floor":48},{"not_picked":["Turbo","Chill+1","Melter"],"picked":"SKIP","floor":54}],"player_experience":788346,"relics_obtained":[{"floor":7.0,"key":"Cables"},{"floor":9.0,"key":"Anchor"},{"floor":23.0,"key":"Juzu Bracelet"},{"floor":24.0,"key":"Red Mask"},{"floor":26,"key":"Art of War"},{"floor":27,"key":"Eternal Feather"},{"floor":36,"key":"Torii"},{"floor":42,"key":"Thread and Needle"},{"floor":45,"key":"Old Coin"},{"floor":47,"key":"Dream Catcher"},{"floor":54,"key":"Ice Cream"}],"event_choices":[{"damage_healed":0.0,"max_hp_gain":0.0,"max_hp_loss":0.0,"gold_gain":100.0,"event_name":"Golden Shrine","player_choice":"Pray","floor":12.0,"gold_loss":0.0,"damage_taken":0.0},{"cards_removed":["Strike_B"],"damage_healed":0.0,"max_hp_gain":0.0,"max_hp_loss":0.0,"gold_gain":0.0,"event_name":"Beggar","player_choice":"Gave Gold","floor":20.0,"gold_loss":75.0,"damage_taken":0.0},{"damage_healed":0.0,"max_hp_gain":0.0,"max_hp_loss":38.0,"gold_gain":0.0,"event_name":"Ghosts","player_choice":"Became a Ghost","floor":21.0,"gold_loss":0.0,"damage_taken":0.0,"cards_obtained":["Ghostly","Ghostly","Ghostly","Ghostly","Ghostly"]},{"damage_healed":0.0,"max_hp_gain":0.0,"max_hp_loss":0.0,"gold_gain":0.0,"event_name":"Masked Bandits","player_choice":"Fought Bandits","floor":24.0,"gold_loss":0.0,"damage_taken":0.0},{"cards_removed":["Strike_B"],"damage_healed":0,"gold_gain":0,"player_choice":"Elegance","damage_taken":0,"max_hp_gain":0,"max_hp_loss":0,"event_name":"Back to Basics","floor":25,"gold_loss":0},{"damage_healed":0,"gold_gain":0,"player_choice":"Upgraded","damage_taken":0,"max_hp_gain":0,"max_hp_loss":0,"event_name":"Upgrade Shrine","floor":31,"gold_loss":0,"cards_upgraded":["Ghostly"]},{"damage_healed":0,"gold_gain":0,"player_choice":"Fight","damage_taken":0,"max_hp_gain":0,"max_hp_loss":0,"event_name":"MindBloom","floor":36,"gold_loss":0},{"damage_healed":0,"gold_gain":222,"player_choice":"Wore Mask","damage_taken":0,"max_hp_gain":0,"max_hp_loss":0,"event_name":"Tomb of Lord Red Mask","floor":37,"gold_loss":0},{"damage_healed":0,"gold_gain":0,"player_choice":"Forge","damage_taken":0,"max_hp_gain":0,"max_hp_loss":0,"event_name":"Accursed Blacksmith","floor":39,"gold_loss":0,"cards_upgraded":["Ghostly"]},{"cards_removed":["Melter"],"damage_healed":0,"gold_gain":0,"player_choice":"Removed Attack","damage_taken":0,"max_hp_gain":0,"max_hp_loss":0,"event_name":"Falling","floor":41,"gold_loss":0},{"damage_healed":0,"gold_gain":0,"player_choice":"Fight","damage_taken":0,"max_hp_gain":0,"max_hp_loss":0,"event_name":"Mysterious Sphere","floor":45,"gold_loss":0},{"damage_healed":0,"gold_gain":0,"player_choice":"Max HP","damage_taken":0,"max_hp_gain":0,"max_hp_loss":2,"event_name":"Winding Halls","floor":46,"gold_loss":0}],"is_beta":false,"boss_relics":[{"not_picked":["Fusion Hammer","Coffee Dripper"],"picked":"Nuclear Battery"},{"not_picked":["Calling Bell","Pandora\u0027s Box"],"picked":"Astrolabe"}],"items_purged_floors":[10,13,29,38],"is_endless":false,"potions_floor_spawned":[4,5,7,19,24,27,45,47,48],"ascension_level":2}}