{"host":"7qqg3hyzrz6apiso","time":1611196337,"event":{"mods":["AchievementEnabler","BaseMod","Better Debug","Colored Map","Colored Powertips","KOR Keyword Fix","Keyboard Shortcuts","Minty Spire (QoL Compilation)","Permanent Neow","Quick Restart","StSLib","SuperFastMode"],"gold_per_floor":[113,123,198,76,91,91,91,111,111,11,45,59,59,73,73,170,170,190,206,59,74,12,12,46,46,72,87,99,37,37,72,72,173,173,193,203,220,268,286,286,12,12,12,12,26,26,38,51,51,51],"floor_reached":51,"language":"KOR","playtime":2548,"items_purged":["Strike_B","Strike_B","Zap"],"score":741,"play_id":"c6921dd8-5125-4726-82c0-9b0faf05b6d1","local_time":"20210121113217","is_ascension_mode":false,"campfire_choices":[{"data":"Coolheaded","floor":6,"key":"SMITH"},{"floor":13,"key":"REST"},{"data":"Go for the Eyes","floor":15,"key":"SMITH"},{"data":"Defragment","floor":23,"key":"SMITH"},{"data":"Biased Cognition","floor":25,"key":"SMITH"},{"data":"Biased Cognition","floor":32,"key":"SMITH"},{"data":"Chill","floor":40,"key":"SMITH"},{"data":"Capacitor","floor":42,"key":"SMITH"},{"data":"Self Repair","floor":44,"key":"SMITH"},{"data":"Dualcast","floor":46,"key":"SMITH"},{"data":"Defragment","floor":49,"key":"SMITH"}],"circlet_count":0,"master_deck":["Dualcast+1","Coolheaded+1","Leap","Ball Lightning+1","Go for the Eyes+1","Capacitor+1","Electrodynamics","Ball Lightning+1","Reinforced Body+1","Steam+1","Chill+1","Defragment+1","Glacier+1","Defragment+1","Biased Cognition+1","Self Repair+1","Biased Cognition+1","Seek","Defragment","Melter+1","Defragment"],"relics":["Cracked Core","Pear","The Courier","Astrolabe","Tiny Chest","Bronze Scales","Centennial Puzzle","Bag of Preparation","Pandora\u0027s Box","FossilizedHelix","Whetstone","Peace Pipe"],"acts_visited":["Exordium","TheCity","TheBeyond"],"potions_floor_usage":[11,16,16,19,24,33,38,48],"damage_taken":[{"damage":0,"enemies":"2 Louse","floor":1,"turns":2},{"damage":0,"enemies":"Cultist","floor":2,"turns":4},{"damage":1,"enemies":"Jaw Worm","floor":5,"turns":4},{"damage":1,"enemies":"2 Fungi Beasts","floor":8,"turns":3},{"damage":31,"enemies":"3 Sentries","floor":11,"turns":8},{"damage":1,"enemies":"Exordium Thugs","floor":12,"turns":5},{"damage":0,"enemies":"Large Slime","floor":14,"turns":5},{"damage":38,"enemies":"Hexaghost","floor":16,"turns":15},{"damage":0,"enemies":"Chosen","floor":18,"turns":4},{"damage":0,"enemies":"3 Byrds","floor":19,"turns":4},{"damage":9,"enemies":"Snecko","floor":21,"turns":5},{"damage":0,"enemies":"Book of Stabbing","floor":24,"turns":6},{"damage":0,"enemies":"3 Cultists","floor":27,"turns":4},{"damage":2,"enemies":"Sentry and Sphere","floor":28,"turns":3},{"damage":16,"enemies":"Gremlin Leader","floor":31,"turns":6},{"damage":47,"enemies":"Collector","floor":33,"turns":8},{"damage":2,"enemies":"Orb Walker","floor":35,"turns":4},{"damage":1,"enemies":"3 Shapes","floor":36,"turns":2},{"damage":1,"enemies":"3 Darklings","floor":37,"turns":4},{"damage":64,"enemies":"2 Orb Walkers","floor":38,"turns":5},{"damage":0,"enemies":"Spire Growth","floor":39,"turns":6},{"damage":0,"enemies":"4 Shapes","floor":45,"turns":3},{"damage":0,"enemies":"Sphere and 2 Shapes","floor":47,"turns":5},{"damage":0,"enemies":"Jaw Worm Horde","floor":48,"turns":3},{"damage":17,"enemies":"Time Eater","floor":50,"turns":15}],"seed_played":"-2889501394223768900","potions_obtained":[{"floor":1,"key":"SteroidPotion"},{"floor":5,"key":"GamblersBrew"},{"floor":14,"key":"Block Potion"},{"floor":16,"key":"PotionOfCapacity"},{"floor":19,"key":"DistilledChaos"},{"floor":27,"key":"SpeedPotion"},{"floor":37,"key":"GamblersBrew"},{"floor":39,"key":"DistilledChaos"}],"is_trial":false,"path_per_floor":["M","M","?","$","M","R","?","M","T","$","E","M","R","M","R","B",null,"M","M","$","M","$","R","E","R","T","M","M","$","?","E","R","B",null,"M","M","M","?","M","R","$","R","T","R","M","R","M","M","R","B",null],"character_chosen":"DEFECT","items_purchased":["Leap","Defragment","Tiny Chest","Defragment","Biased Cognition","Whetstone","Defragment"],"campfire_rested":1,"item_purchase_floors":[4,20,20,22,29,41,41],"current_hp_per_floor":[54,54,43,43,42,42,42,41,51,51,20,19,44,44,44,6,85,85,85,85,76,76,76,76,76,76,76,74,74,74,65,65,25,85,83,85,85,28,35,35,35,35,35,35,45,45,55,65,65,58],"gold":51,"neow_bonus":"REMOVE_TWO","is_daily":false,"chose_seed":false,"campfire_upgraded":10,"win_rate":0.0,"timestamp":1611196337,"path_taken":["M","M","?","$","M","R","?","M","T","$","E","M","R","M","R","BOSS","M","?","$","M","$","R","E","R","T","M","M","$","?","E","R","BOSS","M","?","M","?","M","R","$","R","T","R","M","R","M","M","R","BOSS"],"items_purchased_type":["Card","Card","Relic","Card","Card","Relic","Card"],"build_version":"2020-12-22","purchased_purges":3,"victory":true,"max_hp_per_floor":[75,75,75,75,75,75,75,75,85,85,85,85,85,85,85,85,85,85,85,85,85,85,85,85,85,85,85,85,85,85,85,85,85,85,85,85,85,85,85,85,85,85,85,85,85,85,85,85,85,85],"card_choices":[{"not_picked":["Cold Snap","Redo"],"picked":"Coolheaded","floor":1},{"not_picked":["Rebound","Doom and Gloom","Darkness"],"picked":"SKIP","floor":2},{"not_picked":["FTL","Reinforced Body"],"picked":"Ball Lightning","floor":5},{"not_picked":["Consume","Beam Cell","Steam"],"picked":"SKIP","floor":8},{"not_picked":["Barrage","Scrape"],"picked":"Go for the Eyes","floor":11},{"not_picked":["Rebound","Rainbow","Steam Power"],"picked":"SKIP","floor":12},{"not_picked":["Compile Driver","Static Discharge"],"picked":"Capacitor","floor":14},{"not_picked":["Multi-Cast","Buffer"],"picked":"Electrodynamics","floor":16},{"not_picked":["Stack+1","Turbo"],"picked":"Chill","floor":18},{"not_picked":["Chill+1","Leap","Coolheaded"],"picked":"SKIP","floor":19},{"not_picked":["Beam Cell","Barrage"],"picked":"Glacier+1","floor":21},{"not_picked":["Thunder Strike","Gash"],"picked":"Biased Cognition","floor":24},{"not_picked":["Rebound","Steam","Sweeping Beam"],"picked":"SKIP","floor":27},{"not_picked":["Skim+1","Chill"],"picked":"Self Repair","floor":28},{"not_picked":["Rebound","Compile Driver+1","Steam"],"picked":"SKIP","floor":31},{"not_picked":["Meteor Strike","Reboot"],"picked":"Seek","floor":33},{"not_picked":["Recycle+1","Barrage+1","Go for the Eyes+1"],"picked":"SKIP","floor":35},{"not_picked":["Turbo","Coolheaded+1","Skim+1"],"picked":"SKIP","floor":36},{"not_picked":["Streamline+1","BootSequence+1"],"picked":"Melter","floor":37},{"not_picked":["Barrage","Turbo+1","Streamline+1"],"picked":"SKIP","floor":39},{"not_picked":["Hologram+1","Gash+1","Redo"],"picked":"SKIP","floor":45},{"not_picked":["Hologram+1","BootSequence","Go for the Eyes+1"],"picked":"SKIP","floor":47},{"not_picked":["Rip and Tear","Seek","Doom and Gloom+1"],"picked":"SKIP","floor":48}],"player_experience":142862,"relics_obtained":[{"floor":9,"key":"Pear"},{"floor":11,"key":"The Courier"},{"floor":24,"key":"Bronze Scales"},{"floor":26,"key":"Centennial Puzzle"},{"floor":31,"key":"Bag of Preparation"},{"floor":38,"key":"FossilizedHelix"},{"floor":43,"key":"Peace Pipe"}],"event_choices":[{"damage_healed":0,"gold_gain":75,"player_choice":"Gather Gold","damage_taken":11,"max_hp_gain":0,"max_hp_loss":0,"event_name":"World of Goop","floor":3,"gold_loss":0},{"damage_healed":0,"gold_gain":0,"player_choice":"Bought 0 Potions","damage_taken":0,"max_hp_gain":0,"max_hp_loss":0,"event_name":"The Woman in Blue","floor":7,"gold_loss":0},{"damage_healed":0,"gold_gain":0,"player_choice":"0 cards matched","damage_taken":0,"max_hp_gain":0,"max_hp_loss":0,"event_name":"Match and Keep!","floor":30,"gold_loss":0,"cards_obtained":[]},{"damage_healed":0,"gold_gain":0,"player_choice":"Fight","damage_taken":0,"max_hp_gain":0,"max_hp_loss":0,"event_name":"Mysterious Sphere","floor":38,"gold_loss":0}],"is_beta":false,"boss_relics":[{"not_picked":["FrozenCore","SacredBark"],"picked":"Astrolabe"},{"not_picked":["Empty Cage","Cursed Key"],"picked":"Pandora\u0027s Box"}],"items_purged_floors":[4,10,41],"is_endless":false,"potions_floor_spawned":[1,5,14,16,19,27,37,39],"ascension_level":0}}