{"host":"8aoim7owc9xd4zca","time":1611201526,"event":{"mods":["AchievementEnabler","BaseMod","Better Altar","Better Match","Better Note","Better Sensory Stone","Better Skull","Colored Powertips","Highlight Path","Minty Spire (QoL Compilation)","Permanent Neow","Quick Restart","RNG Fix","Rare Cards Sparkle","Replay The Spire","StSLib","SuperFastMode","The Jungle"],"gold_per_floor":[109,109,55,55,55,55,75,23,23,23,43,43,55,130,140,140,154,154,154,154],"floor_reached":19,"language":"ENG","playtime":866,"items_purged":[],"score":137,"play_id":"33001ac0-92ce-4f65-ba27-8f6976ec2741","local_time":"20210120195846","is_ascension_mode":true,"campfire_choices":[{"floor":10,"key":"RECALL"},{"floor":16,"key":"REST"},{"floor":18,"key":"DIG"}],"circlet_count":0,"master_deck":["Strike_R","Strike_R","Strike_R","Strike_R","Strike_R","Defend_R","Defend_R","Defend_R","Defend_R","Bash","Strike_B","Body Slam","Body Slam","Body Slam","Body Slam","Replay:Undeath\u0027s Touch","Metallicize+1","Pain","Rage","Thunderclap","Entrench","Shrug It Off","Rage"],"relics":["Burning Blood","Prayer Wheel","WarpedTongs","Quantum Egg","Anchor"],"acts_visited":["Exordium"],"potions_floor_usage":[19,19,19],"damage_taken":[{"damage":6.0,"enemies":"Cultist","floor":1.0,"turns":3.0},{"damage":0,"enemies":"Small Slimes","floor":7,"turns":3},{"damage":0,"enemies":"2 Louse","floor":11,"turns":3},{"damage":30,"enemies":"Large Slime","floor":13,"turns":7},{"damage":33,"enemies":"Exordium Thugs","floor":15,"turns":7},{"damage":0,"enemies":"Looter","floor":17,"turns":2},{"damage":51,"enemies":"Slime Boss","floor":19,"turns":10}],"seed_played":"8406459186275215971","potions_obtained":[{"floor":1.0,"key":"ElixirPotion"},{"floor":13,"key":"SteroidPotion"},{"floor":17,"key":"Toxic Potion"}],"is_trial":false,"path_per_floor":["M","?","$","PTL","PTL","PTL","M","$","?","R","M","T","M","?","M","R","M","R","B"],"character_chosen":"IRONCLAD","items_purchased":["Body Slam","Metallicize+1"],"campfire_rested":1,"item_purchase_floors":[3,8],"current_hp_per_floor":[80,73,73,73,73,73,79,79,79,79,80,80,56,45,18,42,48,48,0,0],"gold":154,"neow_bonus":"ONE_RARE_RELIC","is_daily":false,"chose_seed":false,"campfire_upgraded":0,"win_rate":0.0,"timestamp":1611201526,"path_taken":["M","?","$","PTL","PTL","PTL","M","$","?","R","M","T","M","?","M","R","?","R","BOSS"],"items_purchased_type":["Card","Card"],"build_version":"2020-12-22","purchased_purges":0,"victory":false,"max_hp_per_floor":[80,80,80,80,80,80,80,80,80,80,80,80,80,80,80,80,80,80,80,80],"card_choices":[{"not_picked":["Thunderclap","Intimidate"],"picked":"Body Slam","floor":1.0},{"not_picked":["Battle Trance","Sword Boomerang"],"picked":"Body Slam","floor":1.0},{"not_picked":["Evolve","Perfected Strike"],"picked":"Body Slam","floor":7},{"not_picked":["Thunderclap","Run Through"],"picked":"Replay:Undeath\u0027s Touch","floor":7},{"not_picked":["Massacre","Impervious"],"picked":"Rage","floor":11},{"not_picked":["Perfected Strike","Havoc","ReplayTheSpireMod:Corrosion Curse"],"picked":"SKIP","floor":11},{"not_picked":["Twin Strike","Disarm"],"picked":"Thunderclap","floor":13},{"not_picked":["Clash","Havoc","Twin Strike"],"picked":"SKIP","floor":13},{"not_picked":["Body Slam","Pummel"],"picked":"Entrench","floor":15},{"not_picked":["Wild Strike","Anger","Warcry"],"picked":"SKIP","floor":15},{"not_picked":["Heavy Blade","Headbutt"],"picked":"Shrug It Off","floor":17},{"not_picked":["Warcry","Clothesline"],"picked":"Rage","floor":17}],"player_experience":282412,"relics_obtained":[{"floor":12,"key":"Quantum Egg"},{"floor":18,"key":"Anchor"}],"event_choices":[{"cards_removed":["Strike_B"],"damage_healed":0.0,"max_hp_gain":0.0,"max_hp_loss":0.0,"gold_gain":0.0,"event_name":"Golden Wing","player_choice":"Card Removal","floor":2.0,"gold_loss":0.0,"damage_taken":7.0},{"damage_healed":0,"gold_gain":0,"player_choice":"Rummage","damage_taken":0,"relics_obtained":["WarpedTongs"],"max_hp_gain":0,"max_hp_loss":0,"event_name":"Accursed Blacksmith","floor":9,"gold_loss":0,"cards_obtained":["Pain"]},{"damage_healed":0,"gold_gain":75,"player_choice":"Gather Gold","damage_taken":11,"max_hp_gain":0,"max_hp_loss":0,"event_name":"World of Goop","floor":14,"gold_loss":0}],"is_beta":false,"boss_relics":[],"items_purged_floors":[],"is_endless":false,"potions_floor_spawned":[1,13,17],"killed_by":"Slime Boss","ascension_level":1}}