{"host":"ELF","time":1611261529,"event":{"mods":["BaseMod","Bestiary","Minty Spire (QoL Compilation)","Relic Stats","Slay the Relics Exporter"],"gold_per_floor":[116,135,154,154,165,165,185,185,211,258,270,282,317,363,375,480,492,528,554,238,238,238,257,257,257,332,332,62,82,82,82],"floor_reached":30,"language":"ENG","playtime":1877,"items_purged":[],"score":530,"play_id":"3f37a9d3-2a9e-47c4-85fc-b58f326bae75","local_time":"20210121143849","is_ascension_mode":true,"campfire_choices":[{"data":"Echo Form","floor":6.0,"key":"SMITH"},{"data":"Buffer","floor":11.0,"key":"SMITH"},{"data":"Double Energy","floor":15.0,"key":"SMITH"},{"floor":24,"key":"REST"}],"circlet_count":0,"master_deck":["AscendersBane","Zap","Dualcast","Buffer+1","Echo Form+1","Multi-Cast","Self Repair","Heatsinks","Beam Cell","Tempest+1","Leap","Conserve Battery","Cold Snap","Undo","Redo","Leap","Fusion","Double Energy+1","Seek","Coolheaded","Force Field","Loop","Rip and Tear","Storm","Compile Driver"],"relics":["Pandora\u0027s Box","Bloody Idol","MawBank","Oddly Smooth Stone","Omamori","Fusion Hammer","Toolbox","Nilry\u0027s Codex","StrikeDummy","Meat on the Bone"],"acts_visited":["Exordium","TheCity"],"potions_floor_usage":[19,30],"damage_taken":[{"damage":0.0,"enemies":"Small Slimes","floor":1.0,"turns":4.0},{"damage":8.0,"enemies":"2 Louse","floor":2.0,"turns":5.0},{"damage":12.0,"enemies":"Jaw Worm","floor":3.0,"turns":6.0},{"damage":24.0,"enemies":"2 Fungi Beasts","floor":5.0,"turns":5.0},{"damage":7.0,"enemies":"Blue Slaver","floor":7.0,"turns":6.0},{"damage":0.0,"enemies":"Lagavulin","floor":10.0,"turns":8.0},{"damage":0.0,"enemies":"Large Slime","floor":13.0,"turns":6.0},{"damage":23.0,"enemies":"3 Sentries","floor":14.0,"turns":11.0},{"damage":14.0,"enemies":"The Guardian","floor":16.0,"turns":12.0},{"damage":0,"enemies":"Spheric Guardian","floor":18,"turns":6},{"damage":19,"enemies":"Chosen","floor":19,"turns":8},{"damage":3,"enemies":"Snake Plant","floor":23,"turns":4},{"damage":0,"enemies":"Snecko","floor":29,"turns":5},{"damage":99,"enemies":"Gremlin Leader","floor":30,"turns":4}],"seed_played":"5257733570736927561","potions_obtained":[{"floor":1.0,"key":"EntropicBrew"},{"floor":2.0,"key":"LiquidMemories"},{"floor":16.0,"key":"Block Potion"},{"floor":23,"key":"FocusPotion"}],"is_trial":false,"path_per_floor":["M","M","M","?","M","R","M","?","T","E","R","T","M","E","R","B",null,"M","M","$","?","?","M","R","?","T","?","$","M","E"],"character_chosen":"DEFECT","items_purchased":["Toolbox","Force Field","Loop","Meat on the Bone"],"campfire_rested":1,"item_purchase_floors":[20,20,20,28],"current_hp_per_floor":[71,71,71,50,40,40,47,47,47,61,61,61,64,55,55,55,62,64,45,45,24,24,26,45,45,50,50,50,55,0,0],"gold":82,"neow_bonus":"BOSS_RELIC","is_daily":false,"chose_seed":false,"campfire_upgraded":3,"win_rate":0.0,"timestamp":1611261529,"path_taken":["M","M","M","?","M","R","M","?","T","E","R","?","M","E","R","BOSS","M","M","$","?","?","M","R","?","T","?","$","M","E"],"items_purchased_type":["Relic","Card","Card","Relic"],"build_version":"2020-12-18","purchased_purges":0,"victory":false,"max_hp_per_floor":[71,71,71,71,71,71,71,64,64,64,64,64,64,64,64,64,64,64,64,64,64,64,64,64,64,64,64,64,64,64,64],"relic_stats":{"counters":[14,90],"Bloody Idol":15,"Pandora\u0027s Box":["Buffer","Echo Form","Multi-Cast","Self Repair","Heatsinks","Meteor Strike","Beam Cell","Tempest"],"MawBank":132,"obtain_stats":[{"Golden Idol":8,"Nilry\u0027s Codex":21,"Bloody Idol":22,"Oddly Smooth Stone":10,"Toolbox":20,"Pandora\u0027s Box":0,"Fusion Hammer":17,"Omamori":14,"Cracked Core":0,"MawBank":9,"StrikeDummy":26,"Meat on the Bone":28},{"Golden Idol":5,"Nilry\u0027s Codex":11,"Bloody Idol":11,"Oddly Smooth Stone":6,"Toolbox":11,"Pandora\u0027s Box":0,"Fusion Hammer":9,"Omamori":8,"Cracked Core":0,"MawBank":5,"StrikeDummy":12,"Meat on the Bone":12},{"Golden Idol":26,"Nilry\u0027s Codex":77,"Bloody Idol":77,"Oddly Smooth Stone":34,"Toolbox":77,"Pandora\u0027s Box":0,"Fusion Hammer":63,"Omamori":51,"Cracked Core":0,"MawBank":26,"StrikeDummy":81,"Meat on the Bone":81}],"Meat on the Bone":0},"card_choices":[{"not_picked":["Steam Power","FTL"],"picked":"Leap","floor":1.0},{"not_picked":["Rebound","Go for the Eyes"],"picked":"Conserve Battery","floor":2.0},{"not_picked":["Melter","Ball Lightning"],"picked":"Cold Snap","floor":3.0},{"not_picked":["Stack","Gash"],"picked":"Undo","floor":5.0},{"not_picked":["Barrage","Gash"],"picked":"Redo","floor":7.0},{"not_picked":["Self Repair","Hologram"],"picked":"Leap","floor":10.0},{"not_picked":["Rip and Tear","Streamline"],"picked":"Fusion","floor":13.0},{"not_picked":["Buffer","Streamline"],"picked":"Double Energy","floor":14.0},{"not_picked":["Echo Form","Buffer"],"picked":"Seek","floor":16.0},{"not_picked":["Doom and Gloom","Tempest"],"picked":"Coolheaded","floor":18},{"not_picked":["Auto Shields","Reprogram","Chill"],"picked":"SKIP","floor":19},{"not_picked":["Conserve Battery","Barrage"],"picked":"Blizzard","floor":23},{"not_picked":["Undo","Barrage+1"],"picked":"Compile Driver","floor":29}],"player_experience":3265432,"relics_obtained":[{"floor":9.0,"key":"MawBank"},{"floor":10.0,"key":"Oddly Smooth Stone"},{"floor":14.0,"key":"Omamori"},{"floor":21,"key":"Nilry\u0027s Codex"},{"floor":26,"key":"StrikeDummy"}],"event_choices":[{"damage_healed":0.0,"max_hp_gain":0.0,"max_hp_loss":0.0,"gold_gain":0.0,"event_name":"Shining Light","player_choice":"Entered Light","floor":4.0,"gold_loss":0.0,"damage_taken":21.0,"cards_upgraded":["Tempest","Meteor Strike"]},{"damage_healed":0.0,"max_hp_gain":0.0,"max_hp_loss":7.0,"gold_gain":0.0,"event_name":"Golden Idol","player_choice":"Lose Max HP","floor":8.0,"gold_loss":0.0,"damage_taken":0.0,"relics_obtained":["Golden Idol"]},{"damage_healed":0,"gold_gain":0,"player_choice":"Obtained Book","damage_taken":21,"max_hp_gain":0,"max_hp_loss":0,"event_name":"Cursed Tome","floor":21,"gold_loss":0},{"damage_healed":0,"gold_gain":0,"player_choice":"Gave Idol","damage_taken":0,"relics_obtained":["Bloody Idol"],"max_hp_gain":0,"max_hp_loss":0,"event_name":"Forgotten Altar","floor":22,"relics_lost":["Golden Idol"],"gold_loss":0},{"damage_healed":0,"gold_gain":0,"cards_transformed":["Meteor Strike","Blizzard"],"player_choice":"Became Test Subject","damage_taken":0,"max_hp_gain":0,"max_hp_loss":0,"event_name":"Drug Dealer","floor":25,"gold_loss":0,"cards_obtained":["Rip and Tear","Storm"]},{"damage_healed":0,"gold_gain":0,"player_choice":"Ignored","damage_taken":0,"max_hp_gain":0,"max_hp_loss":0,"event_name":"Vampires","floor":27,"gold_loss":0}],"is_beta":true,"boss_relics":[{"not_picked":["Runic Dome","Calling Bell"],"picked":"Fusion Hammer"}],"items_purged_floors":[],"is_endless":false,"potions_floor_spawned":[1,2,5,7,16,23],"killed_by":"Gremlin Leader","ascension_level":20}}