{"host":"3jjxuhjpio8e4zkv","time":1611269207,"event":{"mods":["BaseMod","Colored Map","Highlight Path","Minty Spire (QoL Compilation)","Permanent Neow","Relic Stats","StSLib"],"gold_per_floor":[218,228,247,267,56,56,70,96,96,96,127,139,151,151],"floor_reached":13,"language":"ENG","playtime":495,"items_purged":["Strike_G"],"score":190,"play_id":"404accad-a259-499d-8946-b3f55ef8cbd6","local_time":"20210121174647","is_ascension_mode":true,"campfire_choices":[{"data":"Blade Dance","floor":6.0,"key":"SMITH"},{"floor":10.0,"key":"REST"},{"floor":12,"key":"REST"}],"circlet_count":0,"master_deck":["AscendersBane","Strike_G","Strike_G","Strike_G","Strike_G","Defend_G+1","Defend_G","Defend_G","Defend_G+1","Defend_G","Survivor","Neutralize","Blade Dance+1","Acrobatics","Dagger Throw","Noxious Fumes","PiercingWail","Unload"],"relics":["Ring of the Snake","White Beast Statue","War Paint","MawBank"],"acts_visited":["Exordium"],"potions_floor_usage":[11,11,13],"damage_taken":[{"damage":0.0,"enemies":"2 Louse","floor":1.0,"turns":5.0},{"damage":0.0,"enemies":"Cultist","floor":2.0,"turns":4.0},{"damage":0.0,"enemies":"Jaw Worm","floor":3.0,"turns":4.0},{"damage":13.0,"enemies":"Blue Slaver","floor":4.0,"turns":8.0},{"damage":11.0,"enemies":"Looter","floor":7.0,"turns":4.0},{"damage":28.0,"enemies":"Lagavulin","floor":8.0,"turns":8.0},{"damage":25,"enemies":"Gremlin Nob","floor":11,"turns":4},{"damage":31,"enemies":"Lagavulin","floor":13,"turns":6}],"seed_played":"-7627210850455085033","potions_obtained":[{"floor":3.0,"key":"Dexterity Potion"},{"floor":8.0,"key":"SkillPotion"},{"floor":11,"key":"SteroidPotion"}],"is_trial":false,"path_per_floor":["M","M","M","M","$","R","M","E","T","R","E","R","E"],"character_chosen":"THE_SILENT","items_purchased":["Fire Potion","Noxious Fumes"],"campfire_rested":2,"item_purchase_floors":[5,5],"current_hp_per_floor":[59,59,59,46,46,46,35,7,7,26,1,20,0,0],"gold":151,"neow_bonus":"HUNDRED_GOLD","is_daily":false,"chose_seed":false,"campfire_upgraded":1,"win_rate":0.0,"timestamp":1611269207,"path_taken":["M","M","M","M","$","R","M","E","T","R","E","R","E"],"items_purchased_type":["Potion","Card"],"build_version":"2020-12-22","purchased_purges":1,"victory":false,"max_hp_per_floor":[66,66,66,66,66,66,66,66,66,66,66,66,66,66],"relic_stats":{"counters":[8,43],"War Paint":["Defend_G","Defend_G"],"MawBank":24,"obtain_stats":[{"War Paint":9,"MawBank":11,"White Beast Statue":8,"Ring of the Snake":0},{"War Paint":6,"MawBank":7,"White Beast Statue":6,"Ring of the Snake":0},{"War Paint":33,"MawBank":37,"White Beast Statue":33,"Ring of the Snake":0}],"Ring of the Snake":[16]},"card_choices":[{"not_picked":["Bane","Cloak And Dagger"],"picked":"Blade Dance","floor":1.0},{"not_picked":["Crippling Poison","Tactician"],"picked":"Acrobatics","floor":2.0},{"not_picked":["Acrobatics","Bane","Night Terror"],"picked":"SKIP","floor":3.0},{"not_picked":["Noxious Fumes","Dodge and Roll"],"picked":"Dagger Throw","floor":4.0},{"not_picked":["Sucker Punch","Slice"],"picked":"PiercingWail","floor":7.0},{"not_picked":["Deflect","Cloak And Dagger"],"picked":"Unload","floor":8.0},{"not_picked":["Distraction","Concentrate","Noxious Fumes"],"picked":"SKIP","floor":11}],"player_experience":1216033,"relics_obtained":[{"floor":8.0,"key":"White Beast Statue"},{"floor":9.0,"key":"War Paint"},{"floor":11,"key":"MawBank"}],"event_choices":[],"is_beta":false,"boss_relics":[],"items_purged_floors":[5],"is_endless":false,"potions_floor_spawned":[3,8,11],"killed_by":"Lagavulin","ascension_level":20}}