{"host":"3twtdwjpiqhvvn5s","time":1611193419,"event":{"mods":["AchievementEnabler","Act Like it!","Aspiration","BaseMod","BetterRewards","Colored Map","Colored Powertips","Downfall","Duelist Mod","Friendly Minions","GifTheSpireLib","Hallownest","Hermit","Hubris","Infinite Spire","Jorbs\u0027s Wanderer Trilogy","Koishi","KomeijiMod","Marisa????????","Minty Spire (QoL Compilation)","Random Character Mod","Rare Cards Sparkle","Shop Mod","StSLib","Td1madao Mod","The Administrix","The Animator","The Bug Knight","The Caster","The Cursed","The Disciple","The Hierophant","The Necromancer","The Poker Player","The Runesmith","The Servant 0.9.4","TheFirefly"],"gold_per_floor":[114,128,147,165,185,185,185],"floor_reached":6,"language":"ENG","playtime":763,"items_purged":[],"score":40,"play_id":"8ea0d8fa-deec-4aef-b16a-afc6561fc4d6","local_time":"20210120194339","daily_mods":["Elite Swarm"],"is_ascension_mode":false,"campfire_choices":[],"circlet_count":0,"master_deck":["Strike_B","Strike_B","Strike_B","Strike_B","Defend_B","Defend_B","Defend_B","Defend_B","Zap","Dualcast","Go for the Eyes","Steam"],"relics":["Unceasing Top"],"acts_visited":["Exordium"],"potions_floor_usage":[4,5],"damage_taken":[{"damage":4,"enemies":"Small Slimes","floor":1,"turns":5},{"damage":15,"enemies":"Jaw Worm","floor":2,"turns":4},{"damage":11,"enemies":"2 Louse","floor":3,"turns":3},{"damage":2,"enemies":"Blue Slaver","floor":4,"turns":4},{"damage":19,"enemies":"Exordium Wildlife","floor":5,"turns":7},{"damage":24,"enemies":"3 Sentries","floor":6,"turns":4}],"seed_played":"7198536937042776606","potions_obtained":[{"floor":3,"key":"SneckoOil"},{"floor":4,"key":"EssenceOfSteel"}],"is_trial":true,"path_per_floor":["M","M","M","M","M","E"],"character_chosen":"DEFECT","items_purchased":[],"campfire_rested":0,"item_purchase_floors":[],"current_hp_per_floor":[71,56,45,43,24,0,0],"gold":185,"neow_bonus":"","is_daily":false,"chose_seed":false,"campfire_upgraded":0,"win_rate":0.0,"timestamp":1611193419,"path_taken":["M","M","M","M","M","E"],"items_purchased_type":[],"build_version":"2020-12-22","purchased_purges":0,"victory":false,"max_hp_per_floor":[75,75,75,75,75,75,75],"card_choices":[{"not_picked":["Slimebound:GrowthPunch","Heatsinks","Reinforced Body"],"picked":"SKIP","floor":1},{"not_picked":["Slimebound:GoopSpray","Slimebound:BestDefense"],"picked":"Go for the Eyes","floor":2},{"not_picked":["Steam Power","Slimebound:ComboTackle","Heatsinks"],"picked":"SKIP","floor":3},{"not_picked":["Leap","Hologram","Cold Snap"],"picked":"SKIP","floor":4},{"not_picked":["Hologram","Rainbow"],"picked":"Steam","floor":5}],"player_experience":1997559,"relics_obtained":[],"event_choices":[],"is_beta":false,"boss_relics":[],"items_purged_floors":[],"is_endless":false,"potions_floor_spawned":[3,4],"killed_by":"3 Sentries","ascension_level":0}}