{"host":"Bilverbakes","time":1611187820,"event":{"mods":["2.2 Compatiblity","AchievementEnabler","BaseMod","Bestiary","Colored Map","Minty Spire (QoL Compilation)","Relic Stats","StSLib","ojb\u0027s Info Mod"],"gold_per_floor":[112,262,14,33,50,80,80,108,154,172,187,187,217,230,230,305,305,316,316,336,39,52,77,77,111,156,186,204,40,40,40,40,116,116,127,143,168,181,181,213,233,233,280,313,332,366,41,73,73,73,73,73,73,46,77,77],"floor_reached":57,"language":"ENG","playtime":4094,"items_purged":["Doubt"],"score":3275,"play_id":"028b5952-9a4c-47c0-ac62-26e02672db82","local_time":"20210120181020","is_ascension_mode":true,"campfire_choices":[{"data":"Zap","floor":7.0,"key":"SMITH"},{"data":"Hologram","floor":12.0,"key":"SMITH"},{"data":"Dualcast","floor":15.0,"key":"SMITH"},{"data":"Seek","floor":24.0,"key":"SMITH"},{"floor":30.0,"key":"REST"},{"data":"J.A.X.","floor":32.0,"key":"SMITH"},{"data":"Seek","floor":42.0,"key":"SMITH"},{"floor":49.0,"key":"RECALL"},{"floor":53.0,"key":"REST"}],"circlet_count":0,"master_deck":["AscendersBane","Strike_B","Strike_B+1","Strike_B+1","Defend_B","Defend_B","Defend_B","Defend_B+1","Zap+1","Dualcast+1","CurseOfTheBell","Ball Lightning+1","Go for the Eyes+1","All For One+1","All For One+1","Cold Snap+1","FTL+1","Ball Lightning+1","Sunder+1","Beam Cell+1","Hologram+1","BootSequence","Go for the Eyes+1","Electrodynamics","Hologram+1","Lockon+1","Auto Shields+1","Seek+1","Compile Driver+1","Seek+1","Steam","J.A.X.+1","Core Surge+1","Barrage+1","Leap+1","Steam+1"],"relics":["Calling Bell","Happy Flower","Molten Egg 2","Peace Pipe","Orrery","Symbiotic Virus","Anchor","Ancient Tea Set","TungstenRod","Black Star","Runic Capacitor","Mummified Hand","Cables","White Beast Statue","Mercury Hourglass","Akabeko","Letter Opener","Dead Branch","Bronze Scales","SacredBark","FossilizedHelix","Lantern","Oddly Smooth Stone","Regal Pillow","InkBottle","Bag of Preparation","Whetstone","Membership Card","Incense Burner","Dream Catcher","War Paint","Strawberry","Pear"],"acts_visited":["Exordium","TheCity","TheBeyond","TheEnding"],"potions_floor_usage":[55,56,56],"damage_taken":[{"damage":7.0,"enemies":"Jaw Worm","floor":1.0,"turns":3.0},{"damage":10.0,"enemies":"Small Slimes","floor":4.0,"turns":2.0},{"damage":0.0,"enemies":"Cultist","floor":5.0,"turns":3.0},{"damage":6.0,"enemies":"Gremlin Nob","floor":6.0,"turns":3.0},{"damage":5.0,"enemies":"3 Sentries","floor":8.0,"turns":4.0},{"damage":0.0,"enemies":"Blue Slaver","floor":10.0,"turns":2.0},{"damage":0.0,"enemies":"2 Fungi Beasts","floor":11.0,"turns":1.0},{"damage":0.0,"enemies":"Lagavulin","floor":13.0,"turns":2.0},{"damage":0.0,"enemies":"Large Slime","floor":14.0,"turns":3.0},{"damage":20.0,"enemies":"The Guardian","floor":16.0,"turns":8.0},{"damage":1.0,"enemies":"Chosen","floor":18.0,"turns":4.0},{"damage":0.0,"enemies":"3 Byrds","floor":20.0,"turns":4.0},{"damage":10.0,"enemies":"Snake Plant","floor":22.0,"turns":4.0},{"damage":1.0,"enemies":"Gremlin Leader","floor":23.0,"turns":4.0},{"damage":12.0,"enemies":"Slavers","floor":25.0,"turns":4.0},{"damage":8.0,"enemies":"Book of Stabbing","floor":27.0,"turns":4.0},{"damage":0.0,"enemies":"Chosen and Byrds","floor":28.0,"turns":2.0},{"damage":27.0,"enemies":"Champ","floor":33.0,"turns":4.0},{"damage":0.0,"enemies":"Orb Walker","floor":35.0,"turns":2.0},{"damage":0.0,"enemies":"3 Shapes","floor":36.0,"turns":2.0},{"damage":0.0,"enemies":"Mind Bloom Boss Battle","floor":37.0,"turns":4.0},{"damage":0.0,"enemies":"Transient","floor":38.0,"turns":6.0},{"damage":12.0,"enemies":"Giant Head","floor":40.0,"turns":4.0},{"damage":0.0,"enemies":"Sphere and 2 Shapes","floor":41.0,"turns":4.0},{"damage":0.0,"enemies":"Reptomancer","floor":44.0,"turns":3.0},{"damage":2.0,"enemies":"Jaw Worm Horde","floor":45.0,"turns":3.0},{"damage":3.0,"enemies":"Nemesis","floor":46.0,"turns":3.0},{"damage":2.0,"enemies":"Giant Head","floor":48.0,"turns":3.0},{"damage":16.0,"enemies":"Donu and Deca","floor":50.0,"turns":6.0},{"damage":4.0,"enemies":"Time Eater","floor":51.0,"turns":8.0},{"damage":2,"enemies":"Shield and Spear","floor":55,"turns":3},{"damage":79,"enemies":"The Heart","floor":56,"turns":6}],"seed_played":"-3544699259369051589","potions_obtained":[{"floor":5.0,"key":"Explosive Potion"},{"floor":6.0,"key":"SteroidPotion"},{"floor":8.0,"key":"Explosive Potion"},{"floor":13.0,"key":"Regen Potion"},{"floor":27.0,"key":"DistilledChaos"},{"floor":35.0,"key":"LiquidBronze"},{"floor":40.0,"key":"FearPotion"},{"floor":41.0,"key":"EssenceOfDarkness"},{"floor":44.0,"key":"Fruit Juice"},{"floor":45.0,"key":"DistilledChaos"},{"floor":48.0,"key":"CultistPotion"},{"floor":55,"key":"Weak Potion"}],"is_trial":false,"path_per_floor":["M","?","$","M","M","E","R","E","T","M","M","R","E","M","R","B",null,"M","?","M","$","M","E","R","E","T","E","M","$","R","?","R","B",null,"M","M","?","M","?","E","M","R","T","E","M","E","$","E","R","B","B",null,"R","$","E","B",null],"character_chosen":"DEFECT","items_purchased":["Orrery","Lockon+1","Runic Capacitor","Fire Potion","Bronze Scales","Membership Card","Incense Burner","Energy Potion"],"campfire_rested":2,"item_purchase_floors":[3,21,21,21,29,47,47,54],"current_hp_per_floor":[57,57,57,47,47,41,41,36,36,36,36,36,36,36,36,31,61,60,60,60,60,50,49,49,37,37,29,29,29,50,50,50,23,59,59,59,59,59,59,47,47,47,47,47,55,52,52,50,50,34,30,68,81,81,96,17],"gold":77,"neow_bonus":"BOSS_RELIC","is_daily":false,"chose_seed":false,"campfire_upgraded":6,"win_rate":0.0,"timestamp":1611187820,"path_taken":["M","?","$","M","M","E","R","E","T","M","M","R","E","M","R","BOSS","M","?","M","$","?","E","R","E","T","E","M","$","R","?","R","BOSS","M","M","?","M","?","E","M","R","T","E","M","E","$","E","R","BOSS","BOSS","R","$","E","BOSS"],"items_purchased_type":["Relic","Card","Relic","Potion","Relic","Relic","Relic","Potion"],"build_version":"2020-12-18","purchased_purges":1,"victory":true,"max_hp_per_floor":[71,71,71,71,71,71,71,71,71,71,71,71,71,71,71,71,71,71,71,71,71,71,71,71,71,71,71,71,71,71,71,71,71,71,71,71,71,71,71,71,71,71,71,71,81,81,81,81,81,81,81,81,81,81,98,98],"relic_stats":{"Regal Pillow":0,"Happy Flower":[39],"counters":[32,118],"Dead Branch":[58],"Bag of Preparation":[10],"Letter Opener":[179],"Whetstone":["Strike_B","Strike_B"],"War Paint":["Leap","Defend_B"],"Cables":[73,13,8,52,0],"Mercury Hourglass":[225],"Peace Pipe":0,"Dream Catcher":1,"Mummified Hand":[9],"Bronze Scales":[201],"Black Star":8,"obtain_stats":[{"Lantern":40,"Regal Pillow":44,"SacredBark":34,"Runic Capacitor":21,"Bag of Preparation":46,"Incense Burner":47,"Whetstone":46,"Ancient Tea Set":9,"Dream Catcher":48,"Mummified Hand":23,"Strawberry":55,"Cracked Core":0,"InkBottle":44,"Pear":55,"Happy Flower":0,"Dead Branch":27,"Oddly Smooth Stone":40,"Letter Opener":27,"War Paint":48,"White Beast Statue":25,"Akabeko":26,"Cables":23,"Mercury Hourglass":25,"Calling Bell":0,"Peace Pipe":0,"Anchor":8,"Bronze Scales":29,"Orrery":3,"Molten Egg 2":0,"Black Star":17,"Membership Card":47,"Symbiotic Virus":6,"TungstenRod":13,"FossilizedHelix":37},{"Lantern":23,"Regal Pillow":25,"SacredBark":18,"Runic Capacitor":12,"Bag of Preparation":27,"Incense Burner":27,"Whetstone":27,"Ancient Tea Set":5,"Dream Catcher":28,"Mummified Hand":14,"Strawberry":31,"Cracked Core":0,"InkBottle":25,"Pear":31,"Happy Flower":0,"Dead Branch":16,"Oddly Smooth Stone":23,"Letter Opener":16,"War Paint":28,"White Beast Statue":15,"Akabeko":15,"Cables":14,"Mercury Hourglass":15,"Calling Bell":0,"Peace Pipe":0,"Anchor":5,"Bronze Scales":17,"Orrery":1,"Molten Egg 2":0,"Black Star":10,"Membership Card":27,"Symbiotic Virus":4,"TungstenRod":8,"FossilizedHelix":21},{"Lantern":79,"Regal Pillow":86,"SacredBark":61,"Runic Capacitor":39,"Bag of Preparation":92,"Incense Burner":92,"Whetstone":92,"Ancient Tea Set":15,"Dream Catcher":95,"Mummified Hand":47,"Strawberry":112,"Cracked Core":0,"InkBottle":86,"Pear":112,"Happy Flower":0,"Dead Branch":55,"Oddly Smooth Stone":79,"Letter Opener":55,"War Paint":95,"White Beast Statue":51,"Akabeko":51,"Cables":47,"Mercury Hourglass":51,"Calling Bell":0,"Peace Pipe":0,"Anchor":15,"Bronze Scales":57,"Orrery":3,"Molten Egg 2":0,"Black Star":31,"Membership Card":92,"Symbiotic Virus":11,"TungstenRod":20,"FossilizedHelix":69}],"TungstenRod":89,"InkBottle":[20]},"card_choices":[{"not_picked":["Sweeping Beam+1","Turbo"],"picked":"Ball Lightning+1","floor":1.0},{"not_picked":["Steam Power","Ball Lightning+1"],"picked":"Go for the Eyes+1","floor":3.0},{"not_picked":["Steam","Ball Lightning+1"],"picked":"All For One+1","floor":3.0},{"not_picked":["Defragment","Compile Driver+1"],"picked":"All For One+1","floor":3.0},{"not_picked":["Force Field","Gash+1"],"picked":"Cold Snap+1","floor":3.0},{"not_picked":["Blizzard+1","Ball Lightning+1"],"picked":"FTL+1","floor":4.0},{"not_picked":["Capacitor","Skim"],"picked":"Ball Lightning+1","floor":5.0},{"not_picked":["Hello World","White Noise"],"picked":"Sunder+1","floor":6.0},{"not_picked":["Go for the Eyes+1","Barrage+1"],"picked":"Beam Cell+1","floor":8.0},{"not_picked":["Stack","Beam Cell+1"],"picked":"Hologram","floor":10.0},{"not_picked":["Rebound+1","Beam Cell+1"],"picked":"BootSequence","floor":11.0},{"not_picked":["Stack","White Noise"],"picked":"Go for the Eyes+1","floor":13.0},{"not_picked":["Redo","Coolheaded","Hologram"],"picked":"SKIP","floor":14.0},{"not_picked":["Meteor Strike+1","Biased Cognition"],"picked":"Electrodynamics","floor":16.0},{"not_picked":["Sweeping Beam+1","Streamline+1"],"picked":"Hologram+1","floor":18.0},{"not_picked":["Chaos","Rebound+1","Blizzard+1"],"picked":"SKIP","floor":20.0},{"not_picked":["Turbo","Coolheaded"],"picked":"Auto Shields+1","floor":22.0},{"not_picked":["Leap","Reinforced Body"],"picked":"Seek","floor":23.0},{"not_picked":["Redo","Sweeping Beam+1"],"picked":"Compile Driver+1","floor":25.0},{"not_picked":["Barrage+1","Ball Lightning+1"],"picked":"Seek","floor":27.0},{"not_picked":["Steam Power","Ball Lightning+1"],"picked":"Steam","floor":28.0},{"not_picked":["Fission","Biased Cognition"],"picked":"Core Surge+1","floor":33.0},{"not_picked":["Defragment","Ball Lightning+1","Redo"],"picked":"SKIP","floor":35.0},{"not_picked":["Self Repair","Fusion","Gash+1"],"picked":"SKIP","floor":36.0},{"not_picked":["Gash+1","Rip and Tear+1"],"picked":"Barrage+1","floor":38.0},{"not_picked":["Lockon+1","White Noise","Cold Snap+1"],"picked":"SKIP","floor":40.0},{"not_picked":["Sweeping Beam+1","Steam Power"],"picked":"Leap","floor":41.0},{"not_picked":["Barrage+1","Conserve Battery","Multi-Cast"],"picked":"SKIP","floor":44.0},{"not_picked":["Static Discharge","Sweeping Beam+1","Rip and Tear+1"],"picked":"SKIP","floor":45.0},{"not_picked":["Rebound+1","Cold Snap+1","Sweeping Beam+1"],"picked":"SKIP","floor":46.0},{"not_picked":["Go for the Eyes+1","Cold Snap+1","Seek"],"picked":"SKIP","floor":48.0},{"not_picked":["Blizzard+1","White Noise"],"picked":"Steam+1","floor":55}],"player_experience":761606,"relics_obtained":[{"floor":0.0,"key":"Happy Flower"},{"floor":0.0,"key":"Molten Egg 2"},{"floor":0.0,"key":"Peace Pipe"},{"floor":6.0,"key":"Symbiotic Virus"},{"floor":8.0,"key":"Anchor"},{"floor":9.0,"key":"Ancient Tea Set"},{"floor":13.0,"key":"TungstenRod"},{"floor":23.0,"key":"Mummified Hand"},{"floor":23.0,"key":"Cables"},{"floor":25.0,"key":"White Beast Statue"},{"floor":25.0,"key":"Mercury Hourglass"},{"floor":26.0,"key":"Akabeko"},{"floor":27.0,"key":"Letter Opener"},{"floor":27.0,"key":"Dead Branch"},{"floor":37.0,"key":"FossilizedHelix"},{"floor":40.0,"key":"Lantern"},{"floor":40.0,"key":"Oddly Smooth Stone"},{"floor":44.0,"key":"Regal Pillow"},{"floor":44.0,"key":"InkBottle"},{"floor":46.0,"key":"Bag of Preparation"},{"floor":46.0,"key":"Whetstone"},{"floor":48.0,"key":"Dream Catcher"},{"floor":48.0,"key":"War Paint"},{"floor":55,"key":"Strawberry"},{"floor":55,"key":"Pear"}],"event_choices":[{"damage_healed":0.0,"max_hp_gain":0.0,"max_hp_loss":0.0,"gold_gain":150.0,"event_name":"Liars Game","player_choice":"AGREE","floor":2.0,"gold_loss":0.0,"damage_taken":0.0,"cards_obtained":["Doubt"]},{"cards_removed":["Strike_B"],"damage_healed":0.0,"max_hp_gain":0.0,"max_hp_loss":0.0,"gold_gain":0.0,"event_name":"Bonfire Elementals","player_choice":"Offered Basic","floor":19.0,"gold_loss":0.0,"damage_taken":0.0},{"damage_healed":0.0,"max_hp_gain":0.0,"max_hp_loss":0.0,"gold_gain":0.0,"event_name":"Drug Dealer","player_choice":"Obtain J.A.X.","floor":31.0,"gold_loss":0.0,"damage_taken":0.0,"cards_obtained":["J.A.X."]},{"damage_healed":0.0,"max_hp_gain":0.0,"max_hp_loss":0.0,"gold_gain":0.0,"event_name":"MindBloom","player_choice":"Fight","floor":37.0,"gold_loss":0.0,"damage_taken":0.0},{"damage_healed":0.0,"max_hp_gain":0.0,"max_hp_loss":0.0,"gold_gain":0.0,"event_name":"Tomb of Lord Red Mask","player_choice":"Ignored","floor":39.0,"gold_loss":0.0,"damage_taken":0.0}],"is_beta":true,"boss_relics":[{"not_picked":["Velvet Choker","Runic Dome"],"picked":"Black Star"},{"not_picked":["Sozu","Astrolabe"],"picked":"SacredBark"}],"items_purged_floors":[3],"is_endless":false,"potions_floor_spawned":[5,6,8,10,13,25,27,28,33,35,36,37,38,40,41,44,45,46,48,55],"ascension_level":20}}