{"host":"9h8r1cv541gxi32s","time":1611226257,"event":{"mods":["Act Like it!","BaseMod","DeckTracker","Minty Spire (QoL Compilation)","Permanent Neow","StSLib","The Marked"],"gold_per_floor":[116,126,126,141,154,197,197,240,295,295,316,316,316,332,332,453,453,468,543,558,573,594,594,635,635,682,702,715,345,381,397,397,397,397],"floor_reached":33,"language":"ENG","playtime":2012,"items_purged":["theMarked:Strike"],"score":316,"play_id":"388ad361-81c8-45b0-97ce-3bb61c5cd328","local_time":"20210121235057","is_ascension_mode":true,"campfire_choices":[{"data":"theMarked:SoldierOfQuellstein","floor":7,"key":"SMITH"},{"data":"theMarked:SelfDefenseTraining","floor":10,"key":"SMITH"},{"data":"theMarked:ResourceFulStrike","floor":12,"key":"SMITH"},{"data":"Sadistic Nature","floor":15,"key":"SMITH"},{"data":"theMarked:HeritageOfTheMarked","floor":23,"key":"SMITH"},{"data":"theMarked:WardOff","floor":25,"key":"SMITH"},{"data":"theMarked:WardOff","floor":32,"key":"SMITH"}],"circlet_count":0,"master_deck":["theMarked:Strike","theMarked:Strike","theMarked:Strike","theMarked:Strike","theMarked:Defend","theMarked:Defend","theMarked:Defend","theMarked:SoldierOfQuellstein+1","Sadistic Nature+1","theMarked:ResourceFulStrike+1","theMarked:WardOff+1","theMarked:SelfDefenseTraining+1","theMarked:SwordAndMagic","theMarked:ParalyzingBlade","theMarked:HeritageOfTheMarked+1","theMarked:WardOff","theMarked:WardOff+1","theMarked:DeterminationOfTheMarked"],"relics":["theMarked:BronzeBlade","Golden Idol","Ornamental Fan","Pear","Boot","Orichalcum","Bronze Scales","Incense Burner","Eternal Feather"],"acts_visited":["Exordium","TheCity"],"potions_floor_usage":[6,21,30,30,31],"damage_taken":[{"damage":0,"enemies":"Small Slimes","floor":1,"turns":3},{"damage":3,"enemies":"Jaw Worm","floor":2,"turns":4},{"damage":0,"enemies":"Cultist","floor":4,"turns":3},{"damage":1,"enemies":"Large Slime","floor":5,"turns":6},{"damage":9,"enemies":"Gremlin Nob","floor":6,"turns":4},{"damage":9,"enemies":"3 Sentries","floor":8,"turns":7},{"damage":0,"enemies":"2 Fungi Beasts","floor":11,"turns":3},{"damage":2,"enemies":"Looter","floor":14,"turns":3},{"damage":13,"enemies":"The Guardian","floor":16,"turns":7},{"damage":0,"enemies":"Chosen","floor":18,"turns":4},{"damage":16,"enemies":"Spheric Guardian","floor":20,"turns":4},{"damage":12,"enemies":"Shelled Parasite and Fungi","floor":21,"turns":3},{"damage":10,"enemies":"Centurion and Healer","floor":22,"turns":5},{"damage":14,"enemies":"Book of Stabbing","floor":24,"turns":5},{"damage":3,"enemies":"Snake Plant","floor":27,"turns":3},{"damage":2,"enemies":"Cultist and Chosen","floor":28,"turns":4},{"damage":6,"enemies":"Slavers","floor":30,"turns":4},{"damage":0,"enemies":"3 Cultists","floor":31,"turns":4},{"damage":22,"enemies":"Automaton","floor":33,"turns":6}],"seed_played":"6798203028171738172","potions_obtained":[{"floor":1,"key":"Regen Potion"},{"floor":6,"key":"SteroidPotion"},{"floor":8,"key":"Dexterity Potion"},{"floor":16,"key":"PowerPotion"},{"floor":20,"key":"AttackPotion"},{"floor":24,"key":"DistilledChaos"}],"is_trial":false,"path_per_floor":["M","M","?","M","M","E","R","E","T","R","M","R","?","M","R","B",null,"M","?","M","M","M","R","E","R","T","M","M","$","E","M","R","B"],"character_chosen":"THE_DEFAULT","items_purchased":["Incense Burner"],"campfire_rested":0,"item_purchase_floors":[29],"current_hp_per_floor":[49,46,29,29,28,31,31,32,32,32,32,32,32,30,30,17,80,80,72,56,44,34,34,20,20,20,17,15,15,9,9,18,0,0],"gold":397,"neow_bonus":"RANDOM_COLORLESS_2","is_daily":false,"chose_seed":false,"campfire_upgraded":7,"win_rate":0.0,"timestamp":1611226257,"path_taken":["M","M","?","M","M","E","R","E","T","R","M","R","?","M","R","BOSS","M","?","M","M","M","R","E","R","T","M","M","$","E","M","R","BOSS"],"items_purchased_type":["Relic"],"build_version":"2020-12-22","purchased_purges":1,"victory":false,"max_hp_per_floor":[70,70,70,70,70,70,70,80,80,80,80,80,80,80,80,80,80,80,80,80,80,80,80,80,80,80,80,80,80,80,80,80,80,80],"card_choices":[{"not_picked":["Secret Technique","Chrysalis"],"picked":"Sadistic Nature","floor":0},{"not_picked":["theMarked:WastefulDefense","theMarked:Parkour"],"picked":"theMarked:ResourceFulStrike","floor":1},{"not_picked":["theMarked:TwofoldDefense","theMarked:TunnelVision"],"picked":"theMarked:WardOff","floor":2},{"not_picked":["theMarked:GodGivenPower","theMarked:StartUp"],"picked":"theMarked:SelfDefenseTraining","floor":4},{"not_picked":["theMarked:ChainLightning","theMarked:ElectricStrings"],"picked":"theMarked:SwordAndMagic","floor":5},{"not_picked":["theMarked:WastefulAttack","theMarked:ContemptForTheProud"],"picked":"theMarked:ParalyzingBlade","floor":6},{"not_picked":["theMarked:ReduceFriction","theMarked:Indomitable","theMarked:ChainLightning"],"picked":"SKIP","floor":8},{"not_picked":["theMarked:Electrify","theMarked:HeightenedSenses","theMarked:Standoff"],"picked":"SKIP","floor":11},{"not_picked":["theMarked:TunnelVision","theMarked:Parkour"],"picked":"theMarked:HeritageOfTheMarked","floor":14},{"not_picked":["theMarked:Parry","theMarked:TakeCover","theMarked:RepellingDischarge"],"picked":"SKIP","floor":18},{"not_picked":["theMarked:ReduceFriction+1","theMarked:TwofoldDefense"],"picked":"theMarked:WardOff","floor":20},{"not_picked":["theMarked:GodGivenPower+1","theMarked:ChainLightning+1","theMarked:MysticalArsenal"],"picked":"SKIP","floor":21},{"not_picked":["theMarked:HeritageOfTheMarked","theMarked:Standoff"],"picked":"theMarked:WardOff","floor":22},{"not_picked":["theMarked:HeightenedSenses+1","theMarked:Vacuum"],"picked":"theMarked:DeterminationOfTheMarked","floor":24},{"not_picked":["theMarked:Frustration","theMarked:Aftermath+1","theMarked:EmpowerWeapon"],"picked":"SKIP","floor":27},{"not_picked":["theMarked:ContemptForTheProud+1","theMarked:ComboAttacks","theMarked:Parkour"],"picked":"SKIP","floor":28},{"not_picked":["theMarked:Aftermath","theMarked:UnarmedFury","theMarked:Electrocute"],"picked":"SKIP","floor":30},{"not_picked":["theMarked:Aftermath","theMarked:EmpowerWeapon","theMarked:ReduceFriction"],"picked":"SKIP","floor":31}],"player_experience":407463,"relics_obtained":[{"floor":6,"key":"Ornamental Fan"},{"floor":8,"key":"Pear"},{"floor":9,"key":"Boot"},{"floor":24,"key":"Orichalcum"},{"floor":26,"key":"Bronze Scales"},{"floor":30,"key":"Eternal Feather"}],"event_choices":[{"damage_healed":0,"gold_gain":0,"player_choice":"Take Damage","damage_taken":17,"relics_obtained":["Golden Idol"],"max_hp_gain":0,"max_hp_loss":0,"event_name":"Golden Idol","floor":3,"gold_loss":0},{"cards_removed":["theMarked:Defend"],"damage_healed":0,"gold_gain":0,"player_choice":"Forget","damage_taken":0,"max_hp_gain":0,"max_hp_loss":0,"event_name":"Living Wall","floor":13,"gold_loss":0},{"damage_healed":0,"gold_gain":75,"player_choice":"Touch","damage_taken":8,"max_hp_gain":0,"max_hp_loss":0,"event_name":"FaceTrader","floor":19,"gold_loss":0}],"is_beta":false,"boss_relics":[{"not_picked":["Ectoplasm","Tiny House"],"picked":"theMarked:BronzeBlade"}],"items_purged_floors":[29],"is_endless":false,"potions_floor_spawned":[1,6,8,16,20,24,28],"killed_by":"Automaton","ascension_level":1}}