{"host":"zxd2l8an9de7z7b9","time":1611230716,"event":{"mods":["100% Spire Juice","2.2 Compatiblity","Arknights The Spire","BaseMod","CapriCore","Colored Map","Colored Powertips","GungeonMod","Minty Spire (QoL Compilation)","Rare Cards Sparkle","Replay The Spire","StSLib","SuperFastMode"],"gold_per_floor":[110,110,129,54,72,72,89,89,162,162,173,193,22,87,87,182,182,195,195,195,210,222,222,222],"floor_reached":23,"language":"KOR","playtime":1075,"items_purged":["DemoMod:Defend_Huntress","DemoMod:Strike_Huntress"],"score":183,"play_id":"c467b92a-b138-4a41-8383-1debb8878a0a","local_time":"20210121210516","is_ascension_mode":false,"campfire_choices":[{"data":"DemoMod:PotionOfGunFriendShip","floor":6.0,"key":"SMITH"},{"data":"DemoMod:HungryBullets","floor":10.0,"key":"SMITH"},{"data":"DemoMod:SkilledReload","floor":15.0,"key":"SMITH"}],"circlet_count":0,"master_deck":["DemoMod:Strike_Huntress","DemoMod:Defend_Huntress","DemoMod:Defend_Huntress","DemoMod:Defend_Huntress","DemoMod:Roll","DemoMod:ManualReload+1","DemoMod:RustySidearm","DemoMod:CrossBow","DemoMod:PotionOfGunFriendShip+1","DemoMod:ProbeStrike+1","DemoMod:HuntsMan","DemoMod:GunstockTap","DemoMod:HungryBullets+1","DemoMod:SpreadAmmo","DemoMod:Slinger","DemoMod:SkilledReload+1","DemoMod:HighKaliber","DemoMod:DoubleSwitch","DemoMod:Gungine","DemoMod:SpreadAmmo","Voices","DemoMod:ChanceBullets","DemoMod:HardPowerCard"],"relics":["DemoMod:Dog","Iron Hammer","Pear","Black Star","Peace Pipe"],"acts_visited":["Exordium","TheCity"],"potions_floor_usage":[23],"damage_taken":[{"damage":7.0,"enemies":"2 Louse","floor":1.0,"turns":2.0},{"damage":5.0,"enemies":"Small Slimes","floor":3.0,"turns":5.0},{"damage":0.0,"enemies":"Cultist","floor":5.0,"turns":2.0},{"damage":5.0,"enemies":"Blue Slaver","floor":7.0,"turns":4.0},{"damage":9.0,"enemies":"Gremlin Gang","floor":11.0,"turns":5.0},{"damage":0.0,"enemies":"3 Louse","floor":12.0,"turns":3.0},{"damage":4.0,"enemies":"3 Sentries","floor":14.0,"turns":8.0},{"damage":25.0,"enemies":"The Guardian","floor":16.0,"turns":9.0},{"damage":28,"enemies":"2 Thieves","floor":18,"turns":4},{"damage":0,"enemies":"3 Byrds","floor":21,"turns":6},{"damage":20,"enemies":"Snake Plant","floor":22,"turns":4},{"damage":20,"enemies":"Book of Stabbing","floor":23,"turns":5}],"seed_played":"40444868015676412","potions_obtained":[{"floor":3.0,"key":"ColorlessPotion"},{"floor":5.0,"key":"SpeedPotion"},{"floor":7.0,"key":"Energy Potion"},{"floor":14.0,"key":"Languid Potion"},{"floor":22,"key":"Languid Potion"}],"is_trial":false,"path_per_floor":["M","?","M","$","M","R","M","?","T","R","M","M","$","?","R","B",null,"M","?","?","M","M","E"],"character_chosen":"HUNTRESS","items_purchased":["DemoMod:SkilledReload"],"campfire_rested":0,"item_purchase_floors":[13],"current_hp_per_floor":[63,56,51,51,51,51,46,46,46,46,37,37,37,43,43,18,75,47,47,47,47,27,7,7],"gold":222,"neow_bonus":"UPGRADE_CARD","is_daily":false,"chose_seed":false,"campfire_upgraded":3,"win_rate":0.0,"timestamp":1611230716,"path_taken":["M","?","M","$","M","R","M","?","T","R","M","M","$","?","R","BOSS","M","?","?","M","M","E"],"items_purchased_type":["Card"],"build_version":"2020-12-22","purchased_purges":2,"victory":false,"max_hp_per_floor":[70,70,70,70,70,70,70,65,65,65,65,65,65,75,75,75,75,75,75,75,75,75,75,75],"card_choices":[{"not_picked":["DemoMod:Unmoved","DemoMod:HighKaliber"],"picked":"DemoMod:PotionOfGunFriendShip","floor":1.0},{"not_picked":["DemoMod:SniperShot","DemoMod:Unmoved"],"picked":"DemoMod:ProbeStrike","floor":3.0},{"not_picked":["DemoMod:DirectionalPad","DemoMod:FeignSurrender"],"picked":"DemoMod:HuntsMan","floor":5.0},{"not_picked":["DemoMod:SniperShot","DemoMod:Camera"],"picked":"DemoMod:GunstockTap","floor":5.0},{"not_picked":["DemoMod:SniperShot","DemoMod:TeaPot"],"picked":"DemoMod:HungryBullets","floor":7.0},{"not_picked":["DemoMod:DirectionalPad","DemoMod:FastSwitch"],"picked":"DemoMod:Slinger","floor":11.0},{"not_picked":["DemoMod:TableSutra","DemoMod:Ejector","DemoMod:AWP"],"picked":"SKIP","floor":12.0},{"not_picked":["DemoMod:SpreadAmmo","DemoMod:AbyssalTentacle"],"picked":"DemoMod:HighKaliber","floor":14.0},{"not_picked":["DemoMod:FastSwitch","DemoMod:Ejector"],"picked":"DemoMod:DoubleSwitch","floor":14.0},{"not_picked":["DemoMod:BSG","DemoMod:BlankBullets"],"picked":"DemoMod:Gungine","floor":16.0},{"not_picked":["DemoMod:JK47","DemoMod:Rummage"],"picked":"DemoMod:SpreadAmmo","floor":18},{"not_picked":["DemoMod:Unmoved","DemoMod:HungryBullets"],"picked":"DemoMod:ChanceBullets","floor":21},{"not_picked":["DemoMod:Unmoved","DemoMod:ConditionalReflex"],"picked":"DemoMod:HardPowerCard","floor":22}],"player_experience":353253,"relics_obtained":[{"floor":9.0,"key":"Iron Hammer"},{"floor":14.0,"key":"Pear"}],"event_choices":[{"cards_removed":["DemoMod:Strike_Huntress"],"damage_healed":0.0,"max_hp_gain":0.0,"max_hp_loss":0.0,"gold_gain":0.0,"event_name":"Golden Wing","player_choice":"Card Removal","floor":2.0,"gold_loss":0.0,"damage_taken":7.0},{"damage_healed":0.0,"max_hp_gain":0.0,"max_hp_loss":0.0,"gold_gain":0.0,"event_name":"Dead Adventurer","player_choice":"Searched \u00272\u0027 times","floor":14.0,"gold_loss":0.0,"damage_taken":0.0},{"damage_healed":0,"gold_gain":0,"player_choice":"Upgraded","damage_taken":0,"max_hp_gain":0,"max_hp_loss":0,"event_name":"Upgrade Shrine","floor":20,"gold_loss":0,"cards_upgraded":["DemoMod:ProbeStrike"]}],"is_beta":false,"boss_relics":[{"not_picked":["Calling Bell","ReplayTheSpireMod:DimensionalGlitch"],"picked":"Black Star"}],"items_purged_floors":[4,13],"is_endless":false,"potions_floor_spawned":[3,5,7,14,22],"killed_by":"Book of Stabbing","ascension_level":0}}