{"host":"xvcswx52z80fmg13","time":1611264597,"event":{"mods":["BaseMod","Colored Map","Colored Powertips","Highlight Path","Minty Spire (QoL Compilation)"],"gold_per_floor":[115,133,145,160,160,188,87,87,87,114,114,133,159,159,159,159,159],"floor_reached":16,"language":"ENG","playtime":1099,"items_purged":["Strike_R"],"score":120,"play_id":"77d8a971-631d-4671-8eee-a84509f2dca2","local_time":"20210121172957","is_ascension_mode":false,"campfire_choices":[{"floor":15,"key":"REST"}],"circlet_count":0,"master_deck":["Strike_R","Strike_R","Strike_R","Defend_R","Defend_R+1","Defend_R","Defend_R","Bash","Iron Wave","Flame Barrier","Armaments","Iron Wave","Shrug It Off+1","Combust"],"relics":["Burning Blood","WingedGreaves","Mummified Hand","Ancient Tea Set","Singing Bowl","Tiny Chest","Letter Opener"],"acts_visited":["Exordium"],"potions_floor_usage":[10,13,13],"damage_taken":[{"damage":2,"enemies":"2 Louse","floor":1,"turns":5},{"damage":5,"enemies":"Small Slimes","floor":2,"turns":4},{"damage":1,"enemies":"Cultist","floor":3,"turns":4},{"damage":10,"enemies":"Looter","floor":4,"turns":4},{"damage":35,"enemies":"Gremlin Nob","floor":6,"turns":5},{"damage":6,"enemies":"3 Sentries","floor":10,"turns":10},{"damage":0,"enemies":"Exordium Wildlife","floor":12,"turns":7},{"damage":45,"enemies":"Gremlin Nob","floor":13,"turns":6},{"damage":33,"enemies":"The Guardian","floor":16,"turns":9}],"seed_played":"-4644830329988703553","potions_obtained":[{"floor":4,"key":"Explosive Potion"},{"floor":6,"key":"ElixirPotion"},{"floor":10,"key":"BloodPotion"}],"is_trial":false,"path_per_floor":["M","M","M","M","?","E","$","?","T","E","?","M","E","?","R","B"],"character_chosen":"IRONCLAD","items_purchased":["Shrug It Off"],"campfire_rested":1,"item_purchase_floors":[7],"current_hp_per_floor":[72,72,72,68,68,39,39,39,39,41,26,32,9,9,31,0,0],"gold":159,"neow_bonus":"ONE_RARE_RELIC","is_daily":false,"chose_seed":false,"campfire_upgraded":0,"win_rate":0.0,"timestamp":1611264597,"path_taken":["M","M","M","M","?","E","$","?","T","E","?","M","E","?","R","BOSS"],"items_purchased_type":["Card"],"build_version":"2020-12-22","purchased_purges":1,"victory":false,"max_hp_per_floor":[72,72,72,72,72,72,72,72,72,74,74,74,76,76,76,76,76],"card_choices":[{"not_picked":["True Grit","Infernal Blade"],"picked":"Iron Wave","floor":1},{"not_picked":["Sever Soul","True Grit","Wild Strike"],"picked":"SKIP","floor":2},{"not_picked":["Perfected Strike","Reckless Charge"],"picked":"Flame Barrier","floor":3},{"not_picked":["Pommel Strike","Headbutt"],"picked":"Armaments","floor":4},{"not_picked":["Havoc","Shrug It Off"],"picked":"Iron Wave","floor":6},{"not_picked":["Impervious","Entrench","Iron Wave"],"picked":"Singing Bowl","floor":10},{"not_picked":["Sentinel","Twin Strike"],"picked":"Combust","floor":12},{"not_picked":["Entrench","Dark Embrace","Heavy Blade"],"picked":"Singing Bowl","floor":13}],"player_experience":1283844,"relics_obtained":[{"floor":6,"key":"Ancient Tea Set"},{"floor":9,"key":"Singing Bowl"},{"floor":10,"key":"Tiny Chest"},{"floor":13,"key":"Letter Opener"}],"event_choices":[{"damage_healed":0,"gold_gain":0,"player_choice":"Box","damage_taken":0,"relics_obtained":["Mummified Hand"],"max_hp_gain":0,"max_hp_loss":0,"event_name":"Big Fish","floor":5,"gold_loss":0,"cards_obtained":["Regret"]},{"cards_removed":["Regret"],"damage_healed":0,"gold_gain":0,"player_choice":"Forget","damage_taken":0,"max_hp_gain":0,"max_hp_loss":0,"event_name":"Living Wall","floor":8,"gold_loss":0},{"damage_healed":0,"gold_gain":0,"player_choice":"Entered Light","damage_taken":15,"max_hp_gain":0,"max_hp_loss":0,"event_name":"Shining Light","floor":11,"gold_loss":0,"cards_upgraded":["Defend_R","Shrug It Off"]},{"cards_removed":["Strike_R"],"damage_healed":0,"gold_gain":0,"player_choice":"Purged","damage_taken":0,"max_hp_gain":0,"max_hp_loss":0,"event_name":"Purifier","floor":14,"gold_loss":0}],"is_beta":false,"boss_relics":[],"items_purged_floors":[7],"is_endless":false,"potions_floor_spawned":[4,6,10],"killed_by":"The Guardian","ascension_level":0}}