{"host":"8dhn6p16jorj0i1s","time":1611265971,"event":{"mods":["BaseMod","Colored Map","DeckTracker","Minty Spire (QoL Compilation)","Permanent Neow","Quick Restart"],"gold_per_floor":[117,117,19,31,41,67,84,113,186,219,119,152,27,42,42,141,141,157,168,181,101,115,144,144,175,175,175,204,86,86,105,105,200,200,216,233,233,247,85,110,122,150,243,255,267,311,323,335,347,359,371,383,3,37,37,37],"floor_reached":55,"language":"ENG","playtime":3499,"items_purged":["Strike_G","Defend_G","Defend_G","Doubt"],"score":1260,"play_id":"53e4fc44-d39c-4d3a-9fad-816d582d3947","local_time":"20210121225251","is_ascension_mode":true,"campfire_choices":[{"data":"Infinite Blades","floor":15.0,"key":"SMITH"},{"data":"Blade Dance","floor":27.0,"key":"SMITH"},{"data":"Finisher","floor":32.0,"key":"SMITH"},{"data":"After Image","floor":41.0,"key":"SMITH"},{"data":"Catalyst","floor":44,"key":"SMITH"},{"data":"A Thousand Cuts","floor":47,"key":"SMITH"},{"floor":49,"key":"RECALL"},{"data":"Noxious Fumes","floor":52,"key":"SMITH"}],"circlet_count":0,"master_deck":["Strike_G","Strike_G","Strike_G","Defend_G","Defend_G","Defend_G","Survivor","Neutralize","Well Laid Plans","Dash","Blade Dance+1","Accuracy","Cloak And Dagger+1","Finisher+1","Endless Agony","Night Terror","Infinite Blades+1","Blade Dance","Corpse Explosion","Blade Dance+1","Finisher","Expertise","Noxious Fumes+1","Catalyst+1","After Image+1","Acrobatics+1","PiercingWail","Panache","Accuracy+1","Catalyst+1","A Thousand Cuts+1","Storm of Steel","Acrobatics","Catalyst+1"],"relics":["WristBlade","StrikeDummy","Turnip","HornCleat","Pen Nib","Omamori","Cursed Key","Vajra","Ninja Scroll","Ornamental Fan","Snake Skull","MutagenicStrength","Coffee Dripper","MawBank","Boot","Bird Faced Urn","Tingsha"],"acts_visited":["Exordium","TheCity","TheBeyond","TheEnding"],"potions_floor_usage":[46,50,54,55],"damage_taken":[{"damage":0.0,"enemies":"2 Louse","floor":1.0,"turns":3.0},{"damage":0.0,"enemies":"Cultist","floor":4.0,"turns":3.0},{"damage":2.0,"enemies":"Jaw Worm","floor":5.0,"turns":3.0},{"damage":18.0,"enemies":"Lagavulin","floor":6.0,"turns":6.0},{"damage":1.0,"enemies":"Exordium Thugs","floor":7.0,"turns":3.0},{"damage":2.0,"enemies":"Gremlin Nob","floor":8.0,"turns":3.0},{"damage":0.0,"enemies":"Lagavulin","floor":10.0,"turns":4.0},{"damage":0.0,"enemies":"Gremlin Nob","floor":12.0,"turns":3.0},{"damage":0.0,"enemies":"2 Fungi Beasts","floor":14.0,"turns":3.0},{"damage":8.0,"enemies":"Hexaghost","floor":16.0,"turns":5.0},{"damage":4.0,"enemies":"3 Byrds","floor":18.0,"turns":3.0},{"damage":0.0,"enemies":"Spheric Guardian","floor":19.0,"turns":2.0},{"damage":0.0,"enemies":"Snecko","floor":20.0,"turns":3.0},{"damage":3.0,"enemies":"Centurion and Healer","floor":22.0,"turns":3.0},{"damage":10.0,"enemies":"Book of Stabbing","floor":23.0,"turns":3.0},{"damage":0.0,"enemies":"Gremlin Leader","floor":25.0,"turns":2.0},{"damage":0.0,"enemies":"Slavers","floor":28.0,"turns":2.0},{"damage":0.0,"enemies":"Snake Plant","floor":31.0,"turns":2.0},{"damage":0.0,"enemies":"Collector","floor":33.0,"turns":1.0},{"damage":0.0,"enemies":"3 Darklings","floor":35.0,"turns":1.0},{"damage":0.0,"enemies":"3 Shapes","floor":36.0,"turns":4.0},{"damage":4.0,"enemies":"Writhing Mass","floor":38.0,"turns":2.0},{"damage":2.0,"enemies":"Giant Head","floor":40.0,"turns":5.0},{"damage":0.0,"enemies":"Jaw Worm Horde","floor":42.0,"turns":2.0},{"damage":0,"enemies":"Reptomancer","floor":46,"turns":2},{"damage":16,"enemies":"Donu and Deca","floor":50,"turns":5},{"damage":0,"enemies":"Shield and Spear","floor":54,"turns":2},{"damage":103,"enemies":"The Heart","floor":55,"turns":6}],"seed_played":"-8889251246785053701","potions_obtained":[{"floor":8.0,"key":"Dexterity Potion"},{"floor":10.0,"key":"Fire Potion"},{"floor":14.0,"key":"SkillPotion"},{"floor":16.0,"key":"Fire Potion"},{"floor":23.0,"key":"Dexterity Potion"},{"floor":25.0,"key":"SneckoOil"},{"floor":28.0,"key":"LiquidMemories"},{"floor":36.0,"key":"Poison Potion"},{"floor":37.0,"key":"FairyPotion"},{"floor":37.0,"key":"PowerPotion"},{"floor":38.0,"key":"PowerPotion"},{"floor":46,"key":"SkillPotion"}],"is_trial":false,"path_per_floor":["M","?","$","M","M","E","M","E","T","E","$","E","$","M","R","B",null,"M","M","M","$","M","E","?","E","T","R","E","$","?","M","R","B",null,"M","M","?","M","$","E","R","M","T","R","?","E","R","T","R","B",null,"R","$","E","B"],"character_chosen":"THE_SILENT","items_purchased":["Blade Dance","Finisher","Noxious Fumes","Catalyst","Panache","Storm of Steel","Acrobatics","SteroidPotion"],"campfire_rested":0,"item_purchase_floors":[3,21,29,29,39,53,53,53],"current_hp_per_floor":[70,70,70,70,68,50,49,47,47,47,47,47,47,47,47,39,62,58,58,58,58,55,45,45,45,45,45,45,45,45,45,45,45,64,64,64,64,60,60,58,58,58,58,58,58,58,58,58,58,54,66,66,66,70,0,0],"gold":37,"neow_bonus":"BOSS_RELIC","is_daily":false,"chose_seed":false,"campfire_upgraded":7,"win_rate":0.0,"timestamp":1611265971,"path_taken":["M","?","$","M","M","E","?","E","T","E","$","E","$","M","R","BOSS","M","M","M","$","M","E","?","E","T","R","E","?","?","M","R","BOSS","M","M","?","?","$","E","R","?","T","R","?","E","R","?","R","BOSS","R","$","E","BOSS"],"items_purchased_type":["Card","Card","Card","Card","Card","Card","Card","Potion"],"build_version":"2020-12-22","purchased_purges":4,"victory":false,"max_hp_per_floor":[70,70,70,70,70,70,70,70,70,70,70,70,70,70,70,70,70,70,70,70,70,70,70,70,70,70,70,70,70,70,70,70,70,70,70,70,70,70,70,70,70,70,70,70,70,70,70,70,70,70,70,70,70,70,70,70],"card_choices":[{"not_picked":["Sucker Punch","Calculated Gamble"],"picked":"Well Laid Plans","floor":1.0},{"not_picked":["Blade Dance","Deflect"],"picked":"Accuracy","floor":4.0},{"not_picked":["Escape Plan","Slice"],"picked":"Cloak And Dagger","floor":5.0},{"not_picked":["Deflect","Skewer"],"picked":"Finisher","floor":6.0},{"not_picked":["Flying Knee","Slice"],"picked":"Endless Agony","floor":7.0},{"not_picked":["Riddle With Holes","Prepared"],"picked":"Night Terror","floor":8.0},{"not_picked":["Deflect","Cloak And Dagger","Dagger Throw"],"picked":"SKIP","floor":10.0},{"not_picked":["Calculated Gamble","Leg Sweep"],"picked":"Infinite Blades","floor":12.0},{"not_picked":["Acrobatics","Dagger Throw"],"picked":"Blade Dance","floor":14.0},{"not_picked":["Die Die Die","Glass Knife"],"picked":"Corpse Explosion","floor":16.0},{"not_picked":["Flying Knee","Dodge and Roll","Sucker Punch"],"picked":"SKIP","floor":18.0},{"not_picked":["Dagger Throw","Calculated Gamble","Catalyst"],"picked":"SKIP","floor":19.0},{"not_picked":["Backstab+1","Dodge and Roll"],"picked":"Blade Dance+1","floor":20.0},{"not_picked":["Poisoned Stab","Sucker Punch","Slice"],"picked":"SKIP","floor":22.0},{"not_picked":["Malaise","Blur+1","Caltrops"],"picked":"SKIP","floor":23.0},{"not_picked":["Sucker Punch","Escape Plan","Prepared"],"picked":"SKIP","floor":25.0},{"not_picked":["Prepared","Bane"],"picked":"Expertise","floor":28.0},{"not_picked":["Deflect","Underhanded Strike","Reflex"],"picked":"SKIP","floor":31.0},{"not_picked":["Tools of the Trade","Glass Knife"],"picked":"After Image","floor":33.0},{"not_picked":["Footwork+1","Bane+1"],"picked":"Acrobatics+1","floor":35.0},{"not_picked":["Dagger Throw","Slice"],"picked":"PiercingWail","floor":36.0},{"not_picked":["Blade Dance","Reflex","Sucker Punch+1"],"picked":"SKIP","floor":38.0},{"not_picked":["Dodge and Roll","All Out Attack"],"picked":"Accuracy+1","floor":40.0},{"not_picked":["Outmaneuver+1","Quick Slash"],"picked":"Catalyst+1","floor":42.0},{"not_picked":["Bane+1","Underhanded Strike+1"],"picked":"A Thousand Cuts","floor":46},{"not_picked":["Acrobatics+1","Underhanded Strike+1"],"picked":"Catalyst+1","floor":54}],"player_experience":433611,"relics_obtained":[{"floor":6.0,"key":"StrikeDummy"},{"floor":8.0,"key":"Turnip"},{"floor":9.0,"key":"HornCleat"},{"floor":10.0,"key":"Pen Nib"},{"floor":12.0,"key":"Omamori"},{"floor":23.0,"key":"Vajra"},{"floor":25.0,"key":"Ninja Scroll"},{"floor":26.0,"key":"Ornamental Fan"},{"floor":28.0,"key":"Snake Skull"},{"floor":40.0,"key":"MawBank"},{"floor":46,"key":"Boot"},{"floor":48,"key":"Bird Faced Urn"},{"floor":54,"key":"Tingsha"}],"event_choices":[{"damage_healed":0.0,"max_hp_gain":0.0,"max_hp_loss":0.0,"gold_gain":0.0,"cards_transformed":["Strike_G"],"event_name":"Transmorgrifier","player_choice":"Transformed","floor":2.0,"gold_loss":0.0,"damage_taken":0.0,"cards_obtained":["Dash"]},{"damage_healed":0.0,"max_hp_gain":0.0,"max_hp_loss":0.0,"gold_gain":0.0,"event_name":"Upgrade Shrine","player_choice":"Upgraded","floor":24.0,"gold_loss":0.0,"damage_taken":0.0,"cards_upgraded":["Cloak And Dagger"]},{"damage_healed":0.0,"max_hp_gain":0.0,"max_hp_loss":0.0,"gold_gain":0.0,"event_name":"Drug Dealer","player_choice":"Inject Mutagens","floor":30.0,"gold_loss":0.0,"damage_taken":0.0,"relics_obtained":["MutagenicStrength"]},{"damage_healed":0.0,"max_hp_gain":0.0,"max_hp_loss":0.0,"gold_gain":0.0,"event_name":"Lab","player_choice":"Got Potions","floor":37.0,"gold_loss":0.0,"damage_taken":0.0},{"damage_healed":0,"gold_gain":0,"player_choice":"Memory 1","damage_taken":0,"max_hp_gain":0,"max_hp_loss":0,"event_name":"SensoryStone","floor":45,"gold_loss":0}],"is_beta":false,"boss_relics":[{"not_picked":["Fusion Hammer","Busted Crown"],"picked":"Cursed Key"},{"not_picked":["Astrolabe","SacredBark"],"picked":"Coffee Dripper"}],"items_purged_floors":[3,11,13,53],"is_endless":false,"potions_floor_spawned":[8,10,14,16,20,23,25,28,36,38,46],"killed_by":"The Heart","ascension_level":5}}