{"host":"k1zte7p040j04785","time":1611257600,"event":{"mods":["AchievementEnabler","BaseMod","Googly Eyes","Hermit","Minty Spire (QoL Compilation)","StSLib","The Cursed"],"gold_per_floor":[114,389,402,414,41,76,91,91,91,166,182,182,182,194,194,299,299,314,333,333,8,8,8],"floor_reached":22,"language":"RUS","playtime":1358,"items_purged":[],"score":185,"play_id":"91b88875-fbf7-4257-b6d7-7ba16c586db7","local_time":"20210121223320","is_ascension_mode":false,"campfire_choices":[{"floor":8,"key":"REST"},{"floor":12,"key":"REST"},{"data":"Demon Form","floor":15,"key":"SMITH"}],"circlet_count":0,"master_deck":["Bash","Carnage","Pommel Strike","Clash","Demon Form+1","Pummel","Flex","Wild Strike","Anger","Corruption","Sever Soul","Disarm","Infernal Blade","Brutality","Dark Embrace","Power Through","Warcry","Iron Wave","Infernal Blade","Wild Strike+1","Searing Blow","Blood for Blood+1"],"relics":["Burning Blood","StoneCalendar","Shuriken","Incense Burner","Gremlin Horn","Spirit Poop","Pandora\u0027s Box","Molten Egg 2"],"acts_visited":["Exordium","TheCity"],"potions_floor_usage":[],"damage_taken":[{"damage":6,"enemies":"2 Louse","floor":1,"turns":3},{"damage":4,"enemies":"Cultist","floor":3,"turns":3},{"damage":4,"enemies":"Jaw Worm","floor":4,"turns":3},{"damage":16,"enemies":"Gremlin Nob","floor":6,"turns":4},{"damage":18,"enemies":"3 Louse","floor":7,"turns":3},{"damage":18,"enemies":"Gremlin Gang","floor":11,"turns":5},{"damage":0,"enemies":"2 Fungi Beasts","floor":14,"turns":2},{"damage":20,"enemies":"The Guardian","floor":16,"turns":6},{"damage":22,"enemies":"Shell Parasite","floor":18,"turns":4},{"damage":23,"enemies":"Chosen","floor":19,"turns":4},{"damage":32,"enemies":"Shelled Parasite and Fungi","floor":22,"turns":3}],"seed_played":"4112531653679392238","potions_obtained":[{"floor":3,"key":"Energy Potion"},{"floor":6,"key":"Swift Potion"},{"floor":7,"key":"ColorlessPotion"},{"floor":16,"key":"AttackPotion"}],"is_trial":false,"path_per_floor":["M","?","M","M","$","E","M","R","T","?","M","R","?","M","R","B",null,"M","M","?","$","M"],"character_chosen":"IRONCLAD","items_purchased":["Shuriken","Demon Form","Molten Egg 2","Blood for Blood+1"],"campfire_rested":2,"item_purchase_floors":[5,5,21,21],"current_hp_per_floor":[72,72,72,72,72,62,50,71,71,60,48,69,69,72,72,58,72,56,39,26,26,0,0],"gold":8,"neow_bonus":"ONE_RARE_RELIC","is_daily":false,"chose_seed":false,"campfire_upgraded":1,"win_rate":0.0,"timestamp":1611257600,"path_taken":["M","?","?","M","$","E","M","R","T","?","M","R","?","M","R","BOSS","M","?","?","$","M"],"items_purchased_type":["Relic","Card","Relic","Card"],"build_version":"2020-12-22","purchased_purges":0,"victory":false,"max_hp_per_floor":[72,72,72,72,72,72,72,72,72,72,72,72,72,72,72,72,72,72,72,77,77,77,77],"card_choices":[{"not_picked":["Perfected Strike","Intimidate"],"picked":"Carnage","floor":1},{"not_picked":["Anger","Iron Wave"],"picked":"Pommel Strike","floor":3},{"not_picked":["Iron Wave","Twin Strike"],"picked":"Clash","floor":4},{"not_picked":["Burning Pact","Heavy Blade"],"picked":"Pummel","floor":6},{"not_picked":["Power Through","Headbutt"],"picked":"Flex","floor":7},{"not_picked":["Ghostly Armor","Shrug It Off"],"picked":"Wild Strike","floor":11},{"not_picked":["Disarm","Power Through"],"picked":"Anger","floor":14},{"not_picked":["Barricade","Brutality"],"picked":"Corruption","floor":16},{"not_picked":["Headbutt","True Grit"],"picked":"Wild Strike+1","floor":18},{"not_picked":["Berserk","Ghostly Armor"],"picked":"Searing Blow","floor":19}],"player_experience":81559,"relics_obtained":[{"floor":6,"key":"Incense Burner"},{"floor":9,"key":"Gremlin Horn"}],"event_choices":[{"damage_healed":0,"gold_gain":275,"player_choice":"Desecrate","damage_taken":0,"max_hp_gain":0,"max_hp_loss":0,"event_name":"Golden Shrine","floor":2,"gold_loss":0,"cards_obtained":["Regret"]},{"damage_healed":0,"gold_gain":75,"player_choice":"Gather Gold","damage_taken":11,"max_hp_gain":0,"max_hp_loss":0,"event_name":"World of Goop","floor":10,"gold_loss":0},{"cards_removed":["Regret"],"damage_healed":0,"gold_gain":0,"player_choice":"Offered Curse","damage_taken":0,"relics_obtained":["Spirit Poop"],"max_hp_gain":0,"max_hp_loss":0,"event_name":"Bonfire Elementals","floor":13,"gold_loss":0},{"damage_healed":0,"gold_gain":0,"player_choice":"Shed Blood","damage_taken":18,"max_hp_gain":5,"max_hp_loss":0,"event_name":"Forgotten Altar","floor":20,"gold_loss":0}],"is_beta":false,"boss_relics":[{"not_picked":["Philosopher\u0027s Stone","Calling Bell"],"picked":"Pandora\u0027s Box"}],"items_purged_floors":[],"is_endless":false,"potions_floor_spawned":[3,6,7,16,18],"killed_by":"Shelled Parasite and Fungi","ascension_level":0}}