{"host":"xi8yg1ddhptuxb9d","time":1611246707,"event":{"mods":["AchievementEnabler","AlwaysNeverKeys","BaseMod","Block Reminder","Minty Spire (QoL Compilation)","Relic Sorter","StSLib"],"gold_per_floor":[114,114,132,151,170,202,219,141,168,168,168,200,200,229,229,302,302,322,338,338,51,51,51],"floor_reached":22,"language":"ENG","playtime":1235,"items_purged":[],"score":377,"play_id":"a7f004d9-d206-4d8b-b52e-d5917a1a8f4f","local_time":"20210121113146","is_ascension_mode":true,"campfire_choices":[{"floor":10.0,"key":"REST"},{"data":"Choke","floor":13.0,"key":"SMITH"},{"floor":15,"key":"REST"}],"circlet_count":0,"master_deck":["AscendersBane","Strike_G","Strike_G","Strike_G","Strike_G","Defend_G","Defend_G","Defend_G","Defend_G","Defend_G","Survivor","Neutralize","Blade Dance","Underhanded Strike","Underhanded Strike","Choke+1","Predator","Calculated Gamble+1","Quick Slash","PiercingWail+1","Tools of the Trade","Underhanded Strike","A Thousand Cuts"],"relics":["Snecko Eye","Toxic Egg 2","Oddly Smooth Stone","Meat on the Bone","PreservedInsect","Bronze Scales","Sozu","Nilry\u0027s Codex","Pantograph"],"acts_visited":["Exordium","TheCity"],"potions_floor_usage":[22],"damage_taken":[{"damage":6.0,"enemies":"2 Louse","floor":1.0,"turns":2.0},{"damage":26.0,"enemies":"Cultist","floor":3.0,"turns":6.0},{"damage":12.0,"enemies":"Jaw Worm","floor":4.0,"turns":3.0},{"damage":6.0,"enemies":"Looter","floor":5.0,"turns":3.0},{"damage":4.0,"enemies":"3 Sentries","floor":6.0,"turns":10.0},{"damage":0.0,"enemies":"2 Fungi Beasts","floor":7.0,"turns":3.0},{"damage":8.0,"enemies":"Gremlin Nob","floor":12.0,"turns":4.0},{"damage":12,"enemies":"3 Sentries","floor":14,"turns":6},{"damage":19,"enemies":"Hexaghost","floor":16,"turns":9},{"damage":11,"enemies":"Spheric Guardian","floor":18,"turns":3},{"damage":13,"enemies":"2 Thieves","floor":19,"turns":3},{"damage":17,"enemies":"3 Cultists","floor":22,"turns":4}],"seed_played":"2322206660942854716","potions_obtained":[{"floor":1.0,"key":"Ancient Potion"},{"floor":3.0,"key":"Swift Potion"},{"floor":4.0,"key":"LiquidMemories"},{"floor":16,"key":"Block Potion"}],"is_trial":false,"path_per_floor":["M","?","M","M","M","E","M","$","T","R","T","E","R","E","R","B",null,"M","M","?","$","M"],"character_chosen":"THE_SILENT","items_purchased":["Calculated Gamble+1","Pantograph"],"campfire_rested":2,"item_purchase_floors":[8,21],"current_hp_per_floor":[53,53,27,15,9,5,5,5,5,24,24,28,28,28,47,40,60,49,36,15,15,0,0],"gold":51,"neow_bonus":"BOSS_RELIC","is_daily":false,"chose_seed":false,"campfire_upgraded":1,"win_rate":0.0,"timestamp":1611246706,"path_taken":["M","?","M","M","?","E","M","?","T","R","?","E","R","E","R","BOSS","M","M","?","$","M"],"items_purchased_type":["Card","Relic"],"build_version":"2020-12-22","purchased_purges":0,"victory":false,"max_hp_per_floor":[66,66,66,66,66,66,66,66,66,66,66,66,66,66,66,66,66,66,66,66,66,66,66],"card_choices":[{"not_picked":["Distraction","Prepared","Blur"],"picked":"SKIP","floor":1.0},{"not_picked":["Backstab","Slice"],"picked":"Blade Dance","floor":3.0},{"not_picked":["Bane","Cloak And Dagger"],"picked":"Underhanded Strike","floor":4.0},{"not_picked":["Accuracy","Prepared"],"picked":"Underhanded Strike","floor":5.0},{"not_picked":["Noxious Fumes","Bane"],"picked":"Choke","floor":6.0},{"not_picked":["Sucker Punch","Reflex+1"],"picked":"Predator","floor":7.0},{"not_picked":["Caltrops","Deadly Poison+1"],"picked":"Quick Slash","floor":12.0},{"not_picked":["Blur+1","Setup+1"],"picked":"PiercingWail+1","floor":14},{"not_picked":["Adrenaline+1","Venomology+1"],"picked":"Tools of the Trade","floor":16},{"not_picked":["Poisoned Stab","Bane"],"picked":"Underhanded Strike","floor":18},{"not_picked":["Prepared+1","Deflect+1"],"picked":"A Thousand Cuts","floor":19}],"player_experience":657331,"relics_obtained":[{"floor":6.0,"key":"Toxic Egg 2"},{"floor":9.0,"key":"Oddly Smooth Stone"},{"floor":11.0,"key":"Meat on the Bone"},{"floor":12.0,"key":"PreservedInsect"},{"floor":14,"key":"Bronze Scales"},{"floor":20,"key":"Nilry\u0027s Codex"}],"event_choices":[{"cards_removed":["Strike_G"],"damage_healed":0.0,"max_hp_gain":0.0,"max_hp_loss":0.0,"gold_gain":0.0,"event_name":"Purifier","player_choice":"Purged","floor":2.0,"gold_loss":0.0,"damage_taken":0.0},{"damage_healed":0,"gold_gain":0,"player_choice":"Obtained Book","damage_taken":21,"max_hp_gain":0,"max_hp_loss":0,"event_name":"Cursed Tome","floor":20,"gold_loss":0}],"is_beta":false,"boss_relics":[{"not_picked":["Philosopher\u0027s Stone","SacredBark"],"picked":"Sozu"}],"items_purged_floors":[],"is_endless":false,"potions_floor_spawned":[1,3,4,16],"killed_by":"3 Cultists","ascension_level":17}}