{"host":"krw8blyxua7at9ak","time":1611269069,"event":{"mods":["BaseMod","Highlight Path","Minty Spire (QoL Compilation)","ojb\u0027s Info Mod"],"gold_per_floor":[118,138,138,153,153,184,234,234,234],"floor_reached":8,"language":"ENG","playtime":226,"items_purged":[],"score":112,"play_id":"bcf13bf1-ded0-40fe-9b2a-61110b008381","local_time":"20210121234429","is_ascension_mode":true,"campfire_choices":[],"circlet_count":0,"master_deck":["AscendersBane","Strike_G","Strike_G","Strike_G","Strike_G","Strike_G","Defend_G","Defend_G","Defend_G","Defend_G","Survivor","Neutralize","Cloak And Dagger","Deadly Poison","Underhanded Strike"],"relics":["Ring of the Snake","Bag of Marbles","Strawberry"],"acts_visited":["Exordium"],"potions_floor_usage":[],"damage_taken":[{"damage":0,"enemies":"2 Louse","floor":1,"turns":3},{"damage":2,"enemies":"Jaw Worm","floor":2,"turns":4},{"damage":1,"enemies":"Small Slimes","floor":4,"turns":3},{"damage":44,"enemies":"Lagavulin","floor":6,"turns":9},{"damage":0,"enemies":"3 Sentries","floor":8,"turns":2}],"seed_played":"5626776058017544507","potions_obtained":[{"floor":6,"key":"DuplicationPotion"}],"is_trial":false,"path_per_floor":["M","M","?","M","?","E","?","E"],"character_chosen":"THE_SILENT","items_purchased":[],"campfire_rested":0,"item_purchase_floors":[],"current_hp_per_floor":[59,57,50,49,49,12,12,12,12],"gold":234,"neow_bonus":"RANDOM_COMMON_RELIC","is_daily":false,"chose_seed":false,"campfire_upgraded":0,"win_rate":0.0,"timestamp":1611269069,"path_taken":["M","M","?","M","?","E","?","E"],"items_purchased_type":[],"build_version":"2020-12-22","purchased_purges":0,"victory":false,"max_hp_per_floor":[66,66,66,66,66,73,73,73,73],"card_choices":[{"not_picked":["Deflect","Prepared"],"picked":"Cloak And Dagger","floor":1},{"not_picked":["Outmaneuver","Deflect","Tactician"],"picked":"SKIP","floor":2},{"not_picked":["Deflect","Catalyst"],"picked":"Deadly Poison","floor":4},{"not_picked":["Slice","Acrobatics"],"picked":"Underhanded Strike","floor":6}],"player_experience":361665,"relics_obtained":[{"floor":6,"key":"Strawberry"}],"event_choices":[{"cards_removed":["Defend_G"],"damage_healed":0,"gold_gain":0,"player_choice":"Card Removal","damage_taken":7,"max_hp_gain":0,"max_hp_loss":0,"event_name":"Golden Wing","floor":3,"gold_loss":0},{"damage_healed":0,"gold_gain":0,"player_choice":"Ignored","damage_taken":0,"max_hp_gain":0,"max_hp_loss":0,"event_name":"Liars Game","floor":5,"gold_loss":0},{"damage_healed":0,"gold_gain":50,"player_choice":"Pray","damage_taken":0,"max_hp_gain":0,"max_hp_loss":0,"event_name":"Golden Shrine","floor":7,"gold_loss":0}],"is_beta":false,"boss_relics":[],"items_purged_floors":[],"is_endless":false,"potions_floor_spawned":[6],"killed_by":"3 Sentries","ascension_level":20}}