{"host":"3498uni0c31c9bdm","time":1611211204,"event":{"mods":["BaseMod","Better Third Choice","Minty Spire (QoL Compilation)","Replay The Spire","StSLib"],"gold_per_floor":[216,231,246,521,534,568,568,579,579,97,131,96,114,194,194,296,296,308,308,322,25,25,25],"floor_reached":22,"language":"ENG","playtime":818,"items_purged":["Regret","Pain"],"score":255,"play_id":"57250166-ed1b-4858-adfa-919c0b65613f","local_time":"20210121174004","is_ascension_mode":true,"campfire_choices":[{"floor":7,"key":"REST"},{"floor":15,"key":"REST"}],"circlet_count":0,"master_deck":["Strike_P","Strike_P","Strike_P","Strike_P","Defend_P","Defend_P","Defend_P","Defend_P","Eruption","Vigilance","FlurryOfBlows","WheelKick","ClearTheMind","Judgement","WaveOfTheHand","PathToVictory","Brilliance","Brilliance","Prostrate","Replay:Cycle","MentalFortress","BowlingBash","Alpha","PathToVictory","Perseverance","Wallop","Wallop"],"relics":["PureWater","ReplayTheSpireMod:Lightbulb","Oddly Smooth Stone","Mummified Hand","Strawberry","VioletLotus","WarpedTongs","Regal Pillow"],"acts_visited":["Exordium","TheCity"],"potions_floor_usage":[6,6,11],"damage_taken":[{"damage":0,"enemies":"Cultist","floor":1,"turns":3},{"damage":0,"enemies":"2 Louse","floor":2,"turns":2},{"damage":2,"enemies":"Jaw Worm","floor":3,"turns":2},{"damage":8,"enemies":"Looter","floor":5,"turns":4},{"damage":41,"enemies":"Lagavulin","floor":6,"turns":6},{"damage":4,"enemies":"Large Slime","floor":8,"turns":4},{"damage":37,"enemies":"3 Sentries","floor":11,"turns":6},{"damage":6,"enemies":"Exordium Thugs","floor":13,"turns":4},{"damage":24,"enemies":"The Guardian","floor":16,"turns":13},{"damage":0,"enemies":"Spheric Guardian","floor":18,"turns":1},{"damage":32,"enemies":"Chosen","floor":20,"turns":5},{"damage":41,"enemies":"Shelled Parasite and Fungi","floor":22,"turns":5}],"seed_played":"-6597151130375994026","potions_obtained":[{"floor":2,"key":"Regen Potion"},{"floor":3,"key":"FearPotion"},{"floor":6,"key":"SpeedPotion"},{"floor":16,"key":"Languid Potion"},{"floor":18,"key":"Elixir"},{"floor":20,"key":"Explosive Potion"}],"is_trial":false,"path_per_floor":["M","M","M","?","M","E","R","M","T","$","E","$","M","?","R","B",null,"M","?","M","$","M"],"character_chosen":"WATCHER","items_purchased":["Mummified Hand","Brilliance","Prostrate","MentalFortress","Regal Pillow","Wallop"],"campfire_rested":2,"item_purchase_floors":[10,10,10,12,21,21],"current_hp_per_floor":[65,65,63,63,55,29,50,46,46,46,16,16,10,10,33,9,62,62,62,30,30,0,0],"gold":25,"neow_bonus":"HUNDRED_GOLD","is_daily":false,"chose_seed":false,"campfire_upgraded":0,"win_rate":0.0,"timestamp":1611211204,"path_taken":["M","?","M","?","M","E","R","M","T","$","E","?","M","?","R","BOSS","M","?","?","$","M"],"items_purchased_type":["Relic","Card","Card","Card","Relic","Card"],"build_version":"2020-12-22","purchased_purges":2,"victory":false,"max_hp_per_floor":[72,72,72,72,72,72,72,72,72,72,79,79,79,79,79,79,79,79,79,79,79,79,79],"card_choices":[{"not_picked":["EmptyBody","BattleHymn"],"picked":"FlurryOfBlows","floor":1},{"not_picked":["Halt","FlurryOfBlows"],"picked":"WheelKick","floor":2},{"not_picked":["Replay:BluntJabs","JustLucky"],"picked":"ClearTheMind","floor":3},{"not_picked":["WreathOfFlame","FlurryOfBlows"],"picked":"Judgement","floor":5},{"not_picked":["Sanctity","Protect"],"picked":"WaveOfTheHand","floor":6},{"not_picked":["CarveReality","Halt"],"picked":"PathToVictory","floor":8},{"not_picked":["JustLucky","Meditate"],"picked":"Replay:Cycle","floor":11},{"not_picked":["FearNoEvil","Perseverance"],"picked":"BowlingBash","floor":13},{"not_picked":["ConjureBlade","DevaForm"],"picked":"Alpha","floor":16},{"not_picked":["EmptyBody","Adaptation"],"picked":"PathToVictory","floor":18},{"not_picked":["JustLucky+1","Crescendo+1"],"picked":"Perseverance","floor":20}],"player_experience":727361,"relics_obtained":[{"floor":6,"key":"ReplayTheSpireMod:Lightbulb"},{"floor":9,"key":"Oddly Smooth Stone"},{"floor":11,"key":"Strawberry"}],"event_choices":[{"damage_healed":0,"gold_gain":275,"player_choice":"Desecrate","damage_taken":0,"max_hp_gain":0,"max_hp_loss":0,"event_name":"Golden Shrine","floor":4,"gold_loss":0,"cards_obtained":["Regret"]},{"damage_healed":0,"gold_gain":80,"player_choice":"Gained Gold","damage_taken":0,"max_hp_gain":0,"max_hp_loss":0,"event_name":"Golden Wing","floor":14,"gold_loss":0},{"damage_healed":0,"gold_gain":0,"player_choice":"Rummage","damage_taken":0,"relics_obtained":["WarpedTongs"],"max_hp_gain":0,"max_hp_loss":0,"event_name":"Accursed Blacksmith","floor":19,"gold_loss":0,"cards_obtained":["Pain"]}],"is_beta":false,"boss_relics":[{"not_picked":["Runic Pyramid","Replay:Wanted Poster"],"picked":"VioletLotus"}],"items_purged_floors":[10,21],"is_endless":false,"potions_floor_spawned":[2,3,6,16,18,20],"killed_by":"Shelled Parasite and Fungi","ascension_level":6}}