{"host":"og6lam4kt3nibbw0","time":1611253305,"event":{"mods":["AchievementEnabler","BaseMod","Colored Map","DeckTracker","Highlight Path","Keyboard Shortcuts","Minty Spire (QoL Compilation)","Permanent Neow","Quick Restart","StSLib","SuperFastMode"],"gold_per_floor":[113,113,113,128,178,178,196,196,278,278,299,315,315,39,39,138,138,157,157,178,178,205,205,205,215,215,140,150,161,161,191,191,191,191],"floor_reached":33,"language":"KOR","playtime":3017,"items_purged":["Strike_B"],"score":510,"play_id":"7e88cdec-5b4e-4542-9b37-1eff6f474f89","local_time":"20210122032145","is_ascension_mode":true,"campfire_choices":[{"data":"Static Discharge","floor":6.0,"key":"SMITH"},{"data":"Ball Lightning","floor":8.0,"key":"SMITH"},{"data":"Dualcast","floor":10.0,"key":"SMITH"},{"data":"Coolheaded","floor":13.0,"key":"SMITH"},{"data":"Leap","floor":15.0,"key":"SMITH"},{"floor":24.0,"key":"REST"},{"floor":30.0,"key":"REST"},{"floor":32,"key":"REST"}],"circlet_count":0,"master_deck":["AscendersBane","Strike_B","Strike_B","Strike_B","Defend_B","Defend_B","Defend_B","Defend_B","Zap","Dualcast+1","Thunder Strike","Coolheaded+1","Static Discharge+1","Ball Lightning+1","Leap+1","Skim","Capacitor","Go for the Eyes","Finesse","Electrodynamics","CurseOfTheBell","Stack","Storm","Lockon","Glacier","Buffer","Self Repair+1","Reinforced Body","Stack"],"relics":["Cracked Core","Bloody Idol","Kunai","Calling Bell","Strawberry","InkBottle","Prayer Wheel","Red Mask","Regal Pillow","WingedGreaves","Symbiotic Virus"],"acts_visited":["Exordium","TheCity"],"potions_floor_usage":[],"damage_taken":[{"damage":0.0,"enemies":"Small Slimes","floor":1.0,"turns":3.0},{"damage":10.0,"enemies":"2 Louse","floor":4.0,"turns":2.0},{"damage":1.0,"enemies":"Cultist","floor":7.0,"turns":3.0},{"damage":6.0,"enemies":"Red Slaver","floor":11.0,"turns":3.0},{"damage":0.0,"enemies":"2 Fungi Beasts","floor":12.0,"turns":2.0},{"damage":16.0,"enemies":"Hexaghost","floor":16.0,"turns":7.0},{"damage":28.0,"enemies":"Shell Parasite","floor":18.0,"turns":6.0},{"damage":5.0,"enemies":"3 Byrds","floor":20.0,"turns":3.0},{"damage":39.0,"enemies":"Masked Bandits","floor":22.0,"turns":3.0},{"damage":23.0,"enemies":"Snecko","floor":25.0,"turns":5.0},{"damage":2.0,"enemies":"3 Cultists","floor":28.0,"turns":5.0},{"damage":29.0,"enemies":"Shelled Parasite and Fungi","floor":29.0,"turns":12.0},{"damage":22,"enemies":"Slavers","floor":31,"turns":4},{"damage":73,"enemies":"Collector","floor":33,"turns":7}],"seed_played":"4167089905672775816","potions_obtained":[{"floor":7.0,"key":"CultistPotion"},{"floor":11.0,"key":"Fire Potion"},{"floor":12.0,"key":"DuplicationPotion"},{"floor":22.0,"key":"Explosive Potion"},{"floor":25.0,"key":"AttackPotion"}],"is_trial":false,"path_per_floor":["M","?","?","M","?","R","M","R","T","R","M","M","R","$","R","B",null,"M","?","M","?","?","?","R","M","T","?","M","M","R","E","R","B"],"character_chosen":"DEFECT","items_purchased":["Capacitor","Go for the Eyes","Finesse"],"campfire_rested":3,"item_purchase_floors":[14,14,14],"current_hp_per_floor":[64,64,64,54,54,54,53,53,53,53,47,47,47,47,47,31,63,35,49,44,44,10,10,46,28,28,28,31,17,53,36,71,0,0],"gold":191,"neow_bonus":"ONE_RANDOM_RARE_CARD","is_daily":false,"chose_seed":false,"campfire_upgraded":5,"win_rate":0.0,"timestamp":1611253305,"path_taken":["M","?","?","M","?","R","M","R","T","R","?","M","R","?","R","BOSS","M","?","M","?","?","?","R","M","T","?","?","M","R","E","R","BOSS"],"items_purchased_type":["Card","Card","Card"],"build_version":"2020-12-22","purchased_purges":1,"victory":false,"max_hp_per_floor":[71,64,64,64,64,64,64,64,64,64,64,64,64,64,64,64,71,71,71,71,71,71,71,71,71,71,71,71,71,71,71,71,71,71],"card_choices":[{"not_picked":["Compile Driver","Steam Power"],"picked":"Coolheaded","floor":1.0},{"not_picked":["Sweeping Beam","Gash"],"picked":"Static Discharge","floor":4.0},{"not_picked":["Steam","Conserve Battery"],"picked":"Ball Lightning","floor":7.0},{"not_picked":["Aggregate","Cold Snap"],"picked":"Leap","floor":11.0},{"not_picked":["Reinforced Body","Coolheaded"],"picked":"Skim","floor":12.0},{"not_picked":["Seek","Biased Cognition"],"picked":"Electrodynamics","floor":16.0},{"not_picked":["Compile Driver","Coolheaded"],"picked":"Stack","floor":18.0},{"not_picked":["Rebound","Genetic Algorithm","Beam Cell"],"picked":"SKIP","floor":18.0},{"not_picked":["Glacier","Gash"],"picked":"Storm","floor":20.0},{"not_picked":["Ball Lightning","Cold Snap","Reinforced Body"],"picked":"SKIP","floor":20.0},{"not_picked":["Go for the Eyes","Leap"],"picked":"Lockon","floor":22.0},{"not_picked":["Stack","Beam Cell+1"],"picked":"Glacier","floor":25.0},{"not_picked":["Steam","Sweeping Beam"],"picked":"Buffer","floor":25.0},{"not_picked":["Rebound","Go for the Eyes"],"picked":"Self Repair+1","floor":28.0},{"not_picked":["Barrage","Cold Snap","Doom and Gloom"],"picked":"SKIP","floor":28.0},{"not_picked":["Steam","Double Energy"],"picked":"Reinforced Body","floor":29.0},{"not_picked":["Genetic Algorithm","Cold Snap"],"picked":"Stack","floor":29.0},{"not_picked":["Darkness","Redo","Streamline+1"],"picked":"SKIP","floor":31}],"player_experience":935384,"relics_obtained":[{"floor":9.0,"key":"Kunai"},{"floor":17.0,"key":"Strawberry"},{"floor":17.0,"key":"InkBottle"},{"floor":17.0,"key":"Prayer Wheel"},{"floor":22.0,"key":"Red Mask"},{"floor":26.0,"key":"WingedGreaves"},{"floor":31,"key":"Symbiotic Virus"}],"event_choices":[{"damage_healed":0.0,"max_hp_gain":0.0,"max_hp_loss":7.0,"gold_gain":0.0,"event_name":"Golden Idol","player_choice":"Lose Max HP","floor":2.0,"gold_loss":0.0,"damage_taken":0.0,"relics_obtained":["Golden Idol"]},{"damage_healed":0.0,"max_hp_gain":0.0,"max_hp_loss":0.0,"gold_gain":0.0,"event_name":"Liars Game","player_choice":"Ignored","floor":3.0,"gold_loss":0.0,"damage_taken":0.0},{"damage_healed":0.0,"max_hp_gain":0.0,"max_hp_loss":0.0,"gold_gain":50.0,"event_name":"Golden Shrine","player_choice":"Pray","floor":5.0,"gold_loss":0.0,"damage_taken":0.0},{"damage_healed":14.0,"max_hp_gain":0.0,"max_hp_loss":0.0,"gold_gain":0.0,"event_name":"The Library","player_choice":"Heal","floor":19.0,"gold_loss":0.0,"damage_taken":0.0},{"damage_healed":0.0,"max_hp_gain":0.0,"max_hp_loss":0.0,"gold_gain":0.0,"event_name":"Forgotten Altar","player_choice":"Gave Idol","floor":21.0,"relics_lost":["Golden Idol"],"gold_loss":0.0,"damage_taken":0.0,"relics_obtained":["Bloody Idol"]},{"damage_healed":0.0,"max_hp_gain":0.0,"max_hp_loss":0.0,"gold_gain":0.0,"event_name":"Masked Bandits","player_choice":"Fought Bandits","floor":22.0,"gold_loss":0.0,"damage_taken":0.0},{"damage_healed":0.0,"max_hp_gain":0.0,"max_hp_loss":0.0,"gold_gain":0.0,"event_name":"The Mausoleum","player_choice":"Opened","floor":23.0,"gold_loss":0.0,"damage_taken":0.0,"relics_obtained":["Regal Pillow"],"cards_obtained":["Writhe"]},{"cards_removed":["Writhe"],"damage_healed":0.0,"max_hp_gain":0.0,"max_hp_loss":0.0,"gold_gain":0.0,"event_name":"Beggar","player_choice":"Gave Gold","floor":27.0,"gold_loss":75.0,"damage_taken":0.0}],"is_beta":false,"boss_relics":[{"not_picked":["FrozenCore","Tiny House"],"picked":"Calling Bell"}],"items_purged_floors":[14],"is_endless":false,"potions_floor_spawned":[7,11,12,22,25],"killed_by":"Collector","ascension_level":20}}