{"host":"c97twqu0op5dg8i4","time":1611196229,"event":{"mods":["AchievementEnabler","BaseMod","Colored Map","Minty Spire (QoL Compilation)","Permanent Neow"],"gold_per_floor":[109,126,106,125,137,137,169,183,183,183,183,216,298,311,330,330,429,429,442,542,552,552,552,552,562,595,595,609,30,43,60,95,95,197,197,214,214,214,225,243,243,570,586,632,542,558,558,558,45,45,45],"floor_reached":52,"language":"ENG","playtime":2439,"items_purged":["Writhe"],"score":1059,"play_id":"5e05914f-7cd6-4f97-8f94-f208f866d6d0","local_time":"20210120213029","is_ascension_mode":true,"campfire_choices":[{"data":"Noxious Fumes","floor":6,"key":"SMITH"},{"floor":11,"key":"REST"},{"data":"Crippling Poison","floor":16,"key":"SMITH"},{"data":"Envenom","floor":24,"key":"SMITH"},{"floor":33,"key":"REST"},{"data":"Enlightenment","floor":41,"key":"SMITH"},{"data":"Corpse Explosion","floor":50,"key":"SMITH"}],"circlet_count":0,"master_deck":["Survivor","Neutralize","Deadly Poison","Burst","Leg Sweep","Deflect","PiercingWail","Heel Hook","Glass Knife","Expertise","Noxious Fumes+1","Dodge and Roll","Dodge and Roll","Footwork","Crippling Poison+1","Poisoned Stab","Envenom+1","Poisoned Stab+1","Doppelganger","Poisoned Stab+1","Footwork","Crippling Poison","Finesse","Noxious Fumes","Escape Plan","Corpse Explosion+1","Backflip+1","Enlightenment+1","Blur"],"relics":["Pandora\u0027s Box","Vajra","FossilizedHelix","Sundial","Torii","InkBottle","Cursed Key","Ice Cream","Omamori","Medical Kit","Orichalcum","Regal Pillow","SlaversCollar","Old Coin","Ancient Tea Set","Happy Flower","Bottled Lightning"],"acts_visited":["Exordium","TheCity","TheBeyond"],"potions_floor_usage":[26,31,36,46,46,47,47,49,51],"damage_taken":[{"damage":0,"enemies":"Cultist","floor":1,"turns":2},{"damage":0,"enemies":"2 Louse","floor":2,"turns":2},{"damage":0,"enemies":"Jaw Worm","floor":4,"turns":3},{"damage":10,"enemies":"Gremlin Gang","floor":5,"turns":5},{"damage":13,"enemies":"Gremlin Nob","floor":7,"turns":4},{"damage":6,"enemies":"2 Fungi Beasts","floor":8,"turns":2},{"damage":5,"enemies":"3 Sentries","floor":12,"turns":6},{"damage":6,"enemies":"Red Slaver","floor":14,"turns":3},{"damage":8,"enemies":"Exordium Thugs","floor":15,"turns":3},{"damage":10,"enemies":"Slime Boss","floor":17,"turns":9},{"damage":0,"enemies":"3 Byrds","floor":19,"turns":4},{"damage":0,"enemies":"Chosen","floor":21,"turns":4},{"damage":11,"enemies":"Sentry and Sphere","floor":25,"turns":5},{"damage":1,"enemies":"Book of Stabbing","floor":26,"turns":6},{"damage":0,"enemies":"Chosen and Byrds","floor":28,"turns":4},{"damage":1,"enemies":"Centurion and Healer","floor":30,"turns":5},{"damage":0,"enemies":"3 Cultists","floor":31,"turns":4},{"damage":0,"enemies":"Gremlin Leader","floor":32,"turns":6},{"damage":28,"enemies":"Champ","floor":34,"turns":9},{"damage":2,"enemies":"3 Darklings","floor":36,"turns":3},{"damage":0,"enemies":"3 Shapes","floor":39,"turns":2},{"damage":21,"enemies":"Spire Growth","floor":40,"turns":5},{"damage":1,"enemies":"Giant Head","floor":42,"turns":9},{"damage":0,"enemies":"Maw","floor":43,"turns":7},{"damage":11,"enemies":"Jaw Worm Horde","floor":46,"turns":3},{"damage":10,"enemies":"Transient","floor":47,"turns":5},{"damage":14,"enemies":"Awakened One","floor":51,"turns":13}],"seed_played":"549880798529724283","potions_obtained":[{"floor":1,"key":"Swift Potion"},{"floor":3,"key":"SneckoOil"},{"floor":4,"key":"EntropicBrew"},{"floor":8,"key":"GamblersBrew"},{"floor":14,"key":"Block Potion"},{"floor":15,"key":"Fire Potion"},{"floor":28,"key":"SpeedPotion"},{"floor":31,"key":"Poison Potion"},{"floor":40,"key":"PowerPotion"}],"is_trial":false,"path_per_floor":["M","M","?","M","M","R","E","M","T","T","R","E","T","M","M","R","B",null,"M","?","M","?","?","R","M","E","T","M","$","M","M","E","R","B",null,"M","?","?","M","M","R","E","M","T","?","M","M","?","$","R","B",null],"character_chosen":"THE_SILENT","items_purchased":["Medical Kit","Orichalcum","Footwork","Crippling Poison","Finesse","Happy Flower","Fruit Juice","Bottled Lightning"],"campfire_rested":2,"item_purchase_floors":[29,29,29,29,29,49,49,49],"current_hp_per_floor":[63,63,63,63,53,53,40,34,34,34,55,50,50,44,36,36,26,59,59,59,59,59,59,59,48,47,47,47,47,46,46,46,70,42,63,61,61,61,61,40,40,39,39,39,39,28,18,61,66,66,52],"gold":45,"neow_bonus":"BOSS_RELIC","is_daily":false,"chose_seed":false,"campfire_upgraded":5,"win_rate":0.0,"timestamp":1611196229,"path_taken":["M","?","?","M","M","R","E","?","T","T","R","E","?","?","M","R","BOSS","M","?","?","?","?","R","?","E","T","?","?","M","M","E","R","BOSS","M","?","?","M","?","R","E","M","T","?","?","M","?","?","R","BOSS"],"items_purchased_type":["Relic","Relic","Card","Card","Card","Relic","Potion","Relic"],"build_version":"2020-12-22","purchased_purges":1,"victory":true,"max_hp_per_floor":[70,70,70,70,70,70,70,70,70,70,70,70,70,70,70,70,70,70,70,70,70,70,70,70,70,70,70,70,70,70,70,70,70,70,70,70,70,70,70,70,70,70,70,70,70,70,70,61,66,66,66],"card_choices":[{"not_picked":["Bane","Sucker Punch"],"picked":"Noxious Fumes","floor":1},{"not_picked":["Flying Knee","PiercingWail","Underhanded Strike"],"picked":"SKIP","floor":2},{"not_picked":["Underhanded Strike","Tactician","Finisher"],"picked":"SKIP","floor":4},{"not_picked":["Infinite Blades","Acrobatics"],"picked":"Dodge and Roll","floor":5},{"not_picked":["Outmaneuver","Accuracy"],"picked":"Dodge and Roll","floor":7},{"not_picked":["Dodge and Roll","Acrobatics"],"picked":"Footwork","floor":8},{"not_picked":["Outmaneuver","Concentrate"],"picked":"Crippling Poison","floor":12},{"not_picked":["Finisher","Flying Knee"],"picked":"Poisoned Stab","floor":14},{"not_picked":["Dagger Spray","Bane","Blade Dance"],"picked":"SKIP","floor":15},{"not_picked":["A Thousand Cuts","Burst"],"picked":"Envenom","floor":17},{"not_picked":["Terror","Dagger Throw"],"picked":"Poisoned Stab+1","floor":19},{"not_picked":["All Out Attack","Terror","Dagger Throw"],"picked":"SKIP","floor":21},{"not_picked":["Accuracy","Outmaneuver"],"picked":"Poisoned Stab+1","floor":25},{"not_picked":["Bouncing Flask","All Out Attack","Masterful Stab"],"picked":"SKIP","floor":26},{"not_picked":["Bouncing Flask","Dagger Throw","Predator"],"picked":"SKIP","floor":28},{"not_picked":["Tactician","Flechettes+1"],"picked":"Noxious Fumes","floor":30},{"not_picked":["Terror","Predator+1","Dagger Spray"],"picked":"SKIP","floor":31},{"not_picked":["Terror","Acrobatics"],"picked":"Escape Plan","floor":32},{"not_picked":["Adrenaline","After Image"],"picked":"Corpse Explosion","floor":34},{"not_picked":["Prepared","Choke+1"],"picked":"Backflip","floor":36},{"not_picked":["Purity","Metamorphosis"],"picked":"Enlightenment","floor":37},{"not_picked":["Sucker Punch","Acrobatics","Quick Slash+1"],"picked":"SKIP","floor":39},{"not_picked":["Predator+1","Backflip+1"],"picked":"Blur","floor":40},{"not_picked":["Accuracy+1","Blade Dance","Acrobatics+1"],"picked":"SKIP","floor":42},{"not_picked":["Outmaneuver+1","Infinite Blades+1","Bane+1"],"picked":"SKIP","floor":43},{"not_picked":["Sucker Punch","Accuracy+1","Bane"],"picked":"SKIP","floor":46}],"player_experience":278219,"relics_obtained":[{"floor":7,"key":"Vajra"},{"floor":9,"key":"FossilizedHelix"},{"floor":10,"key":"Sundial"},{"floor":12,"key":"Torii"},{"floor":13,"key":"InkBottle"},{"floor":26,"key":"Ice Cream"},{"floor":27,"key":"Omamori"},{"floor":32,"key":"Regal Pillow"},{"floor":42,"key":"Old Coin"},{"floor":44,"key":"Ancient Tea Set"}],"event_choices":[{"damage_healed":0,"gold_gain":0,"player_choice":"Bought 1 Potion","damage_taken":0,"max_hp_gain":0,"max_hp_loss":0,"event_name":"The Woman in Blue","floor":3,"gold_loss":0},{"damage_healed":0,"gold_gain":100,"player_choice":"Pray","damage_taken":0,"max_hp_gain":0,"max_hp_loss":0,"event_name":"Golden Shrine","floor":20,"gold_loss":0},{"damage_healed":0,"gold_gain":0,"player_choice":"Ignored","damage_taken":0,"max_hp_gain":0,"max_hp_loss":0,"event_name":"Ghosts","floor":22,"gold_loss":0},{"damage_healed":0,"gold_gain":0,"cards_transformed":["Skewer"],"player_choice":"Transformed","damage_taken":0,"max_hp_gain":0,"max_hp_loss":0,"event_name":"Transmorgrifier","floor":23,"gold_loss":0,"cards_obtained":["Doppelganger"]},{"damage_healed":0,"gold_gain":0,"player_choice":"Memory 1","damage_taken":0,"max_hp_gain":0,"max_hp_loss":0,"event_name":"SensoryStone","floor":37,"gold_loss":0},{"damage_healed":0,"gold_gain":0,"player_choice":"Ignored","damage_taken":0,"max_hp_gain":0,"max_hp_loss":0,"event_name":"Tomb of Lord Red Mask","floor":38,"gold_loss":0},{"cards_removed":["Sucker Punch"],"damage_healed":0,"gold_gain":0,"player_choice":"Upgrade and Remove","damage_taken":0,"max_hp_gain":0,"max_hp_loss":0,"event_name":"Designer","floor":45,"gold_loss":90,"cards_upgraded":["Backflip"]},{"damage_healed":61,"gold_gain":0,"player_choice":"Heal","damage_taken":0,"max_hp_gain":0,"max_hp_loss":9,"event_name":"The Moai Head","floor":48,"gold_loss":0}],"is_beta":false,"boss_relics":[{"not_picked":["SacredBark","Empty Cage"],"picked":"Cursed Key"},{"not_picked":["HoveringKite","Philosopher\u0027s Stone"],"picked":"SlaversCollar"}],"items_purged_floors":[29],"is_endless":false,"potions_floor_spawned":[1,4,8,14,15,17,25,28,31,32,40,43],"ascension_level":6}}