{"host":"qik6c64y69p9jmph","time":1611201269,"event":{"mods":["AchievementEnabler","BaseMod","Highlight Path","Minty Spire (QoL Compilation)","Quick Restart","StSLib","Synergy Search"],"gold_per_floor":[116,133,146,146,196,222,222,238,238,238,306,333,383,453,453,557,557,571,239,239,388,400,400,450,450,450,6,32,182,182,193,193,294,294,312,362,380,430,480,506,516,516,539,331,381,395,44,57,57,57],"floor_reached":51,"language":"ENG","playtime":3241,"items_purged":["Clumsy"],"score":944,"play_id":"3434fc9c-36ad-4d07-8be6-03e147a70cd0","local_time":"20210120225429","is_ascension_mode":true,"campfire_choices":[{"data":"1","floor":7,"key":"LIFT"},{"data":"2","floor":10,"key":"LIFT"},{"data":"3","floor":15,"key":"LIFT"},{"data":"TalkToTheHand","floor":23,"key":"SMITH"},{"data":"Eruption","floor":25,"key":"SMITH"},{"floor":30,"key":"REST"},{"data":"FollowUp","floor":32,"key":"SMITH"},{"floor":42,"key":"REST"},{"data":"Fasting2","floor":49,"key":"SMITH"}],"circlet_count":0,"master_deck":["Strike_P","Strike_P","Strike_P","Defend_P","Defend_P","Defend_P","Defend_P","Eruption+1","Vigilance","FearNoEvil","ThirdEye","Wireheading","ThirdEye","EmptyFist+1","Weave","FollowUp+1","TalkToTheHand+1","Crescendo+1","BattleHymn+1","Weave+1","DevaForm","Wallop+1","CutThroughFate+1","Nirvana","Fasting2+1"],"relics":["PureWater","NeowsBlessing","SsserpentHead","Girya","InkBottle","Question Card","Cursed Key","Lantern","HandDrill","Juzu Bracelet","Omamori","TungstenRod","Ginger","Lizard Tail","The Courier","Philosopher\u0027s Stone","Kunai","Potion Belt","MawBank","Cauldron","Whetstone","Oddly Smooth Stone"],"acts_visited":["Exordium","TheCity","TheBeyond"],"potions_floor_usage":[6,12,16,18,29,29,33,40,46,48,50,50,50,50],"damage_taken":[{"damage":0,"enemies":"Cultist","floor":1,"turns":1},{"damage":0,"enemies":"2 Louse","floor":2,"turns":2},{"damage":0,"enemies":"Jaw Worm","floor":3,"turns":1},{"damage":0,"enemies":"Gremlin Nob","floor":6,"turns":2},{"damage":0,"enemies":"Red Slaver","floor":8,"turns":3},{"damage":4,"enemies":"Blue Slaver","floor":11,"turns":4},{"damage":5,"enemies":"3 Sentries","floor":12,"turns":7},{"damage":0,"enemies":"Exordium Thugs","floor":14,"turns":4},{"damage":35,"enemies":"Hexaghost","floor":16,"turns":7},{"damage":0,"enemies":"3 Byrds","floor":18,"turns":4},{"damage":4,"enemies":"2 Thieves","floor":22,"turns":3},{"damage":24,"enemies":"Book of Stabbing","floor":28,"turns":6},{"damage":13,"enemies":"Colosseum Slavers","floor":29,"turns":3},{"damage":0,"enemies":"Colosseum Nobs","floor":29,"turns":4},{"damage":0,"enemies":"Centurion and Healer","floor":31,"turns":4},{"damage":18,"enemies":"Champ","floor":33,"turns":7},{"damage":20,"enemies":"3 Shapes","floor":35,"turns":3},{"damage":0,"enemies":"3 Darklings","floor":37,"turns":2},{"damage":0,"enemies":"Giant Head","floor":40,"turns":5},{"damage":21,"enemies":"Transient","floor":41,"turns":5},{"damage":0,"enemies":"Spire Growth","floor":46,"turns":3},{"damage":3,"enemies":"4 Shapes","floor":48,"turns":3},{"damage":23,"enemies":"Donu and Deca","floor":50,"turns":6}],"seed_played":"-3715358067060482686","potions_obtained":[{"floor":1,"key":"Block Potion"},{"floor":2,"key":"SteroidPotion"},{"floor":12,"key":"Dexterity Potion"},{"floor":14,"key":"CultistPotion"},{"floor":16,"key":"AttackPotion"},{"floor":28,"key":"GamblersBrew"},{"floor":29,"key":"SpeedPotion"},{"floor":33,"key":"SpeedPotion"},{"floor":35,"key":"DistilledChaos"},{"floor":41,"key":"FearPotion"},{"floor":46,"key":"SneckoOil"},{"floor":47,"key":"FairyPotion"},{"floor":47,"key":"SkillPotion"},{"floor":47,"key":"Dexterity Potion"},{"floor":47,"key":"AttackPotion"},{"floor":48,"key":"Energy Potion"}],"is_trial":false,"path_per_floor":["M","M","M","?","$","E","R","M","T","R","M","E","?","M","R","B",null,"M","$","$","?","M","R","?","R","T","$","E","?","R","M","R","B",null,"M","?","M","?","T","E","M","R","T","$","?","M","$","M","R","B",null],"character_chosen":"WATCHER","items_purchased":["Lantern","TalkToTheHand","HandDrill","Omamori","TungstenRod","Fruit Juice","Nirvana","Fasting2","Cauldron","Whetstone","Oddly Smooth Stone"],"campfire_rested":2,"item_purchase_floors":[19,19,19,27,27,44,44,44,47,47,47],"current_hp_per_floor":[72,72,72,72,72,72,72,72,72,72,68,63,72,72,72,37,72,72,72,72,72,68,68,82,82,82,82,58,45,69,69,69,51,82,62,62,62,62,62,62,41,65,65,65,65,70,70,67,67,44],"gold":57,"neow_bonus":"THREE_ENEMY_KILL","is_daily":false,"chose_seed":false,"campfire_upgraded":4,"win_rate":0.0,"timestamp":1611201269,"path_taken":["M","?","M","?","?","E","R","M","T","R","?","E","?","?","R","BOSS","M","?","$","?","M","R","?","R","T","$","E","?","R","M","R","BOSS","M","?","M","?","?","E","M","R","T","?","?","M","$","M","R","BOSS"],"items_purchased_type":["Relic","Card","Relic","Relic","Relic","Potion","Card","Card","Relic","Relic","Relic"],"build_version":"2020-12-22","purchased_purges":1,"victory":true,"max_hp_per_floor":[72,72,72,72,72,72,72,72,72,72,72,72,72,72,72,72,72,72,72,72,72,72,72,82,82,82,82,82,82,82,82,82,82,82,82,82,82,82,82,82,82,82,82,82,82,87,87,87,87,87],"card_choices":[{"not_picked":["MentalFortress","Worship"],"picked":"FearNoEvil","floor":1},{"not_picked":["JustLucky","Protect"],"picked":"Evaluate","floor":2},{"not_picked":["ForeignInfluence","JustLucky"],"picked":"ThirdEye","floor":3},{"not_picked":["ThirdEye","SashWhip"],"picked":"Wireheading","floor":6},{"not_picked":["Perseverance","EmptyBody"],"picked":"ThirdEye","floor":8},{"not_picked":["FlurryOfBlows","DeusExMachina"],"picked":"EmptyFist","floor":11},{"not_picked":["EmptyFist","ThirdEye"],"picked":"Weave","floor":12},{"not_picked":["WheelKick","FlyingSleeves","Sanctity","FlurryOfBlows"],"picked":"SKIP","floor":14},{"not_picked":["SpiritShield","DeusExMachina","Judgement"],"picked":"Devotion","floor":16},{"not_picked":["Consecrate","ReachHeaven","WreathOfFlame+1"],"picked":"FollowUp","floor":18},{"not_picked":["Halt","Indignation+1","ReachHeaven"],"picked":"Crescendo+1","floor":22},{"not_picked":["ForeignInfluence","EmptyMind","LikeWater"],"picked":"BattleHymn+1","floor":28},{"not_picked":["Prostrate","WheelKick","EmptyBody"],"picked":"Weave+1","floor":29},{"not_picked":["FlyingSleeves","ReachHeaven+1","WheelKick","SashWhip+1"],"picked":"SKIP","floor":31},{"not_picked":["Devotion","Wish","Blasphemy"],"picked":"DevaForm","floor":33},{"not_picked":["JustLucky","ReachHeaven","Evaluate"],"picked":"Wallop+1","floor":35},{"not_picked":["Crescendo+1","Evaluate+1","Collect","EmptyFist"],"picked":"SKIP","floor":37},{"not_picked":["Meditate+1","SashWhip","CrushJoints"],"picked":"CutThroughFate","floor":40},{"not_picked":["FlyingSleeves","SashWhip+1","Vengeance+1","Worship"],"picked":"SKIP","floor":41},{"not_picked":["InnerPeace+1","Collect","CarveReality+1","Weave"],"picked":"SKIP","floor":46},{"not_picked":["Tantrum+1","WreathOfFlame","Wallop+1","ClearTheMind"],"picked":"SKIP","floor":48}],"player_experience":526970,"relics_obtained":[{"floor":6,"key":"Girya"},{"floor":9,"key":"InkBottle"},{"floor":12,"key":"Question Card"},{"floor":26,"key":"Juzu Bracelet"},{"floor":28,"key":"Ginger"},{"floor":29,"key":"Lizard Tail"},{"floor":29,"key":"The Courier"},{"floor":39,"key":"Kunai"},{"floor":40,"key":"Potion Belt"},{"floor":43,"key":"MawBank"}],"event_choices":[{"damage_healed":0,"gold_gain":0,"player_choice":"Trade","damage_taken":0,"relics_obtained":["SsserpentHead"],"max_hp_gain":0,"max_hp_loss":0,"event_name":"FaceTrader","floor":4,"gold_loss":0},{"damage_healed":9,"gold_gain":0,"player_choice":"Full Heal","damage_taken":0,"max_hp_gain":0,"max_hp_loss":0,"event_name":"Wheel of Change","floor":13,"gold_loss":0},{"damage_healed":0,"gold_gain":99,"player_choice":"Stole From Cult","damage_taken":0,"max_hp_gain":0,"max_hp_loss":0,"event_name":"Nest","floor":21,"gold_loss":0},{"cards_removed":["Devotion"],"damage_healed":4,"gold_gain":0,"player_choice":"Offered Rare","damage_taken":0,"max_hp_gain":10,"max_hp_loss":0,"event_name":"Bonfire Elementals","floor":24,"gold_loss":0},{"damage_healed":0,"gold_gain":0,"player_choice":"Fight","damage_taken":0,"max_hp_gain":0,"max_hp_loss":0,"event_name":"Colosseum","floor":29,"gold_loss":0},{"damage_healed":0,"gold_gain":0,"player_choice":"Fought Nobs","damage_taken":0,"max_hp_gain":0,"max_hp_loss":0,"event_name":"Colosseum","floor":29,"gold_loss":0},{"damage_healed":0,"gold_gain":0,"player_choice":"Ignored","damage_taken":0,"max_hp_gain":0,"max_hp_loss":0,"event_name":"Tomb of Lord Red Mask","floor":36,"gold_loss":0},{"cards_removed":["Strike_P"],"damage_healed":0,"gold_gain":0,"player_choice":"Removed Attack","damage_taken":0,"max_hp_gain":0,"max_hp_loss":0,"event_name":"Falling","floor":38,"gold_loss":0},{"cards_removed":["Evaluate"],"damage_healed":0,"gold_gain":0,"player_choice":"Purged","damage_taken":0,"max_hp_gain":0,"max_hp_loss":0,"event_name":"Purifier","floor":45,"gold_loss":0}],"is_beta":false,"boss_relics":[{"not_picked":["Sozu","Velvet Choker"],"picked":"Cursed Key"},{"not_picked":["Fusion Hammer","Coffee Dripper"],"picked":"Philosopher\u0027s Stone"}],"items_purged_floors":[44],"is_endless":false,"potions_floor_spawned":[1,2,12,14,16,28,29,33,35,41,46,48],"ascension_level":4}}