{"host":"vddnn8yddbh0df4g","time":1611232831,"event":{"mods":["Act Like it!","BaseMod","Beaked The Cultist","Bestiary","Downfall","Minty Spire (QoL Compilation)","Shop Mod","StSLib","SuperFastMode","The Bug Knight","The Runesmith"],"gold_per_floor":[99,112,130,141,155,155,208,208,218,245,245,262,276,308,320,418,418,218,237,76,92,102,19,19,33,33,64,84,84,96,96,106,203,203,203,223,233,251,296,296,321,335,1,1,30,46,146,164,181,181],"floor_reached":51,"language":"ENG","playtime":2163,"items_purged":["Regret","bronze:BranchHit","bronze:Defend"],"score":919,"play_id":"489072af-cf54-4605-b9a6-9a3cbd34b3fa","local_time":"20210121074031","is_ascension_mode":false,"campfire_choices":[{"data":"bronze:Goto","floor":1,"key":"SMITH"},{"data":"1","floor":18,"key":"LIFT"},{"data":"2","floor":26,"key":"LIFT"},{"data":"3","floor":29,"key":"LIFT"},{"floor":35,"key":"RECALL"},{"floor":44,"key":"REST"}],"circlet_count":0,"master_deck":["bronze:Strike","bronze:Defend+1","bronze:Defend","bronze:Defend+1","bronze:Replicate+1","bronze:Goto+1","bronze:WhirlingStrike","bronze:Turbo+1","bronze:ChosenStrike+1","bronze:Repulsor+1","bronze:Flail+1","bronze:HyperBeam+1","bronze:Invalidate+1","bronze:Branch+1","bronze:Format+1","bronze:Return+1","bronze:Verify+1","CurseOfTheBell","bronze:BuggyMess+1","bronze:Turbo+1","bronze:Iterate+1","bronze:BurnOut+1","bronze:MaxOutput+1","bronze:MaxOutput+1","bronze:Branch+1","bronze:GetLatest+1","bronze:Virus+1","bronze:BronzeOrb+1","bronze:CleanCode+1","bronze:BuggyMess+1","bronze:Turbo+1","bronze:NullPointer+1","bronze:Shield+1","bronze:Shield+1","bronze:FineTuning+1","bronze:ClassDefault+1","bronze:Optimize+1"],"relics":["bronze:BronzeCore","Frozen Egg 2","Molten Egg 2","Toxic Egg 2","Orichalcum","Letter Opener","Dream Catcher","Darkstone Periapt","Girya","downfall:HeartBlessingGreen","downfall:HeartBlessingBlue","Du-Vu Doll","The Courier","Guardian:PocketSentry","Calipers","PreservedInsect","Bag of Preparation","MerchantsRug","Nunchaku","Runesmith:Locket"],"acts_visited":["Exordium","TheCity","TheBeyond"],"potions_floor_usage":[16,16,20,22,23,33],"damage_taken":[{"damage":1,"enemies":"Cultist","floor":2,"turns":3},{"damage":6,"enemies":"Jaw Worm","floor":3,"turns":2},{"damage":2,"enemies":"Small Slimes","floor":4,"turns":3},{"damage":8,"enemies":"Exordium Wildlife","floor":5,"turns":4},{"damage":4,"enemies":"3 Louse","floor":9,"turns":2},{"damage":0,"enemies":"Lagavulin","floor":10,"turns":5},{"damage":11,"enemies":"Large Slime","floor":12,"turns":3},{"damage":2,"enemies":"Lots of Slimes","floor":13,"turns":2},{"damage":4,"enemies":"Gremlin Nob","floor":14,"turns":3},{"damage":0,"enemies":"Exordium Wildlife","floor":15,"turns":2},{"damage":7,"enemies":"WA_ARCHETYPE_RETAIN","floor":16,"turns":4},{"damage":5,"enemies":"3 Byrds","floor":19,"turns":5},{"damage":3,"enemies":"downfall:FleeingMerchant","floor":20,"turns":4},{"damage":16,"enemies":"Snecko","floor":21,"turns":4},{"damage":8,"enemies":"Chosen and Byrds","floor":22,"turns":4},{"damage":0,"enemies":"downfall:FleeingMerchant","floor":23,"turns":4},{"damage":0,"enemies":"3 Cultists","floor":25,"turns":3},{"damage":0,"enemies":"Gremlin Leader","floor":27,"turns":2},{"damage":0,"enemies":"Snake Plant","floor":28,"turns":1},{"damage":5,"enemies":"Shelled Parasite and Fungi","floor":30,"turns":3},{"damage":4,"enemies":"Chosen and Byrds","floor":32,"turns":2},{"damage":0,"enemies":"IC_MUSHROOM_ARCHETYPE","floor":33,"turns":4},{"damage":0,"enemies":"Orb Walker","floor":36,"turns":2},{"damage":14,"enemies":"3 Shapes","floor":37,"turns":3},{"damage":0,"enemies":"Jaw Worm Horde","floor":38,"turns":1},{"damage":17,"enemies":"2 Orb Walkers","floor":39,"turns":3},{"damage":1,"enemies":"3 Darklings","floor":42,"turns":2},{"damage":0,"enemies":"Reptomancer","floor":45,"turns":3},{"damage":19,"enemies":"Maw","floor":46,"turns":3},{"damage":0,"enemies":"4 Shapes","floor":48,"turns":2},{"damage":0,"enemies":"Sphere and 2 Shapes","floor":49,"turns":3},{"damage":52,"enemies":"DF_ARCHETYPE_ORBS","floor":50,"turns":7}],"seed_played":"7868600796704131488","potions_obtained":[{"floor":2,"key":"LiquidMemories"},{"floor":5,"key":"LiquidMemories"},{"floor":9,"key":"FearPotion"},{"floor":14,"key":"LiquidMemories"},{"floor":15,"key":"DistilledChaos"},{"floor":16,"key":"FearPotion"},{"floor":19,"key":"hexamod:SoulburnPotion"},{"floor":21,"key":"Slimebound:ThreeZeroPotion"},{"floor":25,"key":"DuplicationPotion"},{"floor":28,"key":"SkillPotion"},{"floor":33,"key":"SteroidPotion"},{"floor":39,"key":"bronze:FreeFunctionsPotion"},{"floor":45,"key":"BlessingOfTheForge"}],"is_trial":false,"path_per_floor":["R","M","M","M","M","?","T","?","M","E","T","M","M","E","M","B",null,"R","M","$","M","M","$","T","M","R","E","M","R","M","?","M","B",null,"R","M","M","M","?","?","T","M","$","R","E","M","?","M","M","B",null],"character_chosen":"THE_AUTOMATON","items_purchased":["bronze:Turbo+1","bronze:Iterate+1","Du-Vu Doll","Bag of Preparation","MerchantsRug","Nunchaku"],"campfire_rested":1,"item_purchase_floors":[20,20,23,43,43,43],"current_hp_per_floor":[70,69,63,61,53,53,53,53,49,59,59,48,46,42,42,35,80,90,85,82,66,58,58,58,58,58,58,58,58,53,53,49,49,90,90,90,76,76,59,59,59,58,58,85,85,66,66,66,66,14],"gold":181,"neow_bonus":"UPGRADE_CARD","is_daily":false,"chose_seed":false,"campfire_upgraded":1,"win_rate":0.0,"timestamp":1611232831,"path_taken":["R","M","M","?","M","?","T","?","M","E","?","?","M","E","M","BOSS","R","M","?","M","M","$","T","M","R","E","M","R","M","?","M","BOSS","R","M","M","M","?","?","T","M","$","R","E","M","?","?","M","BOSS"],"items_purchased_type":["Card","Card","Relic","Relic","Relic","Relic"],"build_version":"2020-12-22","purchased_purges":3,"victory":true,"max_hp_per_floor":[70,70,70,70,70,70,70,70,70,80,80,80,80,80,80,80,80,90,90,90,90,90,90,90,90,90,90,90,90,90,90,90,90,90,90,90,90,90,90,90,90,90,90,90,90,90,90,90,90,90],"card_choices":[{"not_picked":["bronze:DelayedGuard","bronze:DelayedSlice"],"picked":"bronze:WhirlingStrike","floor":2},{"not_picked":["bronze:CutThrough+1","bronze:DarkDash+1"],"picked":"bronze:Turbo+1","floor":3},{"not_picked":["bronze:Turbo+1","bronze:BurnOut+1"],"picked":"bronze:ChosenStrike+1","floor":4},{"not_picked":["bronze:Iterate+1","bronze:FineTuning+1"],"picked":"bronze:Repulsor+1","floor":5},{"not_picked":["bronze:FollowUp+1","bronze:Invalidate+1"],"picked":"bronze:Flail+1","floor":9},{"not_picked":["bronze:Overheat+1","bronze:Shield+1"],"picked":"bronze:HyperBeam+1","floor":10},{"not_picked":["bronze:Frontload+1","bronze:OilSpill+1"],"picked":"bronze:Invalidate+1","floor":12},{"not_picked":["bronze:Overload+1","bronze:BitShift+1"],"picked":"bronze:Branch+1","floor":13},{"not_picked":["bronze:BurnOut+1","bronze:CutThrough+1"],"picked":"bronze:Format+1","floor":14},{"not_picked":["bronze:DelayedGuard+1","bronze:Branch+1"],"picked":"bronze:Return+1","floor":15},{"not_picked":["bronze:Mutator+1","bronze:CleanCode+1"],"picked":"bronze:Verify+1","floor":16},{"not_picked":["bronze:Optimize+1","bronze:CloningBeam+1","bronze:Return+1"],"picked":"SKIP","floor":19},{"not_picked":["bronze:Overheat+1","bronze:ChosenStrike+1"],"picked":"bronze:BuggyMess+1","floor":20},{"not_picked":["bronze:Overload+1","bronze:Safeguard+1"],"picked":"bronze:BurnOut+1","floor":21},{"not_picked":["bronze:Deprecate+1","bronze:Shield+1"],"picked":"bronze:MaxOutput+1","floor":22},{"not_picked":["bronze:Overload+1","bronze:WildBeam+1"],"picked":"bronze:MaxOutput+1","floor":23},{"not_picked":["bronze:OilSpill+1","bronze:Deprecate+1","bronze:DarkDash+1"],"picked":"SKIP","floor":25},{"not_picked":["bronze:WildBeam+1","bronze:BitShift+1"],"picked":"bronze:Branch+1","floor":27},{"not_picked":["bronze:Shield+1","bronze:Turbo+1"],"picked":"bronze:GetLatest+1","floor":28},{"not_picked":["bronze:BitShift+1","bronze:Return+1"],"picked":"bronze:Virus+1","floor":30},{"not_picked":["bronze:Deprecate+1","bronze:Repulsor+1"],"picked":"bronze:BronzeOrb+1","floor":32},{"not_picked":["bronze:FindAndReplace+1","bronze:RecursiveStrike+1"],"picked":"bronze:CleanCode+1","floor":33},{"not_picked":["bronze:BitShift+1","bronze:ItsAFeature+1","bronze:CutThrough+1"],"picked":"SKIP","floor":36},{"not_picked":["bronze:Shell+1","bronze:ChildClass+1"],"picked":"bronze:BuggyMess+1","floor":37},{"not_picked":["bronze:CutThrough+1","bronze:Invalidate+1"],"picked":"bronze:Turbo+1","floor":38},{"not_picked":["bronze:ChildClass+1","bronze:Shield+1"],"picked":"bronze:NullPointer+1","floor":39},{"not_picked":["bronze:Deprecate+1","bronze:WhirlingStrike+1"],"picked":"bronze:Shield+1","floor":42},{"not_picked":["bronze:Return+1","bronze:DelayedSlice+1"],"picked":"bronze:Shield+1","floor":44},{"not_picked":["bronze:OilSpill+1","bronze:Overheat+1"],"picked":"bronze:FineTuning+1","floor":45},{"not_picked":["bronze:FindAndReplace+1","bronze:Frontload+1","bronze:Invalidate+1"],"picked":"SKIP","floor":46},{"not_picked":["bronze:ChosenStrike+1","bronze:FineTuning+1"],"picked":"bronze:ClassDefault+1","floor":48},{"not_picked":["bronze:FineTuning+1","bronze:CloningBeam+1"],"picked":"bronze:Optimize+1","floor":49}],"player_experience":681259,"relics_obtained":[{"floor":7,"key":"War Paint"},{"floor":10,"key":"Pear"},{"floor":14,"key":"Letter Opener"},{"floor":17,"key":"Dream Catcher"},{"floor":17,"key":"Darkstone Periapt"},{"floor":17,"key":"Girya"},{"floor":24,"key":"The Courier"},{"floor":27,"key":"Guardian:PocketSentry"},{"floor":39,"key":"Calipers"},{"floor":41,"key":"PreservedInsect"},{"floor":45,"key":"Runesmith:Locket"}],"event_choices":[{"damage_healed":0,"gold_gain":0,"player_choice":"Box","damage_taken":0,"relics_obtained":["Orichalcum"],"max_hp_gain":0,"max_hp_loss":0,"event_name":"Big Fish","floor":6,"gold_loss":0,"cards_obtained":["Regret"]},{"damage_healed":0,"gold_gain":0,"player_choice":"Ignored","damage_taken":0,"max_hp_gain":0,"max_hp_loss":0,"event_name":"Ghosts","floor":31,"gold_loss":0},{"damage_healed":0,"gold_gain":0,"player_choice":"Fight","damage_taken":0,"max_hp_gain":0,"max_hp_loss":0,"event_name":"Mysterious Sphere","floor":39,"gold_loss":0}],"is_beta":false,"boss_relics":[{"not_picked":["Busted Crown","Astrolabe"],"picked":"Calling Bell"},{"not_picked":["Runic Dome","Runic Pyramid"],"picked":"Empty Cage"}],"items_purged_floors":[20,23,43],"is_endless":false,"potions_floor_spawned":[2,5,9,14,15,16,19,21,25,28,33,36,39,45],"ascension_level":0}}