{"host":"ux8r2oyej5019q8x","time":1611253472,"event":{"mods":["AchievementEnabler","BaseMod","Colored Map","Colored Powertips","GifTheSpireLib","HexUI Lib","Highlight Path","Minty Spire (QoL Compilation)","Rare Cards Sparkle","Relic Stats","StSLib","everything is the same but u backflip on backflip"],"gold_per_floor":[114,125,143,93,93,93,119,119,119,137,137,137,137,152,152,256,256,270,281,39,53,53,53],"floor_reached":22,"language":"ENG","playtime":1644,"items_purged":[],"score":233,"play_id":"b500af35-05bf-4f6e-87b4-9175edc7b32d","local_time":"20210121192432","is_ascension_mode":true,"campfire_choices":[{"data":"Chill","floor":6,"key":"SMITH"},{"floor":13,"key":"REST"},{"data":"Hyperbeam","floor":15,"key":"SMITH"}],"circlet_count":0,"master_deck":["Strike_B","Strike_B","Strike_B","Defend_B","Defend_B","Defend_B","Defend_B","Zap+1","Dualcast","Thinking Ahead","Compile Driver","Steam","Chill+1","Consume+1","Conserve Battery","Hyperbeam+1","Echo Form","Storm","Coolheaded","Loop","Rebound","Tempest+1"],"relics":["Cracked Core","Turnip","White Beast Statue","Omamori","Calling Bell","Potion Belt","Kunai","CaptainsWheel","DataDisk"],"acts_visited":["Exordium","TheCity"],"potions_floor_usage":[16,16,16],"damage_taken":[{"damage":0,"enemies":"Small Slimes","floor":1,"turns":2},{"damage":9,"enemies":"Jaw Worm","floor":2,"turns":4},{"damage":1,"enemies":"Cultist","floor":3,"turns":4},{"damage":20,"enemies":"Lagavulin","floor":7,"turns":8},{"damage":0,"enemies":"Looter","floor":10,"turns":4},{"damage":0,"enemies":"3 Louse","floor":14,"turns":4},{"damage":39,"enemies":"Hexaghost","floor":16,"turns":10},{"damage":18,"enemies":"2 Thieves","floor":18,"turns":4},{"damage":6,"enemies":"Spheric Guardian","floor":19,"turns":3},{"damage":14,"enemies":"Cultist and Chosen","floor":21,"turns":6},{"damage":18,"enemies":"Chosen and Byrds","floor":22,"turns":5}],"seed_played":"9007129615179346872","potions_obtained":[{"floor":1,"key":"Regen Potion"},{"floor":3,"key":"CultistPotion"},{"floor":10,"key":"SkillPotion"},{"floor":14,"key":"ColorlessPotion"},{"floor":16,"key":"FocusPotion"},{"floor":18,"key":"FocusPotion"},{"floor":19,"key":"PowerPotion"},{"floor":21,"key":"LiquidMemories"}],"is_trial":false,"path_per_floor":["M","M","M","?","?","R","E","?","T","M","?","?","R","M","R","B",null,"M","M","$","M","M"],"character_chosen":"DEFECT","items_purchased":["DataDisk","Loop","Rebound"],"campfire_rested":1,"item_purchase_floors":[20,20,20],"current_hp_per_floor":[68,59,58,58,58,58,38,38,38,38,20,20,40,40,40,16,55,37,31,31,17,0,0],"gold":53,"neow_bonus":"RANDOM_COLORLESS_2","is_daily":false,"chose_seed":false,"campfire_upgraded":2,"win_rate":0.0,"timestamp":1611253472,"path_taken":["M","M","M","?","?","R","E","?","T","?","?","?","R","M","R","BOSS","M","M","$","M","M"],"items_purchased_type":["Relic","Card","Card"],"build_version":"2020-12-22","purchased_purges":0,"victory":false,"max_hp_per_floor":[68,68,68,68,68,68,68,68,68,68,68,68,68,68,68,68,68,68,68,68,68,68,68],"relic_stats":{"counters":[11,54],"Turnip":[5],"Kunai":[3],"obtain_stats":[{"Calling Bell":17,"Potion Belt":17,"CaptainsWheel":17,"DataDisk":20,"Turnip":7,"Omamori":11,"Kunai":17,"Cracked Core":0,"White Beast Statue":9},{"Calling Bell":7,"Potion Belt":7,"CaptainsWheel":7,"DataDisk":9,"Turnip":4,"Omamori":5,"Kunai":7,"Cracked Core":0,"White Beast Statue":4},{"Calling Bell":36,"Potion Belt":36,"CaptainsWheel":36,"DataDisk":43,"Turnip":18,"Omamori":22,"Kunai":36,"Cracked Core":0,"White Beast Statue":18}]},"card_choices":[{"not_picked":["Magnetism","Transmutation"],"picked":"Thinking Ahead","floor":0},{"not_picked":["Rebound","Go for the Eyes"],"picked":"Compile Driver","floor":1},{"not_picked":["Barrage","Skim"],"picked":"Steam","floor":2},{"not_picked":["Conserve Battery","Skim"],"picked":"Chill","floor":3},{"not_picked":["Gash","Conserve Battery"],"picked":"Consume","floor":7},{"not_picked":["Chill","Redo"],"picked":"Conserve Battery","floor":10},{"not_picked":["Rebound","Compile Driver"],"picked":"Hyperbeam","floor":14},{"not_picked":["Meteor Strike","Thunder Strike"],"picked":"Echo Form","floor":16},{"not_picked":["Scrape","Tempest"],"picked":"Storm","floor":18},{"not_picked":["BootSequence","Cold Snap"],"picked":"Coolheaded","floor":19},{"not_picked":["Scrape","Double Energy+1"],"picked":"Tempest+1","floor":21}],"player_experience":189257,"relics_obtained":[{"floor":7,"key":"Turnip"},{"floor":9,"key":"White Beast Statue"},{"floor":17,"key":"Potion Belt"},{"floor":17,"key":"Kunai"},{"floor":17,"key":"CaptainsWheel"}],"event_choices":[{"cards_removed":["Strike_B"],"damage_healed":0,"gold_gain":0,"player_choice":"Card Removal","damage_taken":0,"max_hp_gain":0,"max_hp_loss":0,"event_name":"The Cleric","floor":4,"gold_loss":50},{"damage_healed":0,"gold_gain":0,"player_choice":"Ignored","damage_taken":0,"max_hp_gain":0,"max_hp_loss":0,"event_name":"Liars Game","floor":5,"gold_loss":0},{"damage_healed":0,"gold_gain":0,"player_choice":"Upgraded","damage_taken":0,"max_hp_gain":0,"max_hp_loss":0,"event_name":"Upgrade Shrine","floor":8,"gold_loss":0,"cards_upgraded":["Consume"]},{"damage_healed":0,"gold_gain":0,"player_choice":"Success","damage_taken":18,"relics_obtained":["Omamori"],"max_hp_gain":0,"max_hp_loss":0,"event_name":"Scrap Ooze","floor":11,"gold_loss":0},{"damage_healed":0,"gold_gain":0,"player_choice":"Forge","damage_taken":0,"max_hp_gain":0,"max_hp_loss":0,"event_name":"Accursed Blacksmith","floor":12,"gold_loss":0,"cards_upgraded":["Zap"]}],"is_beta":false,"boss_relics":[{"not_picked":["Philosopher\u0027s Stone","Velvet Choker"],"picked":"Calling Bell"}],"items_purged_floors":[],"is_endless":false,"potions_floor_spawned":[1,3,10,14,16,18,19,21],"killed_by":"Chosen and Byrds","ascension_level":5}}