{"host":"tgr1xoidyjfo4u0n","time":1611263636,"event":{"mods":["Act Like it!","Alarm Clock","BaseMod","CapriCore","Colored Powertips","GifTheSpireLib","Highlight Path","Minty Spire (QoL Compilation)","StSLib"],"gold_per_floor":[112,112,123,198,214,214,227,256,256,266,266,300,300,315,315,420,420,330,330],"floor_reached":18,"language":"ZHS","playtime":817,"items_purged":[],"score":172,"play_id":"4f85d797-47d4-4aef-a759-1cdaecdd3e27","local_time":"20210122051356","is_ascension_mode":false,"campfire_choices":[{"data":"Zap","floor":6.0,"key":"SMITH"},{"data":"Defragment","floor":11.0,"key":"SMITH"},{"data":"Heatsinks","floor":15.0,"key":"SMITH"}],"circlet_count":0,"master_deck":["Strike_B","Defend_B","Defend_B","Defend_B","Defend_B","Zap+1","Dualcast","Heatsinks+1","Double Energy","Auto Shields","Defragment+1","Hologram","Compile Driver","Hologram","Meteor Strike"],"relics":["Cracked Core","Gremlin Horn","Turnip","Coffee Dripper"],"acts_visited":["Exordium","TheCity"],"potions_floor_usage":[],"damage_taken":[{"damage":7.0,"enemies":"Small Slimes","floor":1.0,"turns":3.0},{"damage":0.0,"enemies":"2 Louse","floor":3.0,"turns":4.0},{"damage":0.0,"enemies":"Cultist","floor":5.0,"turns":4.0},{"damage":3.0,"enemies":"Red Slaver","floor":7.0,"turns":3.0},{"damage":17.0,"enemies":"3 Sentries","floor":8.0,"turns":7.0},{"damage":2.0,"enemies":"Blue Slaver","floor":10.0,"turns":5.0},{"damage":12.0,"enemies":"Lagavulin","floor":12.0,"turns":7.0},{"damage":0.0,"enemies":"Looter","floor":14.0,"turns":3.0},{"damage":28.0,"enemies":"Hexaghost","floor":16.0,"turns":11.0},{"damage":29,"enemies":"2 Thieves","floor":18,"turns":4}],"seed_played":"-5082342998943331252","potions_obtained":[{"floor":3.0,"key":"PowerPotion"},{"floor":10.0,"key":"Regen Potion"},{"floor":14.0,"key":"Ancient Potion"}],"is_trial":false,"path_per_floor":["M","?","M","?","M","R","M","E","T","M","R","E","?","M","R","B",null,"M"],"character_chosen":"DEFECT","items_purchased":[],"campfire_rested":0,"item_purchase_floors":[],"current_hp_per_floor":[68,61,61,50,50,50,47,30,30,28,28,31,31,31,31,3,75,46,46],"gold":330,"neow_bonus":"REMOVE_CARD","is_daily":false,"chose_seed":false,"campfire_upgraded":3,"win_rate":0.0,"timestamp":1611263636,"path_taken":["M","?","M","?","M","R","M","E","T","M","R","E","?","M","R","BOSS","BOSS","M"],"items_purchased_type":[],"build_version":"2020-12-22","purchased_purges":0,"victory":false,"max_hp_per_floor":[75,75,75,75,75,75,75,75,75,75,75,75,75,75,75,75,75,75,75],"card_choices":[{"not_picked":["Cold Snap","Barrage","Streamline"],"picked":"SKIP","floor":1.0},{"not_picked":["Compile Driver","Self Repair"],"picked":"Heatsinks","floor":3.0},{"not_picked":["Streamline","Blizzard"],"picked":"Double Energy","floor":5.0},{"not_picked":["Go for the Eyes","Undo"],"picked":"Auto Shields","floor":7.0},{"not_picked":["Doom and Gloom","Gash"],"picked":"Defragment","floor":8.0},{"not_picked":["Conserve Battery","Sweeping Beam"],"picked":"Hologram","floor":10.0},{"not_picked":["Sweeping Beam","Barrage"],"picked":"Compile Driver","floor":12.0},{"not_picked":["Conserve Battery","Darkness"],"picked":"Hologram","floor":14.0},{"not_picked":["Core Surge","Rainbow"],"picked":"Meteor Strike","floor":16}],"player_experience":397109,"relics_obtained":[{"floor":8.0,"key":"Gremlin Horn"},{"floor":12.0,"key":"Turnip"}],"event_choices":[{"cards_removed":["Strike_B"],"damage_healed":0.0,"max_hp_gain":0.0,"max_hp_loss":0.0,"gold_gain":0.0,"event_name":"Golden Wing","player_choice":"Card Removal","floor":2.0,"gold_loss":0.0,"damage_taken":7.0},{"damage_healed":0.0,"max_hp_gain":0.0,"max_hp_loss":0.0,"gold_gain":75.0,"event_name":"World of Goop","player_choice":"Gather Gold","floor":4.0,"gold_loss":0.0,"damage_taken":11.0},{"cards_removed":["Strike_B"],"damage_healed":0.0,"max_hp_gain":0.0,"max_hp_loss":0.0,"gold_gain":0.0,"event_name":"Bonfire Elementals","player_choice":"Offered Basic","floor":13.0,"gold_loss":0.0,"damage_taken":0.0}],"is_beta":false,"boss_relics":[{"not_picked":["Cursed Key","Calling Bell"],"picked":"Coffee Dripper"}],"items_purged_floors":[],"is_endless":false,"potions_floor_spawned":[3,10,14],"killed_by":"2 Thieves","ascension_level":0}}