{"host":"qsusua7l529r8z9k","time":1611208223,"event":{"mods":["BaseMod","Minty Spire (QoL Compilation)","Spicy Shops","StSLib","WarShipGirlsR/’ΩΩ¢…Ÿ≈ÆR mod"],"gold_per_floor":[117,192,17,33,33,65,82,115,167,184,184,202,222,240,240,345,345,358,377,446,496,546,546,580,597,597,627,627,647,210,260,260,365,365,385,435,448,98,161,196,206,40,40,169,189,189,209,242,242,242],"floor_reached":51,"language":"ZHS","playtime":2619,"items_purged":["rmod:strick","rmod:strick","rmod:strick","rmod:defend","rmod:defend"],"score":941,"play_id":"2f6b6f2e-5241-4b15-9d07-f1dbb67a12a8","local_time":"20210121135023","is_ascension_mode":false,"campfire_choices":[{"data":"rmod:ammunitionsupply","floor":11.0,"key":"SMITH"},{"data":"rmod:luckystar","floor":15.0,"key":"SMITH"},{"data":"rmod:aviationdawn","floor":23.0,"key":"SMITH"},{"data":"rmod:ridicule","floor":28.0,"key":"SMITH"},{"data":"rmod:diaomin","floor":32.0,"key":"SMITH"},{"data":"Apotheosis","floor":46,"key":"SMITH"},{"data":"rmod:defend","floor":49,"key":"PURGE"}],"circlet_count":0,"master_deck":["rmod:defend","rmod:basicallowance","rmod:maingunfire","rmod:circuitoustactics","rmod:ammunitionsupply+1","rmod:aggressivemary","rmod:luckystar+1","rmod:u235","rmod:fuelsupply","rmod:mineteam","rmod:ridicule+1","rmod:aviationdawn+1","rmod:launchingtorpedo+1","rmod:supportescort","rmod:highspeedmaneuver","rmod:diaomin+1","rmod:acesubmarine","CurseOfTheBell","rmod:ridicule+1","rmod:steelsupply+1","rmod:intelligenceanalysis+1","rmod:expeditionaryescort","rmod:firesupport","Apotheosis+1","rmod:garrisonisland+1"],"relics":["rmod:firstchargereward","NeowsBlessing","SsserpentHead","Ornamental Fan","Akabeko","Bag of Marbles","rmod:monthlycard","Peace Pipe","MealTicket","Matryoshka","Smiling Mask","Mercury Hourglass","Calling Bell","Ancient Tea Set","HornCleat","rmod:quickrepair","Bottled Flame","Turnip","Toxic Egg 2","Question Card","Sundial","rmod:equipmentrecovery"],"acts_visited":["Exordium","TheCity","TheBeyond"],"potions_floor_usage":[50,50],"damage_taken":[{"damage":0.0,"enemies":"Jaw Worm","floor":1.0,"turns":1.0},{"damage":0.0,"enemies":"2 Louse","floor":4.0,"turns":1.0},{"damage":0.0,"enemies":"3 Sentries","floor":6.0,"turns":3.0},{"damage":0.0,"enemies":"Cultist","floor":7.0,"turns":3.0},{"damage":22.0,"enemies":"Lagavulin","floor":8.0,"turns":5.0},{"damage":3.0,"enemies":"2 Fungi Beasts","floor":10.0,"turns":2.0},{"damage":5.0,"enemies":"3 Louse","floor":12.0,"turns":3.0},{"damage":0.0,"enemies":"Large Slime","floor":13.0,"turns":4.0},{"damage":0.0,"enemies":"Red Slaver","floor":14.0,"turns":1.0},{"damage":10.0,"enemies":"The Guardian","floor":16.0,"turns":7.0},{"damage":6.0,"enemies":"3 Byrds","floor":18.0,"turns":6.0},{"damage":15.0,"enemies":"2 Thieves","floor":19.0,"turns":3.0},{"damage":22.0,"enemies":"Sentry and Sphere","floor":20.0,"turns":6.0},{"damage":0.0,"enemies":"Gremlin Leader","floor":24.0,"turns":1.0},{"damage":6.0,"enemies":"Snake Plant","floor":25.0,"turns":2.0},{"damage":9.0,"enemies":"3 Cultists","floor":29.0,"turns":3.0},{"damage":9.0,"enemies":"Automaton","floor":33.0,"turns":7.0},{"damage":6.0,"enemies":"3 Shapes","floor":35.0,"turns":5.0},{"damage":0.0,"enemies":"Orb Walker","floor":37.0,"turns":3.0},{"damage":0.0,"enemies":"3 Darklings","floor":39.0,"turns":1.0},{"damage":6.0,"enemies":"Nemesis","floor":40.0,"turns":2.0},{"damage":16.0,"enemies":"Maw","floor":41.0,"turns":6.0},{"damage":5,"enemies":"Writhing Mass","floor":45,"turns":2},{"damage":0,"enemies":"Spire Growth","floor":47,"turns":1},{"damage":0,"enemies":"Reptomancer","floor":48,"turns":1},{"damage":0,"enemies":"Donu and Deca","floor":50,"turns":4}],"seed_played":"-1483900826578205711","potions_obtained":[{"floor":4.0,"key":"Energy Potion"},{"floor":6.0,"key":"GamblersBrew"},{"floor":8.0,"key":"SkillPotion"},{"floor":29.0,"key":"ColorlessPotion"},{"floor":33.0,"key":"DuplicationPotion"},{"floor":37.0,"key":"DistilledChaos"}],"is_trial":false,"path_per_floor":["M","?","$","M","?","E","M","E","T","M","R","M","M","M","R","B",null,"M","M","M","?","?","R","E","M","T","?","R","M","$","T","R","B",null,"M","?","M","$","M","E","M","$","T","T","M","R","M","E","R","B",null],"character_chosen":"PRAEFECT","items_purchased":["Matryoshka","rmod:diaomin","Bottled Flame","Apotheosis"],"campfire_rested":0,"item_purchase_floors":[30,30,38,42],"current_hp_per_floor":[75,64,64,64,64,64,64,42,42,39,39,34,34,34,34,24,75,69,54,32,32,32,32,32,26,26,26,26,17,32,32,32,23,75,69,69,69,75,75,69,53,68,68,68,63,63,63,63,63,63],"gold":242,"neow_bonus":"THREE_ENEMY_KILL","is_daily":false,"chose_seed":false,"campfire_upgraded":6,"win_rate":0.0,"timestamp":1611208223,"path_taken":["M","?","$","M","?","E","M","E","T","M","R","M","M","M","R","BOSS","M","M","?","?","?","R","E","M","T","?","R","M","$","?","R","BOSS","M","?","M","$","?","E","M","$","T","?","M","R","M","E","R","BOSS"],"items_purchased_type":["Relic","Card","Relic","Card"],"build_version":"2020-12-22","purchased_purges":5,"victory":true,"max_hp_per_floor":[75,75,75,75,75,75,75,75,75,75,75,75,75,75,75,75,75,75,75,75,75,75,75,75,75,75,75,75,75,75,75,75,75,75,75,75,75,75,75,75,75,75,75,75,75,75,75,75,75,75],"card_choices":[{"not_picked":["rmod:intelligenceanalysis","rmod:advancebysurprise"],"picked":"rmod:circuitoustactics","floor":1.0},{"not_picked":["rmod:rockthrower","rmod:sl"],"picked":"rmod:ammunitionsupply","floor":4.0},{"not_picked":["rmod:bulid","rmod:guardianhero"],"picked":"rmod:aggressivemary","floor":6.0},{"not_picked":["rmod:tearstotiara","rmod:fuelsupply"],"picked":"rmod:luckystar","floor":7.0},{"not_picked":["rmod:steelsupply","rmod:firesupport"],"picked":"rmod:u235","floor":8.0},{"not_picked":["rmod:aluminumsupply","rmod:fletcherpendant","rmod:fuelsupply"],"picked":"SKIP","floor":10.0},{"not_picked":["rmod:diamondstrike","rmod:unsinkable"],"picked":"rmod:fuelsupply","floor":12.0},{"not_picked":["rmod:victimresponsibility","rmod:diamondstrike","rmod:fletcherpendant"],"picked":"SKIP","floor":13.0},{"not_picked":["rmod:gendarmerie","rmod:aviationdawn"],"picked":"rmod:mineteam","floor":14.0},{"not_picked":["rmod:abidefaith","rmod:highspeedmaneuver"],"picked":"rmod:ridicule","floor":16.0},{"not_picked":["rmod:steelsupply","rmod:tearstotiara"],"picked":"rmod:aviationdawn","floor":18.0},{"not_picked":["rmod:aluminumsupply+1","rmod:capitalist+1","rmod:fuelsupply"],"picked":"SKIP","floor":19.0},{"not_picked":["rmod:aviationdawn+1","rmod:supportaircraftcarrier"],"picked":"rmod:launchingtorpedo+1","floor":20.0},{"not_picked":["rmod:diamondstrike","rmod:goodsister","rmod:victimresponsibility"],"picked":"SKIP","floor":24.0},{"not_picked":["rmod:fletcherpendant+1","rmod:capitalist+1","rmod:luckystar"],"picked":"SKIP","floor":25.0},{"not_picked":[],"picked":"rmod:supportescort","floor":27.0},{"not_picked":[],"picked":"rmod:highspeedmaneuver","floor":27.0},{"not_picked":["rmod:sl","rmod:fuelsupply+1","rmod:slowdown"],"picked":"SKIP","floor":29.0},{"not_picked":["rmod:u235","rmod:expeditionaryescort"],"picked":"rmod:acesubmarine","floor":33.0},{"not_picked":["rmod:rockthrower+1","rmod:fletcherpendant+1","rmod:victimresponsibility"],"picked":"SKIP","floor":35.0},{"not_picked":["rmod:diamondstrike","rmod:punchline"],"picked":"rmod:steelsupply+1","floor":37.0},{"not_picked":["rmod:ammunitionsupply+1","rmod:supportescort+1"],"picked":"rmod:intelligenceanalysis+1","floor":39.0},{"not_picked":["rmod:garrisonisland","rmod:intelligenceanalysis+1"],"picked":"rmod:expeditionaryescort","floor":40.0},{"not_picked":["rmod:diamondstrike+1","rmod:supportaircraftcarrier"],"picked":"rmod:firesupport","floor":41.0},{"not_picked":["rmod:supportaircraftcarrier+1","rmod:launchingtorpedo+1","rmod:unsinkable+1"],"picked":"rmod:garrisonisland+1","floor":45},{"not_picked":["rmod:tearstotiara+1","rmod:victimresponsibility+1","rmod:circuitoustactics+1","rmod:gendarmerie+1"],"picked":"SKIP","floor":47},{"not_picked":["rmod:luckystar+1","rmod:unsinkable+1","rmod:fuelsupply+1","rmod:supriseattacks+1"],"picked":"SKIP","floor":48}],"player_experience":418552,"relics_obtained":[{"floor":6.0,"key":"Ornamental Fan"},{"floor":8.0,"key":"Akabeko"},{"floor":9.0,"key":"Bag of Marbles"},{"floor":24.0,"key":"Peace Pipe"},{"floor":26.0,"key":"MealTicket"},{"floor":31.0,"key":"Smiling Mask"},{"floor":31.0,"key":"Mercury Hourglass"},{"floor":34.0,"key":"Ancient Tea Set"},{"floor":34.0,"key":"HornCleat"},{"floor":34.0,"key":"rmod:quickrepair"},{"floor":40.0,"key":"Turnip"},{"floor":43,"key":"Toxic Egg 2"},{"floor":43,"key":"Question Card"},{"floor":44,"key":"Sundial"},{"floor":48,"key":"rmod:equipmentrecovery"}],"event_choices":[{"damage_healed":0.0,"max_hp_gain":0.0,"max_hp_loss":0.0,"gold_gain":75.0,"event_name":"World of Goop","player_choice":"Gather Gold","floor":2.0,"gold_loss":0.0,"damage_taken":11.0},{"damage_healed":0.0,"max_hp_gain":0.0,"max_hp_loss":0.0,"gold_gain":0.0,"event_name":"FaceTrader","player_choice":"Trade","floor":5.0,"gold_loss":0.0,"damage_taken":0.0,"relics_obtained":["SsserpentHead"]},{"cards_removed":["rmod:strick"],"damage_healed":0.0,"max_hp_gain":0.0,"max_hp_loss":0.0,"gold_gain":0.0,"event_name":"Back to Basics","player_choice":"Elegance","floor":21.0,"gold_loss":0.0,"damage_taken":0.0},{"damage_healed":0.0,"max_hp_gain":0.0,"max_hp_loss":0.0,"gold_gain":0.0,"event_name":"Ghosts","player_choice":"Ignored","floor":22.0,"gold_loss":0.0,"damage_taken":0.0},{"damage_healed":0.0,"max_hp_gain":0.0,"max_hp_loss":0.0,"gold_gain":0.0,"event_name":"Duplicator","player_choice":"Copied","floor":36.0,"gold_loss":0.0,"damage_taken":0.0,"cards_obtained":["rmod:ridicule"]}],"is_beta":false,"boss_relics":[{"not_picked":["rmod:mogul","SacredBark"],"picked":"rmod:monthlycard"},{"not_picked":["Runic Pyramid","Coffee Dripper"],"picked":"Calling Bell"}],"items_purged_floors":[3,3,30,38,38],"is_endless":false,"potions_floor_spawned":[4,6,8,12,29,33,37,39,45,47],"ascension_level":0}}