{"host":"dqv8oo4v229c1o2l","time":1611203403,"event":{"mods":["AchievementEnabler","BaseMod","Colored Map","Colored Powertips","Minty Spire (QoL Compilation)","Quick Restart","Rare Cards Sparkle","StSLib","Synergy Search"],"gold_per_floor":[116,116,162,162,180,180,37,62,85,100,116,131,174,187,187,313,313,336,407,119,143,0,0,24,24,24,40,40,40,139,139,139,260,260,278,91,191,6,25,25,61,61,61,61,82,82,142,142,142,142],"floor_reached":51,"language":"ENG","playtime":2264,"items_purged":[],"score":885,"play_id":"285f3027-0d85-4be1-bd14-9041a4ae698f","local_time":"20210120203003","is_ascension_mode":true,"campfire_choices":[{"data":"Zap","floor":6.0,"key":"SMITH"},{"data":"Barrage","floor":15.0,"key":"SMITH"},{"data":"Electrodynamics","floor":23.0,"key":"SMITH"},{"floor":25,"key":"REST"},{"data":"Go for the Eyes","floor":28,"key":"SMITH"},{"floor":32,"key":"REST"},{"data":"Buffer","floor":40,"key":"SMITH"},{"data":"Defragment","floor":42,"key":"SMITH"},{"floor":44,"key":"REST"},{"floor":49,"key":"REST"}],"circlet_count":0,"master_deck":["Defend_B","Defend_B","Defend_B","Defend_B","Zap+1","Dualcast","Barrage+1","Genetic Algorithm","All For One","Genetic Algorithm","Skim","Ball Lightning+1","Electrodynamics+1","Go for the Eyes+1","Buffer+1","Echo Form","Gash","Defragment+1","Gash","FTL","FTL","Gash","Thunder Strike","Streamline+1","Redo","Streamline+1"],"relics":["Cracked Core","Golden Idol","Juzu Bracelet","Tiny Chest","Lizard Tail","SlaversCollar","Meat on the Bone","Turnip","Runic Capacitor","Blood Vial","Inserter","Membership Card","Whetstone","MealTicket","Calipers","FossilizedHelix"],"acts_visited":["Exordium","TheCity","TheBeyond"],"potions_floor_usage":[33,33,33,47,47,50,50],"damage_taken":[{"damage":1.0,"enemies":"2 Louse","floor":1.0,"turns":2.0},{"damage":1.0,"enemies":"Jaw Worm","floor":5.0,"turns":4.0},{"damage":0.0,"enemies":"Cultist","floor":8.0,"turns":4.0},{"damage":1.0,"enemies":"Looter","floor":10.0,"turns":4.0},{"damage":25.0,"enemies":"Exordium Thugs","floor":11.0,"turns":4.0},{"damage":6.0,"enemies":"Blue Slaver","floor":12.0,"turns":3.0},{"damage":15.0,"enemies":"3 Sentries","floor":13.0,"turns":7.0},{"damage":25.0,"enemies":"Gremlin Gang","floor":14.0,"turns":4.0},{"damage":36.0,"enemies":"The Guardian","floor":16.0,"turns":11.0},{"damage":6.0,"enemies":"3 Byrds","floor":18.0,"turns":2.0},{"damage":28.0,"enemies":"2 Thieves","floor":21.0,"turns":3.0},{"damage":21,"enemies":"Snake Plant","floor":24,"turns":4},{"damage":7,"enemies":"Cultist and Chosen","floor":27,"turns":4},{"damage":37,"enemies":"Champ","floor":33,"turns":9},{"damage":13,"enemies":"3 Shapes","floor":35,"turns":5},{"damage":0,"enemies":"Orb Walker","floor":39,"turns":4},{"damage":33,"enemies":"Giant Head","floor":41,"turns":6},{"damage":0,"enemies":"Maw","floor":45,"turns":7},{"damage":46,"enemies":"2 Orb Walkers","floor":47,"turns":5},{"damage":11,"enemies":"Time Eater","floor":50,"turns":8}],"seed_played":"5580660559242671998","potions_obtained":[{"floor":8.0,"key":"Fruit Juice"},{"floor":12.0,"key":"DistilledChaos"},{"floor":16.0,"key":"Energy Potion"},{"floor":21.0,"key":"Energy Potion"},{"floor":24,"key":"Swift Potion"},{"floor":33,"key":"Fire Potion"},{"floor":35,"key":"FearPotion"},{"floor":45,"key":"AttackPotion"},{"floor":47,"key":"FocusPotion"}],"is_trial":false,"path_per_floor":["M","?","T","?","M","R","$","M","T","M","M","M","E","M","R","B",null,"M","T","$","M","$","R","M","R","T","M","R","?","?","T","R","B",null,"M","$","?","$","M","R","E","R","T","R","M","?","?","T","R","B",null],"character_chosen":"DEFECT","items_purchased":["All For One","Turnip","Runic Capacitor","Defragment","Gash","FTL","Membership Card","FTL"],"campfire_rested":4,"item_purchase_floors":[7,20,22,36,36,36,38,38],"current_hp_per_floor":[67,67,67,67,66,66,66,66,66,65,45,39,24,37,37,1,56,50,50,50,34,34,34,25,47,47,42,42,42,42,42,64,41,66,55,55,55,55,57,57,38,38,38,60,62,62,30,30,52,43],"gold":142,"neow_bonus":"REMOVE_CARD","is_daily":false,"chose_seed":false,"campfire_upgraded":6,"win_rate":0.0,"timestamp":1611203403,"path_taken":["M","?","?","?","M","R","$","M","T","M","M","M","E","M","R","BOSS","M","?","$","M","$","R","M","R","T","M","R","?","?","?","R","BOSS","M","$","?","$","M","R","E","R","T","R","M","?","?","?","R","BOSS"],"items_purchased_type":["Card","Relic","Relic","Card","Card","Card","Relic","Card"],"build_version":"2020-12-22","purchased_purges":0,"victory":true,"max_hp_per_floor":[75,69,69,69,69,69,69,69,69,69,74,74,74,74,74,74,74,74,74,74,74,74,74,74,74,74,74,74,74,74,74,74,74,74,74,74,74,74,74,74,74,74,74,74,74,74,74,74,74,74],"card_choices":[{"not_picked":["Cold Snap","Blizzard","Steam"],"picked":"SKIP","floor":1.0},{"not_picked":["Barrage","Hologram"],"picked":"Genetic Algorithm","floor":5.0},{"not_picked":["Stack","Streamline","Rebound"],"picked":"SKIP","floor":8.0},{"not_picked":["Streamline","Auto Shields"],"picked":"Genetic Algorithm","floor":10.0},{"not_picked":["Compile Driver","Doom and Gloom","Meteor Strike"],"picked":"SKIP","floor":11.0},{"not_picked":["Genetic Algorithm","Streamline"],"picked":"Skim","floor":12.0},{"not_picked":["Skim","Self Repair"],"picked":"Ball Lightning","floor":13.0},{"not_picked":["Scrape","Darkness","Blizzard"],"picked":"SKIP","floor":14.0},{"not_picked":["Seek","Machine Learning"],"picked":"Electrodynamics","floor":16.0},{"not_picked":["Hello World","Beam Cell","Conserve Battery"],"picked":"SKIP","floor":18.0},{"not_picked":["Sweeping Beam+1","Capacitor","Steam"],"picked":"SKIP","floor":21.0},{"not_picked":["Cold Snap+1","Chill","Coolheaded"],"picked":"SKIP","floor":24},{"not_picked":["Barrage","Leap"],"picked":"Go for the Eyes","floor":27},{"not_picked":["Electrodynamics","Seek"],"picked":"Echo Form","floor":33},{"not_picked":["Darkness+1","Undo+1"],"picked":"Gash","floor":35},{"not_picked":["Rebound+1","Compile Driver"],"picked":"Gash","floor":39},{"not_picked":["Sweeping Beam+1","Barrage"],"picked":"Thunder Strike","floor":41},{"not_picked":["BootSequence+1","Compile Driver+1"],"picked":"Streamline+1","floor":45},{"not_picked":["Hologram","Skim+1"],"picked":"Streamline+1","floor":47}],"player_experience":294577,"relics_obtained":[{"floor":3.0,"key":"Juzu Bracelet"},{"floor":9.0,"key":"Tiny Chest"},{"floor":13.0,"key":"Lizard Tail"},{"floor":19.0,"key":"Meat on the Bone"},{"floor":26,"key":"Blood Vial"},{"floor":41,"key":"Whetstone"},{"floor":43,"key":"MealTicket"},{"floor":47,"key":"Calipers"},{"floor":48,"key":"FossilizedHelix"}],"event_choices":[{"damage_healed":0.0,"max_hp_gain":0.0,"max_hp_loss":6.0,"gold_gain":0.0,"event_name":"Golden Idol","player_choice":"Lose Max HP","floor":2.0,"gold_loss":0.0,"damage_taken":0.0,"relics_obtained":["Golden Idol"]},{"damage_healed":0.0,"max_hp_gain":0.0,"max_hp_loss":0.0,"gold_gain":0.0,"cards_transformed":["Strike_B"],"event_name":"Transmorgrifier","player_choice":"Transformed","floor":4.0,"gold_loss":0.0,"damage_taken":0.0,"cards_obtained":["Barrage"]},{"damage_healed":0,"gold_gain":0,"cards_transformed":["Strike_B"],"player_choice":"Transformed","damage_taken":0,"max_hp_gain":0,"max_hp_loss":0,"event_name":"Transmorgrifier","floor":29,"gold_loss":0,"cards_obtained":["Buffer"]},{"damage_healed":0,"gold_gain":99,"player_choice":"Stole From Cult","damage_taken":0,"max_hp_gain":0,"max_hp_loss":0,"event_name":"Nest","floor":30,"gold_loss":0},{"damage_healed":0,"gold_gain":100,"player_choice":"Pray","damage_taken":0,"max_hp_gain":0,"max_hp_loss":0,"event_name":"Golden Shrine","floor":37,"gold_loss":0},{"damage_healed":0,"gold_gain":0,"cards_transformed":["Strike_B"],"player_choice":"Transformed","damage_taken":0,"max_hp_gain":0,"max_hp_loss":0,"event_name":"Transmorgrifier","floor":46,"gold_loss":0,"cards_obtained":["Redo"]},{"damage_healed":0,"gold_gain":0,"player_choice":"Fight","damage_taken":0,"max_hp_gain":0,"max_hp_loss":0,"event_name":"Mysterious Sphere","floor":47,"gold_loss":0}],"is_beta":false,"boss_relics":[{"not_picked":["SacredBark","Ectoplasm"],"picked":"SlaversCollar"},{"not_picked":["Cursed Key","Calling Bell"],"picked":"Inserter"}],"items_purged_floors":[],"is_endless":false,"potions_floor_spawned":[8,12,16,21,24,33,35,45,47],"ascension_level":6}}