{"host":"8by3m8mve9y2rhh4","time":1611243957,"event":{"mods":["BaseMod","Minty Spire (QoL Compilation)","Quick Restart"],"gold_per_floor":[111,111,36,51,126,160,177,177,177,177,208,208,223,0,0,101,101,85,85,101,134,34,34,59,59,85,85,101,115,149,24,24,129,129,146,165,15,33,47,75,91,91,91,107,107,107,137,137,137,137,137,137,57,87,87],"floor_reached":56,"language":"ENG","playtime":3038,"items_purged":["Strike_G","Strike_G","Strike_G","Strike_G"],"score":1352,"play_id":"42ca821f-aaff-41ab-80f7-55f0cd13e94c","local_time":"20210121154557","is_ascension_mode":true,"campfire_choices":[{"floor":8,"key":"REST"},{"floor":12,"key":"DIG"},{"floor":15,"key":"REST"},{"floor":23,"key":"REST"},{"floor":25,"key":"REST"},{"floor":27,"key":"REST"},{"floor":32,"key":"REST"},{"floor":42,"key":"RECALL"},{"floor":49,"key":"REST"},{"floor":52,"key":"DIG"}],"circlet_count":0,"master_deck":["Strike_G","Defend_G","Defend_G","Defend_G","Defend_G","Defend_G","Survivor","Neutralize","Noxious Fumes","Sucker Punch","Crippling Poison","Backflip","Blur","Footwork","After Image","Bouncing Flask","Footwork","Deadly Poison","Sucker Punch+1","Escape Plan","Malaise","Deadly Poison+1","Heel Hook","Prepared","Decay","Blur+1","Leg Sweep"],"relics":["Ring of the Snake","Paper Crane","Bag of Preparation","Shovel","Singing Bowl","ClockworkSouvenir","SlaversCollar","Red Mask","Calipers","Centennial Puzzle","Orichalcum","Cursed Key","Vajra","Letter Opener","Strawberry","Mummified Hand","Shuriken"],"acts_visited":["Exordium","TheCity","TheBeyond","TheEnding"],"potions_floor_usage":[11,18,18,29,30,40,55,55],"damage_taken":[{"damage":0,"enemies":"2 Louse","floor":1,"turns":4},{"damage":0,"enemies":"Jaw Worm","floor":4,"turns":4},{"damage":16,"enemies":"Lagavulin","floor":6,"turns":11},{"damage":1,"enemies":"Small Slimes","floor":7,"turns":5},{"damage":13,"enemies":"3 Sentries","floor":11,"turns":8},{"damage":1,"enemies":"3 Louse","floor":13,"turns":3},{"damage":3,"enemies":"The Guardian","floor":16,"turns":15},{"damage":8,"enemies":"2 Thieves","floor":18,"turns":4},{"damage":0,"enemies":"Chosen","floor":20,"turns":7},{"damage":50,"enemies":"Masked Bandits","floor":21,"turns":12},{"damage":0,"enemies":"Book of Stabbing","floor":24,"turns":8},{"damage":11,"enemies":"Centurion and Healer","floor":28,"turns":10},{"damage":20,"enemies":"Chosen and Byrds","floor":29,"turns":8},{"damage":10,"enemies":"Slavers","floor":30,"turns":8},{"damage":16,"enemies":"Champ","floor":33,"turns":15},{"damage":0,"enemies":"3 Darklings","floor":35,"turns":7},{"damage":11,"enemies":"Orb Walker","floor":36,"turns":6},{"damage":2,"enemies":"Writhing Mass","floor":38,"turns":7},{"damage":4,"enemies":"Maw","floor":39,"turns":8},{"damage":16,"enemies":"Reptomancer","floor":40,"turns":8},{"damage":1,"enemies":"Spire Growth","floor":41,"turns":7},{"damage":3,"enemies":"Transient","floor":44,"turns":5},{"damage":0,"enemies":"Nemesis","floor":47,"turns":9},{"damage":4,"enemies":"Donu and Deca","floor":50,"turns":14},{"damage":3,"enemies":"Shield and Spear","floor":54,"turns":8},{"damage":27,"enemies":"The Heart","floor":55,"turns":15}],"seed_played":"-7700762173764252046","potions_obtained":[{"floor":7,"key":"Poison Potion"},{"floor":11,"key":"SkillPotion"},{"floor":13,"key":"GamblersBrew"},{"floor":18,"key":"Ancient Potion"},{"floor":28,"key":"Explosive Potion"},{"floor":29,"key":"DuplicationPotion"},{"floor":39,"key":"PowerPotion"},{"floor":44,"key":"SmokeBomb"},{"floor":47,"key":"Dexterity Potion"},{"floor":54,"key":"Block Potion"}],"is_trial":false,"path_per_floor":["M","?","$","M","?","E","M","R","T","?","E","R","M","$","R","B",null,"M","?","M","?","$","R","E","R","T","R","M","M","E","$","R","B",null,"M","M","$","M","M","E","M","R","T","M","?","?","E","$","R","B",null,"R","$","E","B",null],"character_chosen":"THE_SILENT","items_purchased":["Footwork","ClockworkSouvenir","Leg Sweep"],"campfire_rested":7,"item_purchase_floors":[14,14,53],"current_hp_per_floor":[77,70,70,70,59,43,42,65,65,70,57,57,56,56,80,77,82,74,58,58,8,8,34,36,62,62,88,77,59,49,49,76,60,91,93,82,82,82,78,64,63,63,63,60,62,62,71,71,103,99,108,108,108,107,80],"gold":87,"neow_bonus":"TEN_PERCENT_HP_BONUS","is_daily":false,"chose_seed":false,"campfire_upgraded":0,"win_rate":0.0,"timestamp":1611243957,"path_taken":["M","?","$","M","?","E","M","R","T","?","E","R","M","$","R","BOSS","M","?","M","?","$","R","E","R","T","R","M","?","E","$","R","BOSS","M","M","$","M","M","E","M","R","T","M","?","?","E","$","R","BOSS","R","$","E","BOSS"],"items_purchased_type":["Card","Relic","Card"],"build_version":"2020-12-22","purchased_purges":4,"victory":true,"max_hp_per_floor":[77,77,77,77,77,77,77,77,77,82,82,82,82,82,82,82,82,82,87,87,87,87,87,89,89,89,89,89,91,91,91,91,91,91,93,93,93,95,95,97,97,97,97,97,99,99,108,108,108,108,108,108,108,110,110],"card_choices":[{"not_picked":["Backflip","Cloak And Dagger"],"picked":"Noxious Fumes","floor":1},{"not_picked":["Heel Hook","Choke"],"picked":"Sucker Punch","floor":4},{"not_picked":["Dagger Spray","Slice"],"picked":"Crippling Poison","floor":6},{"not_picked":["PiercingWail","Setup"],"picked":"Backflip","floor":7},{"not_picked":["Infinite Blades","Dagger Spray","Reflex"],"picked":"SKIP","floor":11},{"not_picked":["Deflect","Setup"],"picked":"Blur","floor":13},{"not_picked":["Storm of Steel","Night Terror"],"picked":"After Image","floor":16},{"not_picked":["Blade Dance","Backstab+1"],"picked":"Bouncing Flask","floor":18},{"not_picked":["Outmaneuver","Dodge and Roll+1"],"picked":"Footwork","floor":20},{"not_picked":["PiercingWail","Outmaneuver"],"picked":"Deadly Poison","floor":21},{"not_picked":["Underhanded Strike","Deadly Poison","Terror"],"picked":"Singing Bowl","floor":24},{"not_picked":["Concentrate","Distraction"],"picked":"Sucker Punch+1","floor":28},{"not_picked":["Dagger Throw","Flechettes","Glass Knife"],"picked":"Singing Bowl","floor":29},{"not_picked":["Backflip","Sucker Punch"],"picked":"Escape Plan","floor":30},{"not_picked":["Phantasmal Killer","Doppelganger"],"picked":"Malaise","floor":33},{"not_picked":["Deflect+1","Well Laid Plans+1","Underhanded Strike+1"],"picked":"Singing Bowl","floor":35},{"not_picked":["Backflip","Quick Slash"],"picked":"Deadly Poison+1","floor":36},{"not_picked":["Deadly Poison","Well Laid Plans+1","Slice+1"],"picked":"Singing Bowl","floor":38},{"not_picked":["Infinite Blades","Quick Slash"],"picked":"Heel Hook","floor":39},{"not_picked":["Acrobatics+1","Outmaneuver+1","Slice"],"picked":"Singing Bowl","floor":40},{"not_picked":["Deadly Poison+1","Wraith Form v2"],"picked":"Prepared","floor":41},{"not_picked":["Concentrate+1","Bouncing Flask+1"],"picked":"Blur+1","floor":44},{"not_picked":["PanicButton","Discovery","Purity"],"picked":"Singing Bowl","floor":45},{"not_picked":["Flying Knee+1","Envenom","Well Laid Plans+1"],"picked":"Singing Bowl","floor":47},{"not_picked":["PiercingWail+1","Bane","Blade Dance+1"],"picked":"Singing Bowl","floor":54}],"player_experience":714011,"relics_obtained":[{"floor":6,"key":"Bag of Preparation"},{"floor":11,"key":"Shovel"},{"floor":12,"key":"Singing Bowl"},{"floor":21,"key":"Red Mask"},{"floor":24,"key":"Calipers"},{"floor":26,"key":"Centennial Puzzle"},{"floor":30,"key":"Orichalcum"},{"floor":40,"key":"Vajra"},{"floor":43,"key":"Letter Opener"},{"floor":47,"key":"Strawberry"},{"floor":52,"key":"Mummified Hand"},{"floor":54,"key":"Shuriken"}],"event_choices":[{"damage_healed":0,"gold_gain":0,"player_choice":"Success","damage_taken":7,"relics_obtained":["Paper Crane"],"max_hp_gain":0,"max_hp_loss":0,"event_name":"Scrap Ooze","floor":2,"gold_loss":0},{"damage_healed":0,"gold_gain":75,"player_choice":"Gather Gold","damage_taken":11,"max_hp_gain":0,"max_hp_loss":0,"event_name":"World of Goop","floor":5,"gold_loss":0},{"damage_healed":0,"gold_gain":0,"player_choice":"Donut","damage_taken":0,"max_hp_gain":5,"max_hp_loss":0,"event_name":"Big Fish","floor":10,"gold_loss":0},{"damage_healed":0,"gold_gain":0,"player_choice":"Shed Blood","damage_taken":21,"max_hp_gain":5,"max_hp_loss":0,"event_name":"Forgotten Altar","floor":19,"gold_loss":0},{"damage_healed":0,"gold_gain":0,"player_choice":"Fought Bandits","damage_taken":0,"max_hp_gain":0,"max_hp_loss":0,"event_name":"Masked Bandits","floor":21,"gold_loss":0},{"damage_healed":0,"gold_gain":0,"player_choice":"Memory 1","damage_taken":0,"max_hp_gain":0,"max_hp_loss":0,"event_name":"SensoryStone","floor":45,"gold_loss":0},{"damage_healed":0,"gold_gain":0,"player_choice":"Ignored","damage_taken":0,"max_hp_gain":0,"max_hp_loss":0,"event_name":"SecretPortal","floor":46,"gold_loss":0}],"is_beta":false,"boss_relics":[{"not_picked":["Runic Dome","Velvet Choker"],"picked":"SlaversCollar"},{"not_picked":["Ring of the Serpent","Coffee Dripper"],"picked":"Cursed Key"}],"items_purged_floors":[3,22,31,37],"is_endless":false,"potions_floor_spawned":[7,11,13,18,28,29,39,44,47,54],"ascension_level":1}}