{"host":"l491xr9n6v7t2d5g","time":1611258041,"event":{"mods":["Act Like it!","Arknights The Spire","BaseMod","Gensokyo","Marisa£®ÏF”Í°°ƒß¿Ì…≥£©","Minty Spire (QoL Compilation)","StSLib","The Animator","[IsaacMod]“‘»ˆº‚À˛"],"gold_per_floor":[109,109,37,37,47,76,92,3,51,63,75,99,122,169,181,193,193],"floor_reached":16,"language":"ZHS","playtime":801,"items_purged":[],"score":110,"play_id":"40488272-b144-4654-87a2-aa865d4cc6db","local_time":"20210122034041","is_ascension_mode":false,"campfire_choices":[{"data":"ats:Disruption Kick","floor":11,"key":"SMITH"},{"floor":15,"key":"REST"}],"circlet_count":0,"master_deck":["ats:Strike G","ats:Strike S","ats:Strike V","ats:Armor Crushing Shot","ats:Defend","ats:Defend","ats:Defend","ats:Defend","ats:Emotion Absorption","ats:Support Order","ats:Very Hot Blade","ats:Closed Bolt Burst Fire","ats:Flexible Camouflage","ats:Disruption Kick+1","ats:Sunburst","ats:Hammer On","ats:Phantom"],"relics":["ats:Sanity","HushsDoor","SatanicBible","ats:Originium","ats:Industrial Water Cannon","MawBank","ats:Berate","Vajra","Omamori"],"acts_visited":["Exordium"],"potions_floor_usage":[16,16],"damage_taken":[{"damage":6.0,"enemies":"Gensokyo:Python","floor":1.0,"turns":4.0},{"damage":9.0,"enemies":"Gensokyo:Gryphon","floor":5.0,"turns":3.0},{"damage":11,"enemies":"Gensokyo:Cirno","floor":6,"turns":4},{"damage":0,"enemies":"Gensokyo:3_Fairies","floor":7,"turns":3},{"damage":10,"enemies":"Gensokyo:2_Rabbits","floor":12,"turns":4},{"damage":6,"enemies":"Gensokyo:5_Fairies","floor":13,"turns":5},{"damage":19,"enemies":"Gensokyo:Mamizou","floor":14,"turns":7},{"damage":36,"enemies":"Gensokyo:Kokoro","floor":16,"turns":5}],"seed_played":"-5096673918599434658","potions_obtained":[{"floor":5.0,"key":"DistilledChaos"},{"floor":14,"key":"ColorlessPotion"}],"is_trial":false,"path_per_floor":["M","?","$","T","M","E","M","COS","T","$","R","M","M","E","R","B"],"character_chosen":"DOCTOR_CLASS","items_purchased":["ats:Closed Bolt Burst Fire","ats:Flexible Camouflage"],"campfire_rested":1,"item_purchase_floors":[3,3],"current_hp_per_floor":[66,66,66,66,57,46,46,46,46,46,46,36,30,11,32,0,0],"gold":193,"neow_bonus":"THREE_CARDS","is_daily":false,"chose_seed":false,"campfire_upgraded":1,"win_rate":0.0,"timestamp":1611258041,"path_taken":["M","?","$","?","M","E","M","COS","T","$","R","M","?","E","R","BOSS"],"items_purchased_type":["Card","Card"],"build_version":"2020-12-22","purchased_purges":0,"victory":false,"max_hp_per_floor":[72,72,72,72,72,72,72,72,72,72,72,72,72,72,72,72,72],"card_choices":[{"not_picked":["ats:Curse Doll","ats:Hook Shot"],"picked":"ats:Support Order","floor":0.0},{"not_picked":["ats:Cat Scratch","ats:Shadow Raid"],"picked":"ats:Very Hot Blade","floor":1.0},{"not_picked":["ats:Curse Doll","ats:Steam Pump"],"picked":"ats:Disruption Kick","floor":5.0},{"not_picked":["ats:Red Shift","ats:Shell Defense"],"picked":"ats:Sunburst","floor":6},{"not_picked":["ats:Defend Order","ats:Flexible Camouflage"],"picked":"ats:Hammer On","floor":7},{"not_picked":["ats:Red Shift","ats:Curse Doll","ats:Revitalization"],"picked":"SKIP","floor":12},{"not_picked":["ats:Cat Scratch","ats:Shell Defense"],"picked":"ats:Phantom","floor":13},{"not_picked":["ats:Red Shift","ats:Support Order","ats:Closed Bolt Burst Fire"],"picked":"SKIP","floor":14}],"player_experience":193039,"relics_obtained":[{"floor":6,"key":"ats:Originium"},{"floor":6,"key":"ats:Industrial Water Cannon"},{"floor":9,"key":"MawBank"},{"floor":14,"key":"ats:Originium"},{"floor":14,"key":"Omamori"}],"event_choices":[],"is_beta":false,"boss_relics":[],"items_purged_floors":[],"is_endless":false,"potions_floor_spawned":[5,14],"killed_by":"Gensokyo:Kokoro","ascension_level":0}}