{"host":"nolo0osttpwefhwj","time":1611241804,"event":{"mods":["AchievementEnabler","BaseMod","Bestiary","Colored Powertips","Minty Spire (QoL Compilation)","Permanent Neow","Quick Restart","Relic Stats"],"gold_per_floor":[111,111,125,135,135,170,181,181,181,208,224,224,250,250,250,348,348,361,361,361,67,85,85,97,124,124,124,149,159,212,212,212,307,307,317,332,345,355,373,373,402,420,420,420,454,454,470,497,497,497,497,497,70,104,104],"floor_reached":56,"language":"ENG","playtime":3919,"items_purged":["Neutralize"],"score":1887,"play_id":"eb36cefb-a701-47ca-ba64-2426369970a2","local_time":"20210121161004","is_ascension_mode":true,"campfire_choices":[{"floor":8,"key":"REST"},{"data":"Predator","floor":15,"key":"SMITH"},{"data":"Corpse Explosion","floor":23,"key":"SMITH"},{"data":"Predator","floor":32,"key":"SMITH"},{"data":"Noxious Fumes","floor":40,"key":"SMITH"},{"data":"Malaise","floor":46,"key":"SMITH"},{"floor":49,"key":"RECALL"},{"data":"Leg Sweep","floor":52,"key":"SMITH"}],"circlet_count":0,"master_deck":["AscendersBane","Defend_G","Defend_G","Defend_G","Defend_G","Defend_G","Survivor","Predator+1","Malaise+1","Leg Sweep+1","Crippling Poison","Predator+1","Corpse Explosion+1","Bite","Bite","Bite","Bite","Bite","Predator+1","Dash+1","Tools of the Trade","Noxious Fumes+1","Reflex+1","Predator+1","Reflex+1","Dagger Throw+1","Noxious Fumes+1","Catalyst+1","Bouncing Flask+1","Bullet Time"],"relics":["Snecko Eye","Regal Pillow","Bottled Flame","Matryoshka","Ancient Tea Set","Potion Belt","Coffee Dripper","Anchor","Toolbox","Ornamental Fan","Smiling Mask","Enchiridion","Bottled Lightning","Philosopher\u0027s Stone","Art of War","Eternal Feather","Mercury Hourglass","Pantograph","HornCleat","Torii","Lantern"],"acts_visited":["Exordium","TheCity","TheBeyond","TheEnding"],"potions_floor_usage":[3,7,13,25,28,37,55,55,55,55,55,55,55],"damage_taken":[{"damage":0,"enemies":"2 Louse","floor":1,"turns":3},{"damage":2,"enemies":"Small Slimes","floor":3,"turns":3},{"damage":2,"enemies":"Jaw Worm","floor":4,"turns":3},{"damage":7,"enemies":"3 Sentries","floor":6,"turns":11},{"damage":0,"enemies":"Red Slaver","floor":7,"turns":7},{"damage":38,"enemies":"Gremlin Nob","floor":10,"turns":5},{"damage":7,"enemies":"3 Louse","floor":11,"turns":7},{"damage":3,"enemies":"3 Sentries","floor":13,"turns":11},{"damage":43,"enemies":"Slime Boss","floor":16,"turns":10},{"damage":1,"enemies":"Spheric Guardian","floor":18,"turns":4},{"damage":0,"enemies":"Chosen","floor":22,"turns":4},{"damage":0,"enemies":"Centurion and Healer","floor":24,"turns":2},{"damage":10,"enemies":"Book of Stabbing","floor":25,"turns":7},{"damage":0,"enemies":"Slavers","floor":28,"turns":2},{"damage":3,"enemies":"Snake Plant","floor":29,"turns":4},{"damage":21,"enemies":"Shelled Parasite and Fungi","floor":30,"turns":6},{"damage":2,"enemies":"Champ","floor":33,"turns":12},{"damage":0,"enemies":"Orb Walker","floor":35,"turns":3},{"damage":0,"enemies":"3 Shapes","floor":36,"turns":2},{"damage":3,"enemies":"Sphere and 2 Shapes","floor":37,"turns":3},{"damage":1,"enemies":"Maw","floor":38,"turns":7},{"damage":0,"enemies":"3 Darklings","floor":39,"turns":2},{"damage":3,"enemies":"Reptomancer","floor":41,"turns":4},{"damage":0,"enemies":"Spire Growth","floor":42,"turns":3},{"damage":23,"enemies":"Giant Head","floor":45,"turns":7},{"damage":0,"enemies":"Sphere and 2 Shapes","floor":47,"turns":2},{"damage":30,"enemies":"Reptomancer","floor":48,"turns":6},{"damage":21,"enemies":"Donu and Deca","floor":50,"turns":5},{"damage":4,"enemies":"Shield and Spear","floor":54,"turns":4},{"damage":1,"enemies":"The Heart","floor":55,"turns":6}],"seed_played":"5121556313423428862","potions_obtained":[{"floor":1,"key":"GamblersBrew"},{"floor":4,"key":"Energy Potion"},{"floor":6,"key":"Block Potion"},{"floor":11,"key":"EssenceOfSteel"},{"floor":20,"key":"Poison Potion"},{"floor":20,"key":"SteroidPotion"},{"floor":20,"key":"Block Potion"},{"floor":22,"key":"Swift Potion"},{"floor":28,"key":"Weak Potion"},{"floor":29,"key":"Swift Potion"},{"floor":35,"key":"Poison Potion"},{"floor":37,"key":"Block Potion"},{"floor":39,"key":"DuplicationPotion"},{"floor":45,"key":"GhostInAJar"},{"floor":47,"key":"EntropicBrew"}],"is_trial":false,"path_per_floor":["M","?","M","M","?","E","M","R","T","E","M","?","E","?","R","B",null,"M","?","?","$","M","R","M","E","T","?","E","M","M","?","R","B",null,"M","M","M","M","M","R","E","M","T","?","E","R","M","E","R","B",null,"R","$","E","B",null],"character_chosen":"THE_SILENT","items_purchased":["Anchor","Toolbox","Torii","DuplicationPotion"],"campfire_rested":1,"item_purchase_floors":[21,21,53,53],"current_hp_per_floor":[63,45,43,41,41,34,34,70,70,32,25,25,22,45,45,2,53,52,49,49,49,49,49,49,48,48,32,38,39,34,34,34,49,49,49,49,48,49,49,49,49,49,49,49,34,49,49,29,47,32,45,49,49,49,49],"gold":104,"neow_bonus":"BOSS_RELIC","is_daily":false,"chose_seed":false,"campfire_upgraded":6,"win_rate":0.0,"timestamp":1611241804,"path_taken":["M","?","M","M","?","E","M","R","T","E","M","?","E","?","R","BOSS","M","?","?","$","?","R","M","E","T","?","E","M","M","?","R","BOSS","M","?","M","M","M","R","E","M","T","?","E","R","M","E","R","BOSS","R","$","E","BOSS"],"items_purchased_type":["Relic","Relic","Relic","Potion"],"build_version":"2020-12-22","purchased_purges":1,"victory":true,"max_hp_per_floor":[70,70,70,70,70,70,70,70,70,70,70,70,70,70,70,70,70,70,49,49,49,49,49,49,49,49,49,49,49,49,49,49,49,49,49,49,49,49,49,49,49,49,49,49,49,49,49,49,49,49,49,49,49,49,49],"relic_stats":{"Regal Pillow":15,"Torii":6,"counters":[30,155],"Ornamental Fan":[176],"Pantograph":2,"Snecko Eye":[333,310,271,267],"Eternal Feather":37,"Art of War":[2],"Smiling Mask":25,"obtain_stats":[{"Potion Belt":13,"Regal Pillow":2,"Lantern":54,"Torii":53,"Enchiridion":27,"Eternal Feather":43,"Ancient Tea Set":10,"Smiling Mask":26,"Mercury Hourglass":43,"Bottled Flame":6,"Anchor":21,"Matryoshka":9,"HornCleat":48,"Ornamental Fan":25,"Pantograph":45,"Snecko Eye":0,"Toolbox":21,"Philosopher\u0027s Stone":34,"Coffee Dripper":17,"Art of War":41,"Bottled Lightning":28,"Ring of the Snake":0},{"Potion Belt":8,"Regal Pillow":1,"Lantern":29,"Torii":28,"Enchiridion":13,"Eternal Feather":24,"Ancient Tea Set":6,"Smiling Mask":13,"Mercury Hourglass":24,"Bottled Flame":4,"Anchor":10,"Matryoshka":5,"HornCleat":27,"Ornamental Fan":13,"Pantograph":25,"Snecko Eye":0,"Toolbox":10,"Philosopher\u0027s Stone":17,"Coffee Dripper":9,"Art of War":23,"Bottled Lightning":14,"Ring of the Snake":0},{"Potion Belt":50,"Regal Pillow":3,"Lantern":149,"Torii":145,"Enchiridion":77,"Eternal Feather":125,"Ancient Tea Set":32,"Smiling Mask":77,"Mercury Hourglass":125,"Bottled Flame":20,"Anchor":64,"Matryoshka":27,"HornCleat":140,"Ornamental Fan":77,"Pantograph":132,"Snecko Eye":0,"Toolbox":64,"Philosopher\u0027s Stone":101,"Coffee Dripper":60,"Art of War":122,"Bottled Lightning":79,"Ring of the Snake":0}],"Mercury Hourglass":[117]},"card_choices":[{"not_picked":["Cloak And Dagger","Riddle With Holes"],"picked":"Predator","floor":1},{"not_picked":["Flying Knee","Dagger Spray","Caltrops"],"picked":"SKIP","floor":3},{"not_picked":["Acrobatics","Dagger Throw","Setup"],"picked":"SKIP","floor":4},{"not_picked":["PiercingWail","Escape Plan"],"picked":"Malaise","floor":6},{"not_picked":["Cloak And Dagger","Expertise","Prepared"],"picked":"SKIP","floor":7},{"not_picked":["Crippling Poison","Deadly Poison"],"picked":"Leg Sweep","floor":10},{"not_picked":["Accuracy","Setup"],"picked":"Crippling Poison","floor":11},{"not_picked":["Doppelganger","Caltrops"],"picked":"Predator","floor":13},{"not_picked":["Doppelganger","Burst"],"picked":"Corpse Explosion","floor":16},{"not_picked":["Backflip","Prepared","Outmaneuver"],"picked":"SKIP","floor":18},{"not_picked":["Footwork","Underhanded Strike","Cloak And Dagger+1"],"picked":"SKIP","floor":22},{"not_picked":["Dagger Throw+1","PiercingWail","Dodge and Roll+1"],"picked":"SKIP","floor":24},{"not_picked":["Dodge and Roll","Acrobatics"],"picked":"Predator","floor":25},{"not_picked":["Dagger Spray+1","Glass Knife","Cloak And Dagger+1"],"picked":"SKIP","floor":28},{"not_picked":["Backflip","Blur"],"picked":"Dash+1","floor":29},{"not_picked":["Underhanded Strike","Deadly Poison","Dagger Throw+1"],"picked":"SKIP","floor":30},{"not_picked":["Envenom","Malaise"],"picked":"Tools of the Trade","floor":33},{"not_picked":["Calculated Gamble+1","Underhanded Strike+1"],"picked":"Dash","floor":35},{"not_picked":["Poisoned Stab+1","Sucker Punch"],"picked":"Noxious Fumes","floor":36},{"not_picked":["Outmaneuver+1","Setup+1"],"picked":"Reflex+1","floor":37},{"not_picked":["Deadly Poison+1","Dagger Spray"],"picked":"Predator+1","floor":38},{"not_picked":["Dagger Throw","Infinite Blades+1"],"picked":"Reflex+1","floor":39},{"not_picked":["Slice","Endless Agony"],"picked":"Dagger Throw+1","floor":41},{"not_picked":["Reflex+1","Distraction"],"picked":"Noxious Fumes+1","floor":42},{"not_picked":["Underhanded Strike","Accuracy","Slice+1"],"picked":"SKIP","floor":45},{"not_picked":["Dagger Throw","Poisoned Stab+1"],"picked":"Catalyst+1","floor":47},{"not_picked":["Dagger Spray","Expertise"],"picked":"Bouncing Flask+1","floor":48},{"not_picked":["Dagger Spray+1","Cloak And Dagger"],"picked":"Bullet Time","floor":54}],"player_experience":242401,"relics_obtained":[{"floor":6,"key":"Bottled Flame"},{"floor":9,"key":"Matryoshka"},{"floor":10,"key":"Ancient Tea Set"},{"floor":13,"key":"Potion Belt"},{"floor":25,"key":"Ornamental Fan"},{"floor":26,"key":"Smiling Mask"},{"floor":27,"key":"Enchiridion"},{"floor":28,"key":"Bottled Lightning"},{"floor":41,"key":"Art of War"},{"floor":43,"key":"Eternal Feather"},{"floor":43,"key":"Mercury Hourglass"},{"floor":45,"key":"Pantograph"},{"floor":48,"key":"HornCleat"},{"floor":54,"key":"Lantern"}],"event_choices":[{"damage_healed":0,"gold_gain":0,"player_choice":"Success","damage_taken":18,"relics_obtained":["Regal Pillow"],"max_hp_gain":0,"max_hp_loss":0,"event_name":"Scrap Ooze","floor":2,"gold_loss":0},{"damage_healed":0,"gold_gain":0,"player_choice":"Ignored","damage_taken":0,"max_hp_gain":0,"max_hp_loss":0,"event_name":"Liars Game","floor":5,"gold_loss":0},{"cards_removed":["Strike_G"],"damage_healed":0,"gold_gain":0,"player_choice":"Forget","damage_taken":0,"max_hp_gain":0,"max_hp_loss":0,"event_name":"Living Wall","floor":12,"gold_loss":0},{"damage_healed":23,"gold_gain":0,"player_choice":"Banana","damage_taken":0,"max_hp_gain":0,"max_hp_loss":0,"event_name":"Big Fish","floor":14,"gold_loss":0},{"damage_healed":0,"gold_gain":0,"player_choice":"Became a vampire","damage_taken":0,"max_hp_gain":0,"max_hp_loss":21,"event_name":"Vampires","floor":19,"gold_loss":0,"cards_obtained":["Bite","Bite","Bite","Bite","Bite"]},{"damage_healed":0,"gold_gain":0,"player_choice":"Got Potions","damage_taken":0,"max_hp_gain":0,"max_hp_loss":0,"event_name":"Lab","floor":20,"gold_loss":0},{"damage_healed":0,"gold_gain":0,"player_choice":"Obtained Book","damage_taken":16,"max_hp_gain":0,"max_hp_loss":0,"event_name":"Cursed Tome","floor":27,"gold_loss":0},{"damage_healed":0,"gold_gain":0,"player_choice":"Upgraded","damage_taken":0,"max_hp_gain":0,"max_hp_loss":0,"event_name":"Upgrade Shrine","floor":31,"gold_loss":0,"cards_upgraded":["Predator"]},{"cards_removed":["Dash"],"damage_healed":0,"gold_gain":0,"player_choice":"Removed Attack","damage_taken":0,"max_hp_gain":0,"max_hp_loss":0,"event_name":"Falling","floor":44,"gold_loss":0}],"is_beta":false,"boss_relics":[{"not_picked":["SlaversCollar","Velvet Choker"],"picked":"Coffee Dripper"},{"not_picked":["Pandora\u0027s Box","Runic Pyramid"],"picked":"Philosopher\u0027s Stone"}],"items_purged_floors":[53],"is_endless":false,"potions_floor_spawned":[1,4,6,11,22,28,29,35,37,39,45,47,48],"ascension_level":11}}