{"host":"0cm5wy4nhuju7tij","time":1611201520,"event":{"mods":["100% Spire Juice","2.2 Compatiblity","AchievementEnabler","Aspiration","BaseMod","Better Third Choice","BetterRewards","CCEM","CapriCore","Colored Powertips","Curses Come First","Custom Start","Displayed Cursed Tome","Downfall","Energized Spire","Evolution","Filter the Spire","Highlight Path","Jess\u0027s Bottle","Minty Spire (QoL Compilation)","Permanent Neow","Poor People Problems","Relic Stats","Shop Mod","Spicy Shops","StSLib","The Cursed","The Juggle","The Sage","TheFirefly"],"gold_per_floor":[117,134,146,157,168,202,202,50,50,50,50,66,91,91,91,196,196,214,234,249,269,282,282,295,295,295,327,327,426,8,26,26,26,26],"floor_reached":33,"language":"ENG","playtime":1536,"items_purged":["Strike_B","Strike_B"],"score":323,"play_id":"2185e87c-553e-42e6-98ce-b2fbb150b6d5","local_time":"20210120225840","is_ascension_mode":true,"campfire_choices":[{"data":"Conserve Battery","floor":7,"key":"SMITH"},{"data":"Storm","floor":11,"key":"SMITH"},{"data":"Defragment","floor":15,"key":"SMITH"},{"data":"Defragment","floor":23,"key":"SMITH"},{"data":"Thunder Strike","floor":25,"key":"SMITH"},{"data":"Streamline","floor":28,"key":"SMITH"},{"floor":32,"key":"REST"}],"circlet_count":0,"master_deck":["Compile Driver","Strike_B","Defend_B","Defend_B","Defend_B","Defend_B","Zap+1","Dualcast","Conserve Battery+1","Redo","Self Repair","Leap","Self Repair","Self Repair","Storm+1","Leap","Defragment+1","Thunder Strike+1","Sweeping Beam+1","Cold Snap+1","Static Discharge","Rip and Tear","Defragment+1","Capacitor","Streamline+1","Coolheaded","Conserve Battery+1","Gash","Gash","Hologram","Stack"],"relics":["Cracked Core","EVO:Axolotl","Pen Nib","CCEMRelics:Francisca","Bottled Flame","SlaversCollar","CCEMRelics:TinyMinotavrHorn","aspiration:Stabinomicon","Kunai","Orrery"],"acts_visited":["Exordium","TheCity"],"potions_floor_usage":[27,27,33],"damage_taken":[{"damage":0,"enemies":"Cultist","floor":1,"turns":3},{"damage":0,"enemies":"Small Slimes","floor":2,"turns":3},{"damage":2,"enemies":"Jaw Worm","floor":3,"turns":3},{"damage":11,"enemies":"Large Slime","floor":4,"turns":4},{"damage":7,"enemies":"2 Fungi Beasts","floor":5,"turns":3},{"damage":38,"enemies":"Lagavulin","floor":6,"turns":7},{"damage":23,"enemies":"Exordium Thugs","floor":12,"turns":4},{"damage":30,"enemies":"Gremlin Nob","floor":13,"turns":4},{"damage":26,"enemies":"Slime Boss","floor":16,"turns":9},{"damage":6,"enemies":"Spheric Guardian","floor":18,"turns":3},{"damage":16,"enemies":"Shell Parasite","floor":19,"turns":6},{"damage":35,"enemies":"Shelled Parasite and Fungi","floor":20,"turns":4},{"damage":28,"enemies":"Centurion and Healer","floor":21,"turns":8},{"damage":25,"enemies":"Chosen and Byrds","floor":22,"turns":6},{"damage":34,"enemies":"Snake Plant","floor":24,"turns":3},{"damage":38,"enemies":"Book of Stabbing","floor":27,"turns":5},{"damage":27,"enemies":"Sentry and Sphere","floor":31,"turns":3},{"damage":36,"enemies":"Champ","floor":33,"turns":6}],"seed_played":"2407818174498432858","potions_obtained":[{"floor":3,"key":"Regen Potion"},{"floor":5,"key":"LiquidMemories"},{"floor":13,"key":"PowerPotion"},{"floor":22,"key":"Fruit Juice"},{"floor":27,"key":"DistilledChaos"},{"floor":31,"key":"Dexterity Potion"}],"is_trial":false,"path_per_floor":["M","M","M","M","M","E","R","$","T","$","R","M","E","?","R","B",null,"M","M","M","M","M","R","M","R","T","E","R","?","$","M","R","B"],"character_chosen":"DEFECT","items_purchased":["Storm","Kunai","Orrery"],"campfire_rested":1,"item_purchase_floors":[8,30,30],"current_hp_per_floor":[75,75,73,69,69,45,45,45,45,45,45,43,34,59,59,54,75,75,75,61,54,50,50,37,37,37,34,34,34,34,7,31,0,0],"gold":26,"neow_bonus":"UPGRADE_CARD","is_daily":false,"chose_seed":false,"campfire_upgraded":6,"win_rate":0.0,"timestamp":1611201520,"path_taken":["M","M","M","M","M","E","R","$","T","?","R","M","E","?","R","BOSS","M","M","M","M","M","R","M","R","T","E","R","?","$","M","R","BOSS"],"items_purchased_type":["Card","Relic","Relic"],"build_version":"2020-12-22","purchased_purges":2,"victory":false,"max_hp_per_floor":[75,75,75,75,75,75,75,75,75,75,75,75,75,75,75,75,75,75,75,75,75,75,75,75,75,75,80,80,80,80,80,80,80,80],"relic_stats":{"counters":[18,84],"Pen Nib":[4],"Kunai":[0],"obtain_stats":[{"SlaversCollar":17,"Bottled Flame":13,"Orrery":30,"Pen Nib":6,"CCEMRelics:TinyMinotavrHorn":26,"CCEMRelics:Francisca":9,"aspiration:Stabinomicon":27,"EVO:Axolotl":0,"Kunai":30,"Cracked Core":0},{"SlaversCollar":9,"Bottled Flame":8,"Orrery":16,"Pen Nib":6,"CCEMRelics:TinyMinotavrHorn":15,"CCEMRelics:Francisca":6,"aspiration:Stabinomicon":16,"EVO:Axolotl":0,"Kunai":16,"Cracked Core":0},{"SlaversCollar":40,"Bottled Flame":31,"Orrery":75,"Pen Nib":23,"CCEMRelics:TinyMinotavrHorn":70,"CCEMRelics:Francisca":23,"aspiration:Stabinomicon":75,"EVO:Axolotl":0,"Kunai":75,"Cracked Core":0}]},"card_choices":[{"not_picked":["Go for the Eyes","Double Energy"],"picked":"Conserve Battery","floor":1},{"not_picked":["Gash","Leap"],"picked":"Redo","floor":2},{"not_picked":["Conserve Battery","Hello World"],"picked":"Self Repair","floor":3},{"not_picked":["Turbo","Conserve Battery"],"picked":"Leap","floor":4},{"not_picked":["Conserve Battery","Stack"],"picked":"Self Repair","floor":5},{"not_picked":["Go for the Eyes","Leap"],"picked":"Self Repair","floor":6},{"not_picked":["Heatsinks","Turbo"],"picked":"Leap","floor":12},{"not_picked":["Meteor Strike","Reprogram"],"picked":"Defragment","floor":13},{"not_picked":["Rainbow","Biased Cognition"],"picked":"Thunder Strike","floor":16},{"not_picked":["Barrage","Leap"],"picked":"Sweeping Beam+1","floor":18},{"not_picked":["Fusion","Gash"],"picked":"Cold Snap+1","floor":19},{"not_picked":["Hologram+1","Sunder"],"picked":"Static Discharge","floor":20},{"not_picked":["aspiration:Polymerization+1","Chaos"],"picked":"Rip and Tear","floor":21},{"not_picked":["Leap","Chill+1"],"picked":"Defragment","floor":22},{"not_picked":["Blizzard+1","Go for the Eyes"],"picked":"Capacitor","floor":24},{"not_picked":["Leap","Amplify"],"picked":"Streamline","floor":27},{"not_picked":["Turbo","Leap"],"picked":"Coolheaded","floor":30},{"not_picked":["Coolheaded","Amplify"],"picked":"Conserve Battery+1","floor":30},{"not_picked":["Hologram","Rebound+1"],"picked":"Gash","floor":30},{"not_picked":["Go for the Eyes","Biased Cognition"],"picked":"Gash","floor":30},{"not_picked":["Rebound+1","Streamline"],"picked":"Hologram","floor":30},{"not_picked":["Recycle","Sunder"],"picked":"Stack","floor":31}],"player_experience":226144,"relics_obtained":[{"floor":6,"key":"Pen Nib"},{"floor":9,"key":"CCEMRelics:Francisca"},{"floor":13,"key":"Bottled Flame"},{"floor":26,"key":"CCEMRelics:TinyMinotavrHorn"},{"floor":27,"key":"aspiration:Stabinomicon"}],"event_choices":[{"damage_healed":25,"gold_gain":0,"player_choice":"Banana","damage_taken":0,"max_hp_gain":0,"max_hp_loss":0,"event_name":"Big Fish","floor":14,"gold_loss":0},{"damage_healed":0,"gold_gain":99,"player_choice":"Steal","damage_taken":0,"max_hp_gain":0,"max_hp_loss":0,"event_name":"betterThird:BetterNest","floor":29,"gold_loss":0}],"is_beta":false,"boss_relics":[{"not_picked":["energizedSpire:NeverEndingSparkler","Sozu"],"picked":"SlaversCollar"}],"items_purged_floors":[8,30],"is_endless":false,"potions_floor_spawned":[3,5,13,16,19,22,27,31],"killed_by":"Champ","ascension_level":3}}