{"host":"hf83sijwe64ts2lm","time":1611197885,"event":{"mods":["2.2 Compatiblity","BaseMod","Better Altar","Better Match","Better Note","Better Sensory Stone","Better Skull","Better Third Choice","ChefMod","Colored Map","Colored Powertips","Highlight Path","Hubris","Infinite Spire","Minty Spire (QoL Compilation)","Quick Restart","Rare Cards Sparkle","Relic Stats","Replay The Spire","Shop Mod","Spicy Shops","StSLib","Thieving Mod"],"gold_per_floor":[115,115,132,0,0,34,34,34,57,57,57,57],"floor_reached":11,"language":"ENG","playtime":149,"items_purged":[],"score":94,"play_id":"4e1eb6c7-6296-43c3-89b8-223bb9849a5c","local_time":"20210120215805","is_ascension_mode":false,"campfire_choices":[{"floor":8,"key":"RECALL"},{"data":"chefmod:CandyBowl","floor":10,"key":"SMITH"}],"circlet_count":0,"master_deck":["chefmod:Strike","chefmod:Strike","chefmod:Strike","chefmod:Strike","chefmod:QuickThaw","chefmod:Defend","chefmod:Defend","chefmod:Defend","chefmod:Defend","chefmod:TodaysSpecial+1","chefmod:FireUp","chefmod:FarmersMarket","Enlightenment+1","chefmod:CandyBowl+1"],"relics":["chefmod:TrustyPot","NeowsBlessing","Mirror","Regal Pillow"],"acts_visited":["Exordium"],"potions_floor_usage":[11],"damage_taken":[{"damage":0,"enemies":"Jaw Worm","floor":1,"turns":1},{"damage":0,"enemies":"Small Slimes","floor":3,"turns":1},{"damage":0,"enemies":"Replay:BlueRogue","floor":6,"turns":1},{"damage":22,"enemies":"3 Sentries","floor":11,"turns":5}],"seed_played":"-2526180606123416877","potions_obtained":[{"floor":3,"key":"Energy Potion"}],"is_trial":false,"path_per_floor":["M","?","M","?","$","E","?","R","T","R","E"],"character_chosen":"THE_CHEF","items_purchased":[],"campfire_rested":0,"item_purchase_floors":[],"current_hp_per_floor":[76,76,76,82,82,82,82,82,82,82,60,60],"gold":57,"neow_bonus":"THREE_ENEMY_KILL","is_daily":false,"chose_seed":false,"campfire_upgraded":1,"win_rate":0.0,"timestamp":1611197885,"path_taken":["M","?","M","?","?","E","?","R","T","R","E"],"items_purchased_type":[],"build_version":"2020-12-22","purchased_purges":0,"victory":false,"max_hp_per_floor":[76,76,76,82,82,82,82,82,82,82,82,82],"relic_stats":{"Regal Pillow":0,"counters":[4,8],"obtain_stats":[{"chefmod:TrustyPot":0,"Regal Pillow":9,"NeowsBlessing":0,"Mirror":6},{"chefmod:TrustyPot":0,"Regal Pillow":3,"NeowsBlessing":0,"Mirror":3},{"chefmod:TrustyPot":0,"Regal Pillow":3,"NeowsBlessing":0,"Mirror":3}]},"card_choices":[{"not_picked":["chefmod:Chop","chefmod:Fillet"],"picked":"chefmod:FireUp","floor":1},{"not_picked":["chefmod:KnifeFlurry","chefmod:Defrost"],"picked":"chefmod:FarmersMarket","floor":3},{"not_picked":["chefmod:HotSoup","chefmod:NewMenu"],"picked":"chefmod:CandyBowl","floor":6}],"player_experience":131721,"relics_obtained":[{"floor":6,"key":"Mirror"},{"floor":9,"key":"Regal Pillow"}],"event_choices":[{"damage_healed":0,"gold_gain":0,"player_choice":"RENOUNCE","damage_taken":132,"max_hp_gain":0,"max_hp_loss":0,"event_name":"betterThird:BetterSerpent","floor":4,"gold_loss":132,"cards_obtained":["Enlightenment"]},{"damage_healed":0,"gold_gain":0,"player_choice":"Forge","damage_taken":0,"max_hp_gain":0,"max_hp_loss":0,"event_name":"Accursed Blacksmith","floor":7,"gold_loss":0,"cards_upgraded":["Enlightenment"]}],"is_beta":false,"boss_relics":[],"items_purged_floors":[],"is_endless":false,"potions_floor_spawned":[3],"killed_by":"3 Sentries","ascension_level":0}}