{"host":"a5lz0e76zb3fcwkm","time":1611240349,"event":{"mods":["AchievementEnabler","BaseMod","Colored Map","Colored Powertips","Minty Spire (QoL Compilation)","StSLib","SuperFastMode"],"gold_per_floor":[369,381,25,25,42,42,53,88,88,48,62,62,393,413,413,490,490,508,208,179,179,199,199,74,106,133,133,133,145,145,179,179,256,256,274,274,274,289,54,54,54,73,124,136,136,1,1,15,15,15,15],"floor_reached":50,"language":"KOR","playtime":1406,"items_purged":["Writhe","Strike_G","Strike_G","Strike_G","Defend_G"],"score":1005,"play_id":"014bc0a4-ca29-4a13-a216-7232a9f6dc3b","local_time":"20210121234549","is_ascension_mode":true,"campfire_choices":[{"data":"Blade Dance","floor":6.0,"key":"SMITH"},{"floor":12.0,"key":"REST"},{"floor":15.0,"key":"REST"},{"data":"Defend_G","floor":23.0,"key":"PURGE"},{"data":"Burst","floor":27,"key":"SMITH"},{"data":"Defend_G","floor":30,"key":"PURGE"},{"floor":32,"key":"REST"},{"data":"Defend_G","floor":40,"key":"PURGE"},{"data":"Tactician","floor":45,"key":"SMITH"},{"floor":49,"key":"RECALL"}],"circlet_count":0,"master_deck":["AscendersBane","Defend_G","Neutralize","Backflip","Blade Dance+1","Crippling Poison","PiercingWail","Reflex","Burst+1","Cloak And Dagger+1","After Image","Terror+1","Footwork","Cloak And Dagger+1","Accuracy","Wraith Form v2","Infinite Blades","Finesse","Panacea","Deep Breath","Acrobatics+1","Tactician+1","Backflip"],"relics":["Ring of the Snake","Shuriken","Peace Pipe","Old Coin","WristBlade","Lee\u0027s Waffle","Du-Vu Doll","Art of War","Juzu Bracelet","Empty Cage","Smiling Mask"],"acts_visited":["Exordium","TheCity","TheBeyond"],"potions_floor_usage":[31,31,33,42],"damage_taken":[{"damage":4.0,"enemies":"Cultist","floor":1.0,"turns":6.0},{"damage":14.0,"enemies":"Small Slimes","floor":2.0,"turns":5.0},{"damage":4.0,"enemies":"2 Louse","floor":5.0,"turns":4.0},{"damage":2.0,"enemies":"Blue Slaver","floor":7.0,"turns":5.0},{"damage":20.0,"enemies":"Lagavulin","floor":8.0,"turns":6.0},{"damage":0.0,"enemies":"Exordium Thugs","floor":11.0,"turns":4.0},{"damage":12.0,"enemies":"Gremlin Nob","floor":13.0,"turns":4.0},{"damage":11.0,"enemies":"Large Slime","floor":14.0,"turns":6.0},{"damage":28.0,"enemies":"The Guardian","floor":16.0,"turns":16.0},{"damage":5.0,"enemies":"Spheric Guardian","floor":18.0,"turns":6.0},{"damage":5.0,"enemies":"2 Thieves","floor":20.0,"turns":4.0},{"damage":22.0,"enemies":"Chosen and Byrds","floor":22.0,"turns":8.0},{"damage":12,"enemies":"Gremlin Leader","floor":25,"turns":4},{"damage":0,"enemies":"Snecko","floor":29,"turns":3},{"damage":24,"enemies":"Book of Stabbing","floor":31,"turns":4},{"damage":5,"enemies":"Automaton","floor":33,"turns":10},{"damage":7,"enemies":"3 Shapes","floor":35,"turns":6},{"damage":0,"enemies":"Orb Walker","floor":38,"turns":3},{"damage":7,"enemies":"3 Darklings","floor":42,"turns":5},{"damage":13,"enemies":"Spire Growth","floor":44,"turns":4},{"damage":10,"enemies":"Transient","floor":48,"turns":6},{"damage":17,"enemies":"Awakened One","floor":50,"turns":2}],"seed_played":"-2550378881258370290","potions_obtained":[{"floor":2.0,"key":"DuplicationPotion"},{"floor":5.0,"key":"Weak Potion"},{"floor":10.0,"key":"Block Potion"},{"floor":13.0,"key":"Weak Potion"},{"floor":18.0,"key":"SkillPotion"},{"floor":25,"key":"BlessingOfTheForge"},{"floor":29,"key":"Regen Potion"},{"floor":31,"key":"GhostInAJar"},{"floor":33,"key":"ColorlessPotion"},{"floor":38,"key":"LiquidBronze"},{"floor":48,"key":"SteroidPotion"}],"is_trial":false,"path_per_floor":["M","M","$","$","M","R","M","E","T","?","M","R","E","M","R","B",null,"M","$","M","?","M","R","$","E","T","R","$","M","R","E","R","B",null,"M","?","?","M","$","R","?","M","T","M","R","$","?","M","R","B"],"character_chosen":"THE_SILENT","items_purchased":["Shuriken","Footwork","Lee\u0027s Waffle","Infinite Blades","Ancient Potion"],"campfire_rested":3,"item_purchase_floors":[3,19,19,39,46],"current_hp_per_floor":[55,41,41,41,37,37,35,15,15,15,15,34,22,11,30,2,50,45,73,68,68,46,46,46,34,34,34,34,34,34,22,43,38,64,57,57,57,57,57,57,47,40,40,27,27,27,27,17,17,0,0],"gold":15,"neow_bonus":"TWO_FIFTY_GOLD","is_daily":false,"chose_seed":false,"campfire_upgraded":3,"win_rate":0.0,"timestamp":1611240349,"path_taken":["M","M","?","$","M","R","?","E","T","?","M","R","E","M","R","BOSS","M","?","M","?","M","R","$","E","T","R","$","M","R","E","R","BOSS","M","?","?","M","$","R","?","M","T","M","R","$","?","M","R","BOSS"],"items_purchased_type":["Relic","Card","Relic","Card","Potion"],"build_version":"2020-12-22","purchased_purges":5,"victory":false,"max_hp_per_floor":[66,66,66,66,66,66,66,66,66,66,66,66,66,66,66,66,66,66,73,73,73,73,73,73,73,73,73,73,73,73,73,73,73,73,73,73,69,69,69,69,69,69,69,69,69,69,69,69,69,69,69],"card_choices":[{"not_picked":["Blur","Dagger Throw"],"picked":"Backflip","floor":1.0},{"not_picked":["PiercingWail","Predator"],"picked":"Blade Dance","floor":2.0},{"not_picked":["Poisoned Stab","Slice"],"picked":"Crippling Poison","floor":5.0},{"not_picked":["Dagger Spray","Flying Knee"],"picked":"PiercingWail","floor":7.0},{"not_picked":["Masterful Stab","Quick Slash"],"picked":"Reflex","floor":8.0},{"not_picked":["PiercingWail","Noxious Fumes","Backflip"],"picked":"SKIP","floor":11.0},{"not_picked":["Predator","Distraction"],"picked":"Burst","floor":13.0},{"not_picked":["Bane","Quick Slash"],"picked":"Cloak And Dagger","floor":14.0},{"not_picked":["Envenom","Burst"],"picked":"After Image","floor":16.0},{"not_picked":["Outmaneuver","Blade Dance"],"picked":"Terror+1","floor":18.0},{"not_picked":["Deadly Poison","Prepared","Flying Knee"],"picked":"SKIP","floor":20.0},{"not_picked":["Blade Dance","Deadly Poison"],"picked":"Cloak And Dagger+1","floor":22.0},{"not_picked":["Skewer","Malaise"],"picked":"Accuracy","floor":25},{"not_picked":["Sucker Punch","Slice+1","Setup"],"picked":"SKIP","floor":29},{"not_picked":["Predator+1","Dodge and Roll","Cloak And Dagger"],"picked":"SKIP","floor":31},{"not_picked":["Glass Knife","Venomology"],"picked":"Wraith Form v2","floor":33},{"not_picked":["Quick Slash+1","Dagger Throw","Prepared"],"picked":"SKIP","floor":35},{"not_picked":["Skewer+1","PiercingWail","Choke"],"picked":"SKIP","floor":38},{"not_picked":["Mind Blast","Panacea"],"picked":"Finesse","floor":41},{"not_picked":["Sadistic Nature","Discovery"],"picked":"Panacea","floor":41},{"not_picked":["Mind Blast","Impatience"],"picked":"Deep Breath","floor":41},{"not_picked":["Caltrops+1","Underhanded Strike"],"picked":"Acrobatics+1","floor":42},{"not_picked":["PiercingWail+1","Quick Slash"],"picked":"Tactician","floor":44},{"not_picked":["Underhanded Strike","Flying Knee"],"picked":"Backflip","floor":48}],"player_experience":1774895,"relics_obtained":[{"floor":8.0,"key":"Peace Pipe"},{"floor":13.0,"key":"Old Coin"},{"floor":25,"key":"Du-Vu Doll"},{"floor":26,"key":"Art of War"},{"floor":31,"key":"Juzu Bracelet"},{"floor":43,"key":"Smiling Mask"}],"event_choices":[{"damage_healed":0.0,"max_hp_gain":0.0,"max_hp_loss":0.0,"gold_gain":0.0,"event_name":"The Woman in Blue","player_choice":"Bought 3 Potions","floor":10.0,"gold_loss":0.0,"damage_taken":0.0},{"damage_healed":0.0,"max_hp_gain":0.0,"max_hp_loss":0.0,"gold_gain":0.0,"event_name":"Upgrade Shrine","player_choice":"Upgraded","floor":21.0,"gold_loss":0.0,"damage_taken":0.0,"cards_upgraded":["Cloak And Dagger"]},{"damage_healed":0,"gold_gain":0,"player_choice":"Ignored","damage_taken":0,"max_hp_gain":0,"max_hp_loss":0,"event_name":"Tomb of Lord Red Mask","floor":36,"gold_loss":0},{"damage_healed":0,"gold_gain":0,"player_choice":"Max HP","damage_taken":0,"max_hp_gain":0,"max_hp_loss":4,"event_name":"Winding Halls","floor":37,"gold_loss":0},{"damage_healed":0,"gold_gain":0,"player_choice":"Memory 3","damage_taken":10,"max_hp_gain":0,"max_hp_loss":0,"event_name":"SensoryStone","floor":41,"gold_loss":0},{"cards_removed":["Survivor"],"damage_healed":0,"gold_gain":0,"player_choice":"Removed Skill","damage_taken":0,"max_hp_gain":0,"max_hp_loss":0,"event_name":"Falling","floor":47,"gold_loss":0}],"is_beta":false,"boss_relics":[{"not_picked":["HoveringKite","Fusion Hammer"],"picked":"WristBlade"},{"not_picked":["Calling Bell","Black Star"],"picked":"Empty Cage"}],"items_purged_floors":[3,19,24,39,46],"is_endless":false,"potions_floor_spawned":[2,5,13,18,25,29,31,33,38,48],"killed_by":"Awakened One","ascension_level":20}}