{"host":"s6t38s6k4widkzbu","time":1611212154,"event":{"mods":["100% Spire Juice","ATMod(°¢èªMod)","Act Like it!","Arknights The Spire","Aspiration","BaseMod","CapriCore","Conspire","Downfall","Energized Spire","Gensokyo","Googly Eyes","Hermit","Highlight Path","Hunter ÁÔÈË","KinomotoSakuraMod(Ä¾Ö®±¾Ó£)","KomeijiMod","Lobotomy","LobotomyExtend","Marisa£¨ìFÓê¡¡Ä§ÀíÉ³£©","Minty Spire (QoL Compilation)","MostiFishMod","Permanent Neow","Prisma Mod","Quick Restart","READ ME - Guardian Mod","Reimu£¨²©ÀöÁéÃÎ£©","Relic Stats","Remilia£¨ÀÙÃ×ÀòÑÇ£©","Robot Space Explorer","RumiaBox-Â¶Ã×æ«µÄÉñÃØºÐ×Ó","Spicy Shops","StSLib","The Alterego","The Animator","The Blackbeard","The Bladedancer","The Bug Knight","The Cursed","The Dragon Tamer","The Gatherer","The Immortal","The Jungle","The Marked","The Mystic","The Runesmith","The Servant 0.9.4","WarShipGirlsR/Õ½½¢ÉÙÅ®R mod","Yakumo Yukari mod","Youmu£¨»êÆÇÑýÃÎ£©","Yuyuko","¡¾ÒÅÎï¿¨ÅÆ¡¿REMEMod","óô»ðÖ¸ÄÏ"],"gold_per_floor":[116,136,49,68,388,388,388,616,616,630,630,630,642,642,642],"floor_reached":5,"language":"ZHS","playtime":1662,"items_purged":[],"score":97,"play_id":"d30fee1f-7e8d-40ec-bfff-ac1460385087","local_time":"20210121145554","is_ascension_mode":false,"campfire_choices":[{"data":"AT_ShrugMaster","floor":7,"key":"SMITH"}],"circlet_count":0,"master_deck":["conspire:GhostlyStrike","conspire:GhostlyStrike","conspire:GhostlyStrike","conspire:GhostlyDefend","conspire:GhostlyDefend","conspire:GhostlyDefend","conspire:GhostlyDefend","WheelOfPainOfLivingAndDead","PrismaMod:ChloeGaeBolg","AT_ShrugMaster+1","Freischutz","HiganSword","BeautyBeast","SpiritMediumsBind","Bloodbath","HellFireSword","FairyFestival","FantasyOfEnteringEnlightenment","BigBadWolf","ReincarnationSword","HeavenlyHaloSlash","MeatLantern","VoidDream","AsTheSilentNirvana"],"relics":["HalfPhantom","DaveBox","REME_ComplimentaryCards","AT_ATBox","Membership Card","CogitoBucket","SynthV:TestCard","Happy Flower","Gensokyo:Mercy","Pear","AT_GuinsooRageblade","SynthV:TestCard","LetterFromLob","AspirationHeart","Amita_r"],"acts_visited":["Exordium"],"potions_floor_usage":[4,4,4],"damage_taken":[{"damage":0,"enemies":"Gensokyo:3_Fairies","floor":1,"turns":3},{"damage":3,"enemies":"Gensokyo:Python","floor":2,"turns":4},{"damage":12,"enemies":"Gensokyo:Gryphon","floor":4,"turns":5},{"damage":24,"enemies":"Gensokyo:LivingMonolith","floor":5,"turns":6},{"damage":17,"enemies":"Gensokyo:Mamizou","floor":8,"turns":9},{"damage":23,"enemies":"Small Slimes","floor":1,"turns":5},{"damage":55,"enemies":"Cultist","floor":4,"turns":5},{"damage":62,"enemies":"Jaw Worm","floor":5,"turns":2}],"seed_played":"1669098346568238693","potions_obtained":[{"floor":1,"key":"AttackPotion"},{"floor":8,"key":"MagicPotion:ReiMu"},{"floor":1,"key":"SpeedPotion"},{"floor":4,"key":"Ancient Potion"}],"is_trial":false,"path_per_floor":["M","M","COS","M","M","?","R","E","T","E","M","?","?","M","M"],"character_chosen":"YOUMU","items_purchased":[],"campfire_rested":0,"item_purchase_floors":[],"current_hp_per_floor":[75,72,72,60,38,38,38,37,37,76,76,91,38,0,0],"gold":642,"neow_bonus":"","is_daily":false,"chose_seed":false,"campfire_upgraded":1,"win_rate":0.0,"timestamp":1611212154,"path_taken":["M","M","COS","M","M","?","R","E","T","E","M","?","?","M","M"],"items_purchased_type":[],"build_version":"2020-12-22","purchased_purges":0,"victory":false,"max_hp_per_floor":[75,75,75,75,75,75,75,85,85,95,95,95,95,95,95],"relic_stats":{"Happy Flower":[8],"counters":[9,37],"obtain_stats":[{"AT_ATBox":0,"Pear":8,"DaveBox":0,"Happy Flower":5,"AspirationHeart":1,"HalfPhantom":0,"Amita_r":4,"CogitoBucket":0,"SynthV:TestCard":1,"Gensokyo:Mercy":6,"LetterFromLob":1,"Membership Card":0,"AT_GuinsooRageblade":9,"REME_ComplimentaryCards":0},{"AT_ATBox":0,"Pear":5,"DaveBox":0,"Happy Flower":4,"AspirationHeart":7,"HalfPhantom":0,"Amita_r":8,"CogitoBucket":0,"SynthV:TestCard":1,"Gensokyo:Mercy":4,"LetterFromLob":1,"Membership Card":0,"AT_GuinsooRageblade":5,"REME_ComplimentaryCards":0},{"AT_ATBox":0,"Pear":24,"DaveBox":0,"Happy Flower":14,"AspirationHeart":30,"HalfPhantom":0,"Amita_r":35,"CogitoBucket":0,"SynthV:TestCard":3,"Gensokyo:Mercy":16,"LetterFromLob":3,"Membership Card":0,"AT_GuinsooRageblade":24,"REME_ComplimentaryCards":0}]},"card_choices":[{"not_picked":["SpiderBud","BigBird"],"picked":"Freischutz","floor":1},{"not_picked":["SanzenSekai","DispleasureOfTheSevenHakus"],"picked":"HiganSword","floor":1},{"not_picked":["SingingMachine","SpiderBud","Woodsman"],"picked":"Singing Bowl","floor":2},{"not_picked":["CENSORED","CrumblingArmor"],"picked":"BeautyBeast","floor":2},{"not_picked":["LifeCuttingSword","KarmicPunishmentOfTheIdleAndUnfocused","SpiritCuttingSword","SwordExtraction"],"picked":"SpiritMediumsBind","floor":2},{"not_picked":["CherryBlossoms","ShyLook","UniverseFragment"],"picked":"Singing Bowl","floor":4},{"not_picked":["DespairKnight","WallGazer"],"picked":"Bloodbath","floor":4},{"not_picked":["SwordExtraction","SlashOfAscensionToBuddhahood","SuddenPhantomFormationSlashOfKarmicWind","HumanRealmSword"],"picked":"HellFireSword","floor":4},{"not_picked":["MeatLantern","Wellcheers"],"picked":"FairyFestival","floor":5},{"not_picked":["SlashOfMeditation","PhosphoricSlash","GhostSword","ObsessionWithThePresentWorld"],"picked":"FantasyOfEnteringEnlightenment","floor":5},{"not_picked":["VoidDream","Murderer","MHz"],"picked":"Singing Bowl","floor":8},{"not_picked":["CherryBlossoms","UniverseFragment"],"picked":"BigBadWolf","floor":8},{"not_picked":["RapidSlash","HellFireSword","HumanKnowledgeSword","AsTheSilentNirvana"],"picked":"ReincarnationSword","floor":8},{"not_picked":["TwoHundredYojanaInOneSlash","SpiritCuttingSword","SwordOfBindingDesires","SlashOfDepartureFromHesitation"],"picked":"HeavenlyHaloSlash","floor":1},{"not_picked":["OSAHOGD","Murderer","NakedNest"],"picked":"Singing Bowl","floor":1},{"not_picked":["Wellcheers","UniverseFragment"],"picked":"MeatLantern","floor":1},{"not_picked":["Wellcheers","WhitesApple","LittlePrince"],"picked":"Singing Bowl","floor":4},{"not_picked":["HeroicMonk","OldLady"],"picked":"VoidDream","floor":4},{"not_picked":["CherryBlossomFlashing","EchoesOfTheInclemencyOfAllBeings","HeartExcerptSlash","ThreeKonsSevenHakus","LowerRealmReflectionSlash","DispleasureOfTheSevenHakus"],"picked":"AsTheSilentNirvana","floor":4}],"player_experience":506377,"relics_obtained":[{"floor":1,"key":"SynthV:TestCard"},{"floor":1,"key":"LetterFromLob"},{"floor":8,"key":"Pear"},{"floor":9,"key":"AT_GuinsooRageblade"},{"floor":1,"key":"SynthV:TestCard"},{"floor":1,"key":"LetterFromLob"}],"event_choices":[{"damage_healed":0,"gold_gain":0,"player_choice":"Agree","damage_taken":0,"max_hp_gain":0,"max_hp_loss":0,"event_name":"conspire:LoneGhost","floor":2,"gold_loss":0}],"is_beta":false,"boss_relics":[],"items_purged_floors":[],"is_endless":false,"potions_floor_spawned":[1,8,1,4],"killed_by":"Jaw Worm","ascension_level":0}}