{"host":"94aus4jnk6thj94q","time":1611220240,"event":{"mods":["BaseMod","Minty Spire (QoL Compilation)","Quick Restart","StSLib"],"gold_per_floor":[114,114,126,139,157,157,188,200,223,223,233,43,143,155,155,259,259,259,259],"floor_reached":18,"language":"ENG","playtime":3191,"items_purged":[],"score":164,"play_id":"35520781-79a4-4356-9dfe-fdf94baebff3","local_time":"20210121111040","is_ascension_mode":false,"campfire_choices":[{"floor":6,"key":"REST"},{"floor":10,"key":"REST"},{"floor":15,"key":"REST"}],"circlet_count":0,"master_deck":["Strike_R","Strike_R","Strike_R","Strike_R","Strike_R","Defend_R","Defend_R","Defend_R","Defend_R","Bash","Berserk","Cleave","Twin Strike","Wild Strike","Pommel Strike","Pommel Strike","Ghostly Armor","Body Slam","Fire Breathing+1","Barricade+1"],"relics":["Burning Blood","Frozen Egg 2","Tiny Chest","Snecko Eye"],"acts_visited":["Exordium","TheCity"],"potions_floor_usage":[7,7],"damage_taken":[{"damage":18,"enemies":"2 Louse","floor":1,"turns":3},{"damage":1,"enemies":"Cultist","floor":3,"turns":3},{"damage":11,"enemies":"Jaw Worm","floor":4,"turns":2},{"damage":5,"enemies":"Lots of Slimes","floor":5,"turns":3},{"damage":21,"enemies":"Gremlin Nob","floor":7,"turns":3},{"damage":19,"enemies":"Exordium Thugs","floor":8,"turns":5},{"damage":29,"enemies":"Gremlin Gang","floor":11,"turns":5},{"damage":0,"enemies":"Looter","floor":14,"turns":3},{"damage":38,"enemies":"Slime Boss","floor":16,"turns":8},{"damage":51,"enemies":"Shell Parasite","floor":18,"turns":6}],"seed_played":"4147155846497614975","potions_obtained":[{"floor":1,"key":"Strength Potion"},{"floor":5,"key":"PowerPotion"},{"floor":7,"key":"SpeedPotion"},{"floor":14,"key":"Swift Potion"}],"is_trial":false,"path_per_floor":["M","?","M","M","M","R","E","M","T","R","M","$","?","M","R","B",null,"M"],"character_chosen":"IRONCLAD","items_purchased":["Tiny Chest","Fire Breathing+1"],"campfire_rested":3,"item_purchase_floors":[12,12],"current_hp_per_floor":[68,68,73,68,69,80,65,52,52,76,53,53,53,59,80,48,80,29,29],"gold":259,"neow_bonus":"ONE_RANDOM_RARE_CARD","is_daily":false,"chose_seed":false,"campfire_upgraded":0,"win_rate":0.0,"timestamp":1611220240,"path_taken":["M","?","M","M","M","R","E","M","T","R","M","$","?","M","R","BOSS","M"],"items_purchased_type":["Relic","Card"],"build_version":"2020-12-22","purchased_purges":0,"victory":false,"max_hp_per_floor":[80,80,80,80,80,80,80,80,80,80,80,80,80,80,80,80,80,80,80],"card_choices":[{"not_picked":["Sentinel","Sword Boomerang"],"picked":"Cleave","floor":1},{"not_picked":["Searing Blow","Thunderclap"],"picked":"Twin Strike","floor":3},{"not_picked":["Anger","Sever Soul"],"picked":"Wild Strike","floor":4},{"not_picked":["Ghostly Armor","Headbutt"],"picked":"Pommel Strike","floor":5},{"not_picked":["Feel No Pain+1","Double Tap"],"picked":"Pommel Strike","floor":7},{"not_picked":["Thunderclap","Heavy Blade"],"picked":"Ghostly Armor","floor":8},{"not_picked":["Iron Wave","Havoc"],"picked":"Body Slam","floor":11},{"not_picked":["Sever Soul","Clash","Havoc"],"picked":"SKIP","floor":14},{"not_picked":["Exhume","Juggernaut+1"],"picked":"Barricade+1","floor":16}],"player_experience":5836349,"relics_obtained":[{"floor":7,"key":"Frozen Egg 2"}],"event_choices":[{"damage_healed":0,"gold_gain":0,"player_choice":"Fled","damage_taken":0,"max_hp_gain":0,"max_hp_loss":0,"event_name":"Scrap Ooze","floor":2,"gold_loss":0},{"damage_healed":0,"gold_gain":100,"player_choice":"Gold","damage_taken":0,"max_hp_gain":0,"max_hp_loss":0,"event_name":"Wheel of Change","floor":13,"gold_loss":0}],"is_beta":false,"boss_relics":[{"not_picked":["Tiny House","Empty Cage"],"picked":"Snecko Eye"}],"items_purged_floors":[],"is_endless":false,"potions_floor_spawned":[1,5,7,14],"killed_by":"Shell Parasite","ascension_level":0}}