{"host":"9slw7l0ws16384qq","time":1611250508,"event":{"mods":["A Penny For Your Troubles","BaseMod","Colored Map","Evolution","Hubris","Minty Spire (QoL Compilation)","Replay The Spire","Shedinja","StS++","StSLib","The Dragon Tamer","The Marked"],"gold_per_floor":[112,112,212,231,156,182,195,195,195,195,95,95,115,115,115,115,115],"floor_reached":16,"language":"FRA","playtime":410,"items_purged":["Strike_R","Strike_R"],"score":98,"play_id":"94f1d971-9e33-4bfa-90ff-890b3573d43a","local_time":"20210121183508","is_ascension_mode":false,"campfire_choices":[{"data":"Thunderclap","floor":10,"key":"SMITH"},{"data":"Dropkick","floor":12,"key":"SMITH"},{"data":"Thunderclap","floor":15,"key":"SMITH"}],"circlet_count":0,"master_deck":["Thunderclap+1","Thunderclap+1","Thunderclap","Defend_R","Defend_R","Defend_R","Defend_R","Bash","Dropkick+1","hubris:SharpeningStone+1"],"relics":["Burning Blood","EVO:Axolotl","Toxic Egg 2","hubris:OldNail","hubris:IronBody","Shedinja:ExtraMaxHp"],"acts_visited":["Exordium"],"potions_floor_usage":[6],"damage_taken":[{"damage":0,"enemies":"Small Slimes","floor":1,"turns":3},{"damage":1,"enemies":"Cultist","floor":4,"turns":3},{"damage":17,"enemies":"3 Sentries","floor":6,"turns":5},{"damage":0,"enemies":"2 Louse","floor":7,"turns":3},{"damage":5,"enemies":"Exordium Thugs","floor":13,"turns":4},{"damage":78,"enemies":"Hexaghost","floor":16,"turns":10}],"seed_played":"6695457025918243710","potions_obtained":[{"floor":1,"key":"Energy Potion"},{"floor":7,"key":"SpeedPotion"},{"floor":13,"key":"BlessingOfTheForge"}],"is_trial":false,"path_per_floor":["M","?","?","M","$","E","M","?","T","R","$","R","M","?","R","B"],"character_chosen":"IRONCLAD","items_purchased":[],"campfire_rested":0,"item_purchase_floors":[],"current_hp_per_floor":[88,88,88,88,88,77,83,83,83,83,83,83,84,84,84,6,6],"gold":115,"neow_bonus":"TEN_PERCENT_HP_BONUS","is_daily":false,"chose_seed":false,"campfire_upgraded":3,"win_rate":0.0,"timestamp":1611250508,"path_taken":["M","?","?","M","$","E","?","?","T","R","?","R","?","?","R","BOSS"],"items_purchased_type":[],"build_version":"2020-12-22","purchased_purges":2,"victory":false,"max_hp_per_floor":[88,88,88,88,88,88,88,88,88,88,88,88,88,88,88,88,88],"card_choices":[{"not_picked":["Shrug It Off","Pommel Strike"],"picked":"Dropkick","floor":1},{"not_picked":["StSpp:Succumb+1","Clothesline","Heavy Blade"],"picked":"SKIP","floor":4},{"not_picked":["Pommel Strike","Eclipse+1"],"picked":"hubris:SharpeningStone+1","floor":6},{"not_picked":["hubris:CleavingFinish","Disarm+1","Anger"],"picked":"SKIP","floor":7},{"not_picked":["Armaments+1","Run Through","Sword Boomerang"],"picked":"SKIP","floor":13}],"player_experience":1654114,"relics_obtained":[{"floor":6,"key":"hubris:OldNail"},{"floor":9,"key":"hubris:IronBody"}],"event_choices":[{"damage_healed":0,"gold_gain":100,"player_choice":"Pray","damage_taken":0,"max_hp_gain":0,"max_hp_loss":0,"event_name":"Golden Shrine","floor":3,"gold_loss":0}],"is_beta":false,"boss_relics":[],"items_purged_floors":[5,11],"is_endless":false,"potions_floor_spawned":[1,7,13],"killed_by":"Hexaghost","ascension_level":0}}