{"host":"wcqwttj5v9rz3xmq","time":1611196874,"event":{"mods":["BaseMod","Colored Map","Downfall","Minty Spire (QoL Compilation)","StSLib"],"gold_per_floor":[99,112,130,580,595,615,641,345,345,345,379,379,396,422,438,438,438,438],"floor_reached":16,"language":"ENG","playtime":1442,"items_purged":["downfall:Icky"],"score":112,"play_id":"e268daf9-7996-4922-89d4-c4329f593560","local_time":"20210120214114","is_ascension_mode":false,"campfire_choices":[{"data":"sneckomod:TailWhip","floor":10,"key":"SMITH"}],"circlet_count":0,"master_deck":["sneckomod:Strike","sneckomod:Strike","sneckomod:Defend","sneckomod:Defend","sneckomod:Defend","sneckomod:TailWhip+1","sneckomod:SnekBite","sneckomod:Unknown","Flying Knee","sneckomod:CheapStock","sneckomod:UnknownCommonAttack","downfall:Icky","downfall:Icky","sneckomod:UnknownCommonSkill","sneckomod:UnknownVulnerable","sneckomod:UnknownBlock","sneckomod:UnknownCommonSkill","sneckomod:UnknownRareAttack","Heel Hook","sneckomod:UnknownDraw","sneckomod:MorePower","sneckomod:UnknownClassGREEN+1","sneckomod:Cheat"],"relics":["sneckomod:SneckoSoul","Oddly Smooth Stone","Ancient Tea Set","Lantern","HornCleat"],"acts_visited":["Exordium"],"potions_floor_usage":[16,16,16],"damage_taken":[{"damage":0,"enemies":"Small Slimes","floor":2,"turns":4},{"damage":4,"enemies":"Cultist","floor":3,"turns":4},{"damage":3,"enemies":"Jaw Worm","floor":5,"turns":5},{"damage":12,"enemies":"2 Fungi Beasts","floor":6,"turns":4},{"damage":0,"enemies":"downfall:FleeingMerchant","floor":8,"turns":4},{"damage":15,"enemies":"3 Sentries","floor":11,"turns":6},{"damage":0,"enemies":"Blue Slaver","floor":13,"turns":2},{"damage":30,"enemies":"Lagavulin","floor":14,"turns":7},{"damage":11,"enemies":"Large Slime","floor":15,"turns":4},{"damage":43,"enemies":"DF_ARCHETYPE_STREAMLINE","floor":16,"turns":6}],"seed_played":"5439499469286231968","potions_obtained":[{"floor":2,"key":"SpeedPotion"},{"floor":3,"key":"ColorlessPotion"},{"floor":13,"key":"Fire Potion"},{"floor":14,"key":"GamblersBrew"},{"floor":15,"key":"DistilledChaos"}],"is_trial":false,"path_per_floor":["R","M","M","?","M","M","T","$","?","R","E","R","M","E","M","B"],"character_chosen":"THE_SNECKO","items_purchased":["sneckomod:UnknownBlock","Ancient Tea Set"],"campfire_rested":0,"item_purchase_floors":[8,8],"current_hp_per_floor":[99,99,95,95,92,80,80,80,80,80,65,65,65,35,24,0,0,0],"gold":438,"neow_bonus":"TEN_PERCENT_HP_BONUS","is_daily":false,"chose_seed":false,"campfire_upgraded":1,"win_rate":0.0,"timestamp":1611196874,"path_taken":["R","M","M","?","M","M","T","$","?","R","E","R","?","E","M","BOSS"],"items_purchased_type":["Card","Relic"],"build_version":"2020-12-22","purchased_purges":1,"victory":false,"max_hp_per_floor":[99,99,99,99,99,99,99,99,99,99,99,99,99,99,99,99,99,99],"card_choices":[{"not_picked":["sneckomod:DiceCrush","sneckomod:SnekBeam"],"picked":"sneckomod:CheapStock","floor":2},{"not_picked":["sneckomod:CheapStock","sneckomod:SoulRoll"],"picked":"sneckomod:UnknownCommonAttack","floor":3},{"not_picked":["sneckomod:RainOfDice","sneckomod:UnknownCommonAttack"],"picked":"sneckomod:UnknownCommonSkill","floor":5},{"not_picked":["sneckomod:QuickBite","sneckomod:UnknownCommonAttack"],"picked":"sneckomod:UnknownVulnerable","floor":6},{"not_picked":["sneckomod:IronFang","sneckomod:SoulRoll"],"picked":"sneckomod:UnknownUncommonAttack","floor":8},{"not_picked":["sneckomod:Nope","sneckomod:UnknownCommonSkill"],"picked":"sneckomod:UnknownRareAttack","floor":11},{"not_picked":["sneckomod:IronFang","sneckomod:Unknown1Cost"],"picked":"sneckomod:UnknownDraw","floor":13},{"not_picked":["sneckomod:UnknownCommonAttack","sneckomod:IronFang"],"picked":"sneckomod:MorePower","floor":14},{"not_picked":["sneckomod:UnknownCommonSkill+1","sneckomod:UnknownUncommonSkill+1"],"picked":"sneckomod:UnknownClassGREEN+1","floor":15},{"not_picked":["sneckomod:IronFang","sneckomod:DiceCrush"],"picked":"sneckomod:Cheat","floor":15}],"player_experience":100439,"relics_obtained":[{"floor":7,"key":"Oddly Smooth Stone"},{"floor":11,"key":"Lantern"},{"floor":14,"key":"HornCleat"}],"event_choices":[],"is_beta":false,"boss_relics":[],"items_purged_floors":[8],"is_endless":false,"potions_floor_spawned":[2,3,13,14,15],"killed_by":"DF_ARCHETYPE_STREAMLINE","ascension_level":0}}