{"host":"no0bdlpxzp7bzzks","time":1611256753,"event":{"mods":["BaseMod","Better Match","Block Reminder","Colored Map","Curses Come First","DeckTracker","Downfall","Filter the Spire","Highlight Path","Key Reminder","Minty Spire (QoL Compilation)","Permanent Neow","Relic Sorter","Relic Stats","StSLib"],"gold_per_floor":[99,114,129,144,159,159,159,174,74,74,104,104,134,149,164,264,264,264,279,279,294,309,219,219,249,264,279,179,209,109,94,109,209,209,209,224,224,224],"floor_reached":37,"language":"ENG","playtime":2290,"items_purged":["Strike_R"],"score":473,"play_id":"bd9a3e25-ba18-4615-8d77-f7c19cc6763e","local_time":"20210121131913","is_ascension_mode":false,"campfire_choices":[{"floor":1.0,"key":"RECALL"},{"data":"Rampage","floor":9.0,"key":"SMITH"},{"data":"Inflame","floor":12.0,"key":"SMITH"},{"data":"True Grit","floor":18.0,"key":"SMITH"},{"data":"Limit Break","floor":28.0,"key":"SMITH"},{"data":"Disarm","floor":30.0,"key":"SMITH"},{"data":"Armaments","floor":35,"key":"SMITH"}],"circlet_count":0,"master_deck":["Bash","Flame Barrier","Rampage+1","Inflame+1","Dual Wield","Iron Wave","Whirlwind","True Grit+1","Pommel Strike","Limit Break+1","Sword Boomerang","Heavy Blade+1","Intimidate","Disarm+1","Entrench","Sword Boomerang+1","Exhume","Impervious","Thunderclap","Blood for Blood","Fiend Fire","Warcry","Armaments+1","Corruption","Inflame+1"],"relics":["Burning Blood","TungstenRod","downfall:HeartBlessingRed","Incense Burner","StoneCalendar","Sozu","Nilry\u0027s Codex","Whetstone","downfall:HeartBlessingBlue","Magic Flower","downfall:HeartBlessingGreen","Pandora\u0027s Box"],"acts_visited":["Exordium","TheCity","TheBeyond"],"potions_floor_usage":[],"damage_taken":[{"damage":0.0,"enemies":"Small Slimes","floor":2.0,"turns":3.0},{"damage":0.0,"enemies":"2 Louse","floor":3.0,"turns":4.0},{"damage":6.0,"enemies":"Jaw Worm","floor":4.0,"turns":3.0},{"damage":5.0,"enemies":"Large Slime","floor":5.0,"turns":5.0},{"damage":7.0,"enemies":"2 Fungi Beasts","floor":8.0,"turns":4.0},{"damage":17.0,"enemies":"Lagavulin","floor":11.0,"turns":5.0},{"damage":0.0,"enemies":"3 Sentries","floor":13.0,"turns":3.0},{"damage":1.0,"enemies":"3 Louse","floor":14.0,"turns":2.0},{"damage":0.0,"enemies":"Blue Slaver","floor":15.0,"turns":2.0},{"damage":35.0,"enemies":"WA_ARCHETYPE_RETAIN","floor":16.0,"turns":7.0},{"damage":0.0,"enemies":"Chosen","floor":19.0,"turns":3.0},{"damage":0.0,"enemies":"Spheric Guardian","floor":21.0,"turns":3.0},{"damage":23.0,"enemies":"Shelled Parasite and Fungi","floor":22.0,"turns":6.0},{"damage":0.0,"enemies":"downfall:FleeingMerchant","floor":23.0,"turns":4.0},{"damage":14.0,"enemies":"Gremlin Leader","floor":25.0,"turns":4.0},{"damage":9.0,"enemies":"Snake Plant","floor":26.0,"turns":4.0},{"damage":19.0,"enemies":"Snecko","floor":27.0,"turns":4.0},{"damage":21.0,"enemies":"Book of Stabbing","floor":29.0,"turns":7.0},{"damage":0.0,"enemies":"downfall:FleeingMerchant","floor":31.0,"turns":4.0},{"damage":26.0,"enemies":"Sentry and Sphere","floor":32.0,"turns":4.0},{"damage":27.0,"enemies":"IC_MUSHROOM_ARCHETYPE","floor":33.0,"turns":7.0},{"damage":13,"enemies":"3 Shapes","floor":36,"turns":3},{"damage":99,"enemies":"2 Orb Walkers","floor":37,"turns":4}],"seed_played":"4423147345136407338","potions_obtained":[{"floor":4.0,"key":"champ:CounterPotion"},{"floor":11.0,"key":"SneckoOil"},{"floor":15.0,"key":"Strength Potion"},{"floor":16.0,"key":"Energy Potion"}],"is_trial":false,"path_per_floor":["R","M","M","M","M","?","T","M","R","?","E","R","E","M","M","B",null,"R","M","?","M","M","$","T","E","M","M","R","E","R","$","M","B",null,"R","M","?"],"character_chosen":"IRONCLAD","items_purchased":[],"campfire_rested":0,"item_purchase_floors":[],"current_hp_per_floor":[80,80,80,80,80,80,80,79,79,84,73,73,79,84,85,56,85,85,85,70,76,59,65,65,57,54,41,51,36,36,45,28,10,95,95,91,0,0],"gold":224,"neow_bonus":"","is_daily":true,"chose_seed":false,"campfire_upgraded":6,"win_rate":0.0,"timestamp":1611256753,"path_taken":["R","M","M","M","M","?","T","M","R","?","E","R","E","M","M","BOSS","R","M","?","M","M","$","T","E","M","M","R","E","R","$","M","BOSS","R","M","?"],"items_purchased_type":[],"build_version":"2020-12-22","purchased_purges":1,"victory":false,"max_hp_per_floor":[80,80,80,80,80,80,80,80,80,85,85,85,85,85,85,85,85,85,85,85,85,85,85,85,85,85,85,95,95,95,95,95,95,95,95,95,95,95],"relic_stats":{"Sozu":5,"counters":[23,95],"Magic Flower":[12],"StoneCalendar":[159],"Pandora\u0027s Box":["Impervious","Thunderclap","Blood for Blood","Fiend Fire","Warcry","Armaments","Corruption"],"Whetstone":["Strike_R","Strike_R"],"obtain_stats":[{"downfall:HeartBlessingRed":9,"Nilry\u0027s Codex":20,"Magic Flower":29,"StoneCalendar":13,"downfall:HeartBlessingGreen":30,"Incense Burner":11,"Whetstone":25,"Burning Blood":0,"keyreminder:keyreminder":1,"Sozu":17,"downfall:HeartBlessingBlue":28,"Pandora\u0027s Box":34,"TungstenRod":7},{"downfall:HeartBlessingRed":5,"Nilry\u0027s Codex":11,"Magic Flower":18,"StoneCalendar":7,"downfall:HeartBlessingGreen":18,"Incense Burner":6,"Whetstone":15,"Burning Blood":0,"keyreminder:keyreminder":0,"Sozu":10,"downfall:HeartBlessingBlue":17,"Pandora\u0027s Box":21,"TungstenRod":4},{"downfall:HeartBlessingRed":19,"Nilry\u0027s Codex":41,"Magic Flower":73,"StoneCalendar":27,"downfall:HeartBlessingGreen":73,"Incense Burner":24,"Whetstone":58,"Burning Blood":0,"keyreminder:keyreminder":0,"Sozu":38,"downfall:HeartBlessingBlue":66,"Pandora\u0027s Box":88,"TungstenRod":15}],"Burning Blood":120,"TungstenRod":53},"card_choices":[{"not_picked":["Flex","Dark Embrace"],"picked":"Flame Barrier","floor":2.0},{"not_picked":["Flex","Warcry"],"picked":"Rampage","floor":3.0},{"not_picked":["Seeing Red","Havoc"],"picked":"Inflame","floor":4.0},{"not_picked":["Disarm","Battle Trance"],"picked":"Dual Wield","floor":5.0},{"not_picked":["Thunderclap","Shrug It Off"],"picked":"Iron Wave","floor":8.0},{"not_picked":["Pummel","Wild Strike","Blood for Blood"],"picked":"SKIP","floor":11.0},{"not_picked":["Twin Strike","Cleave"],"picked":"Whirlwind","floor":13.0},{"not_picked":["Hemokinesis","Brutality"],"picked":"True Grit","floor":14.0},{"not_picked":["Headbutt","Twin Strike"],"picked":"Pommel Strike","floor":15.0},{"not_picked":["Berserk","Bludgeon"],"picked":"Limit Break","floor":16.0},{"not_picked":["Cleave","Clothesline"],"picked":"Sword Boomerang","floor":19.0},{"not_picked":["Pommel Strike","Infernal Blade"],"picked":"Heavy Blade+1","floor":21.0},{"not_picked":["Headbutt","Twin Strike","Double Tap"],"picked":"SKIP","floor":22.0},{"not_picked":["Wild Strike","Whirlwind"],"picked":"Intimidate","floor":23.0},{"not_picked":["Cleave+1","Clothesline"],"picked":"Disarm","floor":25.0},{"not_picked":["Infernal Blade+1","Wild Strike","True Grit"],"picked":"SKIP","floor":26.0},{"not_picked":["Flex","Cleave+1","Hemokinesis"],"picked":"SKIP","floor":27.0},{"not_picked":["Anger","Thunderclap","Fire Breathing"],"picked":"SKIP","floor":29.0},{"not_picked":["Cleave+1","Twin Strike"],"picked":"Entrench","floor":31.0},{"not_picked":["Carnage","Searing Blow"],"picked":"Sword Boomerang+1","floor":32.0},{"not_picked":["Berserk","Bludgeon"],"picked":"Exhume","floor":33.0},{"not_picked":["Clothesline","Sword Boomerang+1"],"picked":"Inflame+1","floor":36}],"player_experience":98096,"relics_obtained":[{"floor":7.0,"key":"TungstenRod"},{"floor":11.0,"key":"Incense Burner"},{"floor":13.0,"key":"StoneCalendar"},{"floor":20.0,"key":"Nilry\u0027s Codex"},{"floor":25.0,"key":"Whetstone"},{"floor":29.0,"key":"Magic Flower"}],"event_choices":[{"cards_removed":["Defend_R"],"damage_healed":0.0,"max_hp_gain":0.0,"max_hp_loss":0.0,"gold_gain":0.0,"event_name":"The Cleric","player_choice":"Card Removal","floor":6.0,"gold_loss":0.0,"damage_taken":0.0},{"damage_healed":0.0,"max_hp_gain":5.0,"max_hp_loss":0.0,"gold_gain":0.0,"event_name":"Big Fish","player_choice":"Donut","floor":10.0,"gold_loss":0.0,"damage_taken":0.0},{"damage_healed":0,"gold_gain":0,"player_choice":"Fight","damage_taken":0,"max_hp_gain":0,"max_hp_loss":0,"event_name":"Mysterious Sphere","floor":37,"gold_loss":0}],"is_beta":false,"boss_relics":[{"not_picked":["Runic Dome","Snecko Eye"],"picked":"Sozu"},{"not_picked":["Runic Cube","SlaversCollar"],"picked":"Pandora\u0027s Box"}],"items_purged_floors":[23],"is_endless":false,"potions_floor_spawned":[4,11,15,16,21,22,26,27,32],"killed_by":"2 Orb Walkers","ascension_level":0}}