{"host":"k5ce38i4ey85p5tz","time":1611227243,"event":{"mods":["BaseMod","Colored Map","Colored Powertips","Downfall","Highlight Path","Marisa£®ÏF”Í°°ƒß¿Ì…≥£©","Minty Spire (QoL Compilation)","Quick Restart","StSLib","Td1madao Mod","The Bug Knight","The Servant 0.9.4","°æ“≈ŒÔø®≈∆°øREMEMod"],"gold_per_floor":[109,109,184,202,202,231,231,244,319,338,303,28,40,60,60,164,164,191,206,206,84,118,118,152,168,213,213,213],"floor_reached":27,"language":"ZHS","playtime":2493,"items_purged":[],"score":217,"play_id":"2cf0dea5-0710-4f67-99c4-491bb1f599fd","local_time":"20210121190723","is_ascension_mode":false,"campfire_choices":[{"floor":7,"key":"REST"},{"floor":15,"key":"REST"},{"floor":23,"key":"REST"}],"circlet_count":0,"master_deck":["Strike_MRS","Strike_MRS","Strike_MRS+1","Strike_MRS","Defend_MRS","Defend_MRS","Defend_MRS","Defend_MRS","MasterSpark+1","UpSweep","PowerUp+1","OpenUniverse","Parasite","Parasite","ManaConvection","PropBag","AsteroidBelt","ShootTheMoon","UltimateShortwave","Robbery","EnergyFlow","EnergyRecoil","DarkMatter","TreasureHunter","FinalSpark","MysteriousBeam+1","JA","ChargingUp","WitchOfGreed","AlicesGift+1","AsteroidBelt+1","MysteriousBeam","ShootTheMoon+1"],"relics":["BewitchedHakkero","REME_ComplimentaryCards","Dream Catcher","ShroomBag","Eternal Feather","Girya","SsserpentHead","MealTicket"],"acts_visited":["Exordium","TheCity"],"potions_floor_usage":[10,14,19,27,27],"damage_taken":[{"damage":2,"enemies":"Small Slimes","floor":1,"turns":4},{"damage":3,"enemies":"Jaw Worm","floor":4,"turns":3},{"damage":31,"enemies":"3 Sentries","floor":6,"turns":6},{"damage":4,"enemies":"2 Louse","floor":8,"turns":2},{"damage":0,"enemies":"Gremlin Gang","floor":10,"turns":5},{"damage":15,"enemies":"Looter","floor":13,"turns":3},{"damage":18,"enemies":"Exordium Thugs","floor":14,"turns":6},{"damage":16,"enemies":"Slime Boss","floor":16,"turns":12},{"damage":31,"enemies":"2 Thieves","floor":18,"turns":5},{"damage":11,"enemies":"Spheric Guardian","floor":19,"turns":4},{"damage":42,"enemies":"Snecko","floor":22,"turns":6},{"damage":34,"enemies":"3 Cultists","floor":24,"turns":5},{"damage":7,"enemies":"Cultist and Chosen","floor":25,"turns":7},{"damage":10,"enemies":"Snake Plant","floor":27,"turns":1}],"seed_played":"6594910887261561981","potions_obtained":[{"floor":4,"key":"StarNLove"},{"floor":8,"key":"Fire Potion"},{"floor":10,"key":"SpeedPotion"},{"floor":13,"key":"Block Potion"},{"floor":18,"key":"ShroomBrew"},{"floor":22,"key":"Fire Potion"},{"floor":25,"key":"LiquidBronze"}],"is_trial":false,"path_per_floor":["M","?","?","M","?","E","R","M","T","M","?","$","M","M","R","B",null,"M","M","?","$","M","R","M","M","T","M"],"character_chosen":"MARISA","items_purchased":["UltimateShortwave","Robbery","EnergyFlow","ChargingUp","WitchOfGreed"],"campfire_rested":3,"item_purchase_floors":[12,12,12,21,21],"current_hp_per_floor":[73,58,47,44,44,13,35,35,35,39,57,57,44,30,64,52,75,48,41,41,41,3,43,13,10,10,0,0],"gold":213,"neow_bonus":"RANDOM_COMMON_RELIC","is_daily":false,"chose_seed":false,"campfire_upgraded":0,"win_rate":0.0,"timestamp":1611227243,"path_taken":["M","?","?","M","?","E","R","M","T","M","?","?","M","M","R","BOSS","M","?","?","$","M","R","M","M","T","M"],"items_purchased_type":["Card","Card","Card","Card","Card"],"build_version":"2020-12-22","purchased_purges":0,"victory":false,"max_hp_per_floor":[75,75,75,75,75,75,75,75,75,75,75,75,75,75,75,75,75,75,75,75,75,75,75,75,75,75,75,75],"card_choices":[{"not_picked":["WitchOfGreed","GalacticHalo"],"picked":"PowerUp","floor":1},{"not_picked":["NonDirectionalLaser","UnstableBomb"],"picked":"OpenUniverse","floor":4},{"not_picked":["DeepEcoloBomb","DarkMatter"],"picked":"ManaConvection","floor":6},{"not_picked":["6A","MagicAbsorber"],"picked":"PropBag","floor":7},{"not_picked":["StarBarrage","MilkyWay"],"picked":"AsteroidBelt","floor":8},{"not_picked":["IllusionStar","MagicChant"],"picked":"ShootTheMoon","floor":10},{"not_picked":["BlazeAway","Acceleration"],"picked":"EnergyRecoil","floor":13},{"not_picked":["DC","IllusionStar"],"picked":"DarkMatter","floor":14},{"not_picked":["EnergyFlow","GrandCross"],"picked":"TreasureHunter","floor":15},{"not_picked":["BlazingStar","ManaRampage"],"picked":"FinalSpark","floor":16},{"not_picked":["PowerUp","DC"],"picked":"MysteriousBeam+1","floor":18},{"not_picked":["GrandCross","DoubleSpark"],"picked":"JA","floor":19},{"not_picked":["EarthLightRay","ChargeUpSpray"],"picked":"AlicesGift+1","floor":22},{"not_picked":["DoubleSpark","DC"],"picked":"AsteroidBelt+1","floor":23},{"not_picked":["GravityBeat","DoubleSpark"],"picked":"MysteriousBeam","floor":24},{"not_picked":["NonDirectionalLaser","WitchOfGreed"],"picked":"ShootTheMoon+1","floor":25}],"player_experience":33856,"relics_obtained":[{"floor":6,"key":"ShroomBag"},{"floor":9,"key":"Eternal Feather"},{"floor":16,"key":"Girya"},{"floor":26,"key":"MealTicket"}],"event_choices":[{"damage_healed":0,"gold_gain":0,"player_choice":"Entered Light","damage_taken":15,"max_hp_gain":0,"max_hp_loss":0,"event_name":"Shining Light","floor":2,"gold_loss":0,"cards_upgraded":["MasterSpark","Strike_MRS"]},{"damage_healed":0,"gold_gain":75,"player_choice":"Gather Gold","damage_taken":11,"max_hp_gain":0,"max_hp_loss":0,"event_name":"World of Goop","floor":3,"gold_loss":0},{"damage_healed":0,"gold_gain":0,"player_choice":"Grow","damage_taken":0,"max_hp_gain":0,"max_hp_loss":0,"event_name":"Living Wall","floor":5,"gold_loss":0,"cards_upgraded":["PowerUp"]},{"damage_healed":18,"gold_gain":0,"player_choice":"Healed","damage_taken":0,"max_hp_gain":0,"max_hp_loss":0,"event_name":"The Cleric","floor":11,"gold_loss":35},{"damage_healed":0,"gold_gain":0,"player_choice":"Trade","damage_taken":0,"relics_obtained":["SsserpentHead"],"max_hp_gain":0,"max_hp_loss":0,"event_name":"FaceTrader","floor":20,"gold_loss":0}],"is_beta":false,"boss_relics":[{"not_picked":["Empty Cage","SacredBark"],"picked":"BewitchedHakkero"}],"items_purged_floors":[],"is_endless":false,"potions_floor_spawned":[4,8,10,13,18,22,25],"killed_by":"Snake Plant","ascension_level":0}}