{"host":"zke3fwiit0h580fo","time":1611239675,"event":{"mods":["AchievementEnabler","BaseMod","Colored Map","Colored Powertips","Hubris","Minty Spire (QoL Compilation)","Quick Restart","Relic Stats","Replay The Spire","StSLib","SuperFastMode"],"gold_per_floor":[114,114,154,79,79,113,113,125,125,159,159,174,208,218,218,218,218],"floor_reached":16,"language":"ENG","playtime":625,"items_purged":["ReplayTheSpireMod:Splinters"],"score":161,"play_id":"a3452620-ab7f-4d01-a2b3-cc978848279e","local_time":"20210121153435","is_ascension_mode":true,"campfire_choices":[{"data":"Armaments","floor":7,"key":"SMITH"},{"floor":11,"key":"REST"},{"data":"hubris:ReadiedAction","floor":15,"key":"SMITH"}],"circlet_count":0,"master_deck":["Strike_R","Strike_R","Strike_R","Strike_R","Strike_R","Defend_R","Defend_R","Defend_R","Defend_R","Bash","Strike_R","Defend_B","Iron Wave","Armaments+1","Shockwave","Anger","hubris:ReadiedAction+1","Hemokinesis+1","ReplayTheSpireMod:Strike From Hell+1","Body Slam+1","ReplayTheSpireMod:Muscle Training"],"relics":["Burning Blood","Durian","White Beast Statue","Molten Egg 2","Bottled Lightning"],"acts_visited":["Exordium"],"potions_floor_usage":[10,13,16,16],"damage_taken":[{"damage":11,"enemies":"Jaw Worm","floor":1,"turns":5},{"damage":28,"enemies":"Gremlin Nob","floor":6,"turns":5},{"damage":7,"enemies":"2 Louse","floor":8,"turns":3},{"damage":40,"enemies":"Lagavulin","floor":10,"turns":6},{"damage":2,"enemies":"Cultist","floor":12,"turns":3},{"damage":17,"enemies":"3 Sentries","floor":13,"turns":7},{"damage":8,"enemies":"Red Slaver","floor":14,"turns":3},{"damage":64,"enemies":"The Guardian","floor":16,"turns":6}],"seed_played":"1749047633182955191","potions_obtained":[{"floor":1,"key":"Death Potion"},{"floor":8,"key":"SneckoOil"},{"floor":10,"key":"Elixir"},{"floor":12,"key":"Block Potion"},{"floor":13,"key":"GamblersBrew"},{"floor":14,"key":"Adrenaline Potion"}],"is_trial":false,"path_per_floor":["M","?","?","$","?","E","R","M","T","E","R","M","E","M","R","B"],"character_chosen":"IRONCLAD","items_purchased":[],"campfire_rested":1,"item_purchase_floors":[],"current_hp_per_floor":[91,91,96,96,96,74,74,73,73,39,69,73,62,60,60,0,0],"gold":218,"neow_bonus":"TWENTY_PERCENT_HP_BONUS","is_daily":false,"chose_seed":false,"campfire_upgraded":2,"win_rate":0.0,"timestamp":1611239675,"path_taken":["M","?","?","$","?","E","R","M","T","E","R","?","E","M","R","BOSS"],"items_purchased_type":[],"build_version":"2020-12-22","purchased_purges":1,"victory":false,"max_hp_per_floor":[96,96,101,101,101,101,101,101,101,101,101,101,101,101,101,101,101],"relic_stats":{"counters":[8,38],"obtain_stats":[{"Molten Egg 2":10,"Durian":3,"Bottled Lightning":13,"Burning Blood":0,"White Beast Statue":6},{"Molten Egg 2":4,"Durian":1,"Bottled Lightning":6,"Burning Blood":0,"White Beast Statue":2},{"Molten Egg 2":19,"Durian":5,"Bottled Lightning":29,"Burning Blood":0,"White Beast Statue":10}],"Burning Blood":42},"card_choices":[{"not_picked":["Abandon","Run Through"],"picked":"Iron Wave","floor":1},{"not_picked":["Warcry","Clothesline"],"picked":"Shockwave","floor":3},{"not_picked":["ReplayReversal","Run Through"],"picked":"Anger","floor":6},{"not_picked":["Armaments","Massacre"],"picked":"hubris:ReadiedAction","floor":8},{"not_picked":["Armaments","Defy Death"],"picked":"Hemokinesis+1","floor":10},{"not_picked":["Pommel Strike+1","Rage"],"picked":"ReplayTheSpireMod:Strike From Hell+1","floor":12},{"not_picked":["hubris:SharpeningStone","Pommel Strike+1"],"picked":"Body Slam+1","floor":13},{"not_picked":["ReplayTheSpireMod:Strike From Hell+1","Clothesline+1"],"picked":"ReplayTheSpireMod:Muscle Training","floor":14}],"player_experience":52369,"relics_obtained":[{"floor":3,"key":"Durian"},{"floor":6,"key":"White Beast Statue"},{"floor":10,"key":"Molten Egg 2"},{"floor":13,"key":"Bottled Lightning"}],"event_choices":[{"damage_healed":0,"gold_gain":0,"player_choice":"Bought 0 Potions","damage_taken":0,"max_hp_gain":0,"max_hp_loss":0,"event_name":"The Woman in Blue","floor":5,"gold_loss":0}],"is_beta":false,"boss_relics":[],"items_purged_floors":[4],"is_endless":false,"potions_floor_spawned":[1,8,10,12,13,14],"killed_by":"The Guardian","ascension_level":3}}