{"host":"0wzx847a4uibrodg","time":1611271874,"event":{"mods":["100% Spire Juice","ATMod(°¢èªMod)","Act Like it!","Aspiration","BaseMod","KomeijiMod","Lobotomy","LobotomyExtend","Minty Spire (QoL Compilation)","Replay The Spire","Spicy Shops","StSLib","The Cursed","UnlockEverythingMod","vexMod","¡¾ÒÅÎï¿¨ÅÆ¡¿REMEMod"],"gold_per_floor":[112,123,139,214,94,94,114,128,128,8,8,42,61,80,80,176,176,191,89,89,105,115,144,144,24,104,120,136,34,60,70,70,70,70],"floor_reached":33,"language":"ZHS","playtime":1211,"items_purged":[],"score":345,"play_id":"9b96b4c1-3952-417e-91e7-49cdba4c1030","local_time":"20210122073114","is_ascension_mode":false,"campfire_choices":[{"floor":6.0,"key":"REST"},{"data":"Moonworks:IndiscriminateFireSupport","floor":10.0,"key":"SMITH"},{"data":"AT_Desolate","floor":15.0,"key":"SMITH"},{"data":"Moonworks:RedAndBlue","floor":24.0,"key":"SMITH"},{"floor":32,"key":"REST"}],"circlet_count":0,"master_deck":["Moonworks:Strike","Moonworks:Strike+1","Moonworks:Strike","Moonworks:Strike","Moonworks:Defend","Moonworks:Defend","Moonworks:Defend","Moonworks:Defend","Moonworks:Ambush+1","Moonworks:LongDistanceShot","AT_Desolate+1","Moonworks:BigBangBell","Dramatic Entrance","Moonworks:RedAndBlue+1","Moonworks:IndiscriminateFireSupport+1","Moonworks:DevilHand","Dazed","Moonworks:MixPhenomenon+1","Moonworks:DeployBits","Moonworks:NicePresent","Moonworks:NicePresent","Moonworks:CrystalBarrier","Moonworks:SakisCookie","Moonworks:IndiscriminateFireSupport","Moonworks:DeployBits+1","Moonworks:CloudOfSeagulls","Moonworks:NicePresent+1","Moonworks:SweetBattle","Moonworks:WindyEnchantment+1","Moonworks:NicePresent","Moonworks:ForcedRevival","Moonworks:DeployBits+1","Moonworks:MetallicMonocoque"],"relics":["Moonworks:BrokenBomb","Moonworks:Homemark","AT_ATBox","REME_ComplimentaryCards","LetterFromLob","Akabeko","Question Card","ChewingGum","Pen Nib","Replay:Bottled Snecko","AT_ArchangelStaff"],"acts_visited":["Exordium","TheCity"],"potions_floor_usage":[30,30],"damage_taken":[{"damage":0.0,"enemies":"Small Slimes","floor":1.0,"turns":2.0},{"damage":2.0,"enemies":"Jaw Worm","floor":2.0,"turns":2.0},{"damage":6.0,"enemies":"Cultist","floor":3.0,"turns":3.0},{"damage":2.0,"enemies":"Blue Slaver","floor":7.0,"turns":2.0},{"damage":0.0,"enemies":"Looter","floor":8.0,"turns":1.0},{"damage":0.0,"enemies":"3 Sentries","floor":12.0,"turns":1.0},{"damage":4.0,"enemies":"Large Slime","floor":13.0,"turns":3.0},{"damage":0.0,"enemies":"Gremlin Gang","floor":14.0,"turns":1.0},{"damage":6.0,"enemies":"Hexaghost","floor":16.0,"turns":3.0},{"damage":6.0,"enemies":"Shell Parasite","floor":18.0,"turns":2.0},{"damage":0.0,"enemies":"Spheric Guardian","floor":19.0,"turns":1.0},{"damage":10.0,"enemies":"Shelled Parasite and Fungi","floor":21.0,"turns":2.0},{"damage":0.0,"enemies":"Snake Plant","floor":22.0,"turns":1.0},{"damage":12.0,"enemies":"Book of Stabbing","floor":23.0,"turns":2.0},{"damage":18.0,"enemies":"Cultist and Chosen","floor":27.0,"turns":3.0},{"damage":0.0,"enemies":"3 Cultists","floor":28.0,"turns":2.0},{"damage":0.0,"enemies":"Snecko","floor":29.0,"turns":2.0},{"damage":13,"enemies":"Replay:Snechameleon","floor":30,"turns":3},{"damage":3,"enemies":"Cultist and Chosen","floor":31,"turns":2},{"damage":43,"enemies":"Champ","floor":33,"turns":7}],"seed_played":"-8198836825669064170","potions_obtained":[{"floor":2.0,"key":"LiquidMemories"},{"floor":3.0,"key":"SteroidPotion"},{"floor":8.0,"key":"DuplicationPotion"},{"floor":18.0,"key":"SteroidPotion"},{"floor":23.0,"key":"Death Potion"},{"floor":28.0,"key":"Strength Potion"},{"floor":31,"key":"CalmPotion"}],"is_trial":false,"path_per_floor":["M","M","M","?","?","R","M","M","T","R","$","E","M","M","R","B",null,"M","M","?","M","M","E","R","?","T","M","M","M","E","M","R","B"],"character_chosen":"THE_STARBREAKER","items_purchased":[],"campfire_rested":2,"item_purchase_floors":[],"current_hp_per_floor":[60,58,52,41,29,47,45,45,45,45,45,45,41,41,41,35,60,54,54,54,44,44,32,32,32,32,16,16,16,3,7,25,0,0],"gold":70,"neow_bonus":"RANDOM_COLORLESS","is_daily":false,"chose_seed":false,"campfire_upgraded":3,"win_rate":0.0,"timestamp":1611271874,"path_taken":["M","M","M","?","?","R","M","M","T","R","?","E","M","M","R","BOSS","M","M","?","M","M","E","R","?","T","M","M","M","E","M","R","BOSS"],"items_purchased_type":[],"build_version":"2020-12-22","purchased_purges":0,"victory":false,"max_hp_per_floor":[60,60,60,60,60,60,60,60,60,60,60,60,60,60,60,60,60,60,60,60,60,60,60,60,60,60,60,60,60,60,60,60,60,60],"card_choices":[{"not_picked":["Replay:Parry","Enlightenment"],"picked":"Dramatic Entrance","floor":0.0},{"not_picked":["Moonworks:JonathanRush","Moonworks:DeployBits"],"picked":"Moonworks:RedAndBlue","floor":1.0},{"not_picked":["Moonworks:BigMagnum","Moonworks:Dinner"],"picked":"Moonworks:IndiscriminateFireSupport","floor":2.0},{"not_picked":["Moonworks:SakisCookie","Moonworks:UnpaidWork"],"picked":"Moonworks:DevilHand","floor":3.0},{"not_picked":["Moonworks:ImmovableObject","Moonworks:JonathanRush"],"picked":"Moonworks:DeployBits","floor":7.0},{"not_picked":["Moonworks:JonathanRush","Moonworks:SakisCookie"],"picked":"Moonworks:MixPhenomenon","floor":8.0},{"not_picked":["Moonworks:AccelHyper","Moonworks:SakisCookie"],"picked":"Moonworks:DeployBits","floor":12.0},{"not_picked":["Moonworks:LulusLuckyEgg","Moonworks:JonathanRush","Moonworks:SakisCookie"],"picked":"Moonworks:NicePresent","floor":13.0},{"not_picked":["Moonworks:Assault","Moonworks:ForcedRevival","Moonworks:EvilSpyWorkPreparation"],"picked":"Moonworks:NicePresent","floor":14.0},{"not_picked":["Moonworks:ShieldCounter","Moonworks:Accelerator","Moonworks:Blazing"],"picked":"Moonworks:CrystalBarrier","floor":16.0},{"not_picked":["Moonworks:BigMagnum+1","Moonworks:Dinner","Moonworks:MixPhenomenon+1"],"picked":"Moonworks:SakisCookie","floor":18.0},{"not_picked":["Moonworks:Poppoformation+1","Moonworks:NicePresent","Moonworks:TacticalRetreat+1"],"picked":"Moonworks:IndiscriminateFireSupport","floor":19.0},{"not_picked":["Moonworks:Assault","Moonworks:SakisCookie+1","Moonworks:CloudOfSeagulls"],"picked":"Moonworks:DeployBits+1","floor":21.0},{"not_picked":["Moonworks:DeployBits","Moonworks:SakisCookie","Moonworks:BigMagnum"],"picked":"Moonworks:CloudOfSeagulls","floor":22.0},{"not_picked":["Moonworks:BigMagnum","Moonworks:CloudOfSeagulls","Moonworks:ShieldCounter"],"picked":"Moonworks:NicePresent+1","floor":23.0},{"not_picked":["Moonworks:Poppoformation","Moonworks:NicePresent","Moonworks:SakisCookie+1"],"picked":"Moonworks:WindyEnchantment+1","floor":27.0},{"not_picked":["Moonworks:BigMagnum+1","Moonworks:IndiscriminateFireSupport+1","Moonworks:EvilSpyWorkPreparation"],"picked":"Moonworks:NicePresent","floor":28.0},{"not_picked":["Moonworks:GoAway","Moonworks:SakisCookie","Moonworks:JonathanRush"],"picked":"Moonworks:ForcedRevival","floor":29.0},{"not_picked":["Moonworks:JonathanRush","Moonworks:BigMagnum+1","Moonworks:CloudOfSeagulls"],"picked":"Moonworks:DeployBits+1","floor":30},{"not_picked":["Moonworks:IndiscriminateFireSupport","Moonworks:Assault+1","Moonworks:RagingMadness"],"picked":"Moonworks:MetallicMonocoque","floor":31}],"player_experience":76641,"relics_obtained":[{"floor":1.0,"key":"LetterFromLob"},{"floor":9.0,"key":"Akabeko"},{"floor":12.0,"key":"Question Card"},{"floor":23.0,"key":"Pen Nib"},{"floor":26.0,"key":"Replay:Bottled Snecko"},{"floor":30,"key":"AT_ArchangelStaff"}],"event_choices":[{"damage_healed":0.0,"max_hp_gain":0.0,"max_hp_loss":0.0,"gold_gain":75.0,"event_name":"World of Goop","player_choice":"Gather Gold","floor":4.0,"gold_loss":0.0,"damage_taken":11.0},{"damage_healed":0.0,"max_hp_gain":0.0,"max_hp_loss":0.0,"gold_gain":0.0,"event_name":"Shining Light","player_choice":"Entered Light","floor":5.0,"gold_loss":0.0,"damage_taken":12.0,"cards_upgraded":["Moonworks:Ambush","Moonworks:Strike"]},{"damage_healed":0.0,"max_hp_gain":0.0,"max_hp_loss":0.0,"gold_gain":0.0,"event_name":"The Library","player_choice":"Read","floor":25.0,"gold_loss":0.0,"damage_taken":0.0,"cards_obtained":["Moonworks:SweetBattle"]}],"is_beta":false,"boss_relics":[{"not_picked":["vexMod:FluxCapacitor","aspiration:RitualDagger"],"picked":"ChewingGum"}],"items_purged_floors":[],"is_endless":false,"potions_floor_spawned":[2,3,8,12,18,23,28,31],"killed_by":"Champ","ascension_level":0}}