{"host":"bf9sa99gaumonoeu","time":1611264630,"event":{"mods":["AchievementEnabler","Act Like it!","Aspiration","BaseMod","Bestiary","Better Note","Block Reminder","Colored Map","Colored Powertips","Fox Events","Friendly Minions","Gensokyo","GifTheSpireLib","Googly Eyes","Hallownest","Hermit","Highlight Path","Jorbs\u0027s Wanderer Trilogy","KinomotoSakuraMod(????)","Koishi","Marisa????????","Minty Spire (QoL Compilation)","Rare Cards Sparkle","Relic Stats","Spire Arcade","StS++","StSLib","The Administrix","The Animator","The Bug Knight","The Construct","The Cursed","The Hierophant","The Mystic","The Necromancer","The Poker Player","The Runesmith","The Senshi","The Servant 0.9.4","ojb\u0027s Info Mod"],"gold_per_floor":[117,134,152,46,46,80,91,91,91,104,132,132,159,178,178,252,252,271,271,244,294,307,307,17,31,31,43,43,61,61,61],"floor_reached":30,"language":"ENG","playtime":2578,"items_purged":["Strike_G"],"score":488,"play_id":"4059cc36-7f0c-4abb-ac42-e999d97597bb","local_time":"20210121193030","is_ascension_mode":true,"campfire_choices":[{"floor":8.0,"key":"REST"},{"floor":15.0,"key":"REST"},{"floor":23.0,"key":"REST"},{"floor":28,"key":"REST"}],"circlet_count":0,"master_deck":["AscendersBane","Strike_G","Strike_G","Defend_G","Defend_G","Defend_G","Survivor","Neutralize","Setup","Heel Hook","StSpp:Lure","Endless Agony","Leg Sweep","Poisoned Stab","Terror","Grand Finale","Slice","Sucker Punch","Infinite Blades","PiercingWail","StSpp:PoisonousPunch","Venomology","Footwork","Predator","Quick Slash+1","StSpp:SwitchWeapon","Mayhem","Backflip+1","Blade Dance"],"relics":["Ring of the Snake","aspiration:Nostalgia","PokerPlayerMod:DeckCase","Sundial","Bronze Scales","aspiration:Lifesprig","Black Star","Membership Card","Shuriken"],"acts_visited":["Exordium","TheCity"],"potions_floor_usage":[29,30],"damage_taken":[{"damage":0.0,"enemies":"Jaw Worm","floor":1.0,"turns":4.0},{"damage":3.0,"enemies":"2 Louse","floor":2.0,"turns":3.0},{"damage":0.0,"enemies":"Small Slimes","floor":3.0,"turns":4.0},{"damage":25.0,"enemies":"3 Sentries","floor":6.0,"turns":10.0},{"damage":1.0,"enemies":"Looter","floor":7.0,"turns":4.0},{"damage":10.0,"enemies":"Exordium Wildlife","floor":10.0,"turns":4.0},{"damage":4.0,"enemies":"Lagavulin","floor":11.0,"turns":4.0},{"damage":4.0,"enemies":"Exordium Thugs","floor":14.0,"turns":5.0},{"damage":2.0,"enemies":"Slime Boss","floor":16.0,"turns":9.0},{"damage":35.0,"enemies":"Spheric Guardian","floor":18.0,"turns":5.0},{"damage":9.0,"enemies":"2 Thieves","floor":20.0,"turns":4.0},{"damage":2.0,"enemies":"Snake Plant","floor":22.0,"turns":4.0},{"damage":21,"enemies":"Centurion and Healer","floor":25,"turns":8},{"damage":22,"enemies":"3 Cultists","floor":27,"turns":5},{"damage":17,"enemies":"Snake Plant","floor":29,"turns":4},{"damage":10,"enemies":"Book of Stabbing","floor":30,"turns":1}],"seed_played":"-7973608867852824754","potions_obtained":[{"floor":2.0,"key":"Fire Potion"},{"floor":10.0,"key":"LiquidMemories"},{"floor":14.0,"key":"CunningPotion"},{"floor":18.0,"key":"Dexterity Potion"},{"floor":20.0,"key":"GamblersBrew"}],"is_trial":false,"path_per_floor":["M","M","M","$","?","E","M","R","T","M","E","?","T","M","R","B",null,"M","?","M","?","M","R","$","M","T","M","R","M","E"],"character_chosen":"THE_SILENT","items_purchased":["Poisoned Stab","Terror","Membership Card","Mayhem"],"campfire_rested":4,"item_purchase_floors":[4,4,24,24],"current_hp_per_floor":[59,56,56,56,56,31,30,49,49,39,35,28,28,24,42,40,57,22,22,13,13,11,29,29,8,8,6,24,7,0,0],"gold":61,"neow_bonus":"TRANSFORM_TWO_CARDS","is_daily":false,"chose_seed":false,"campfire_upgraded":0,"win_rate":0.0,"timestamp":1611264630,"path_taken":["M","M","M","$","?","E","M","R","T","M","E","?","?","M","R","BOSS","M","?","M","?","M","R","$","M","T","M","R","?","E"],"items_purchased_type":["Card","Card","Relic","Card"],"build_version":"2020-12-22","purchased_purges":1,"victory":false,"max_hp_per_floor":[66,66,66,66,66,66,66,66,66,66,66,63,63,63,63,63,63,63,63,63,63,63,63,63,63,63,63,63,63,63,63],"relic_stats":{"counters":[16,78],"Sundial":[6],"Shuriken":[4],"Bronze Scales":[103],"Black Star":0,"obtain_stats":[{"PokerPlayerMod:DeckCase":6,"aspiration:Lifesprig":13,"Nunchaku":25,"aspiration:Nostalgia":6,"Sundial":9,"Shuriken":26,"Bronze Scales":11,"Black Star":17,"Membership Card":24,"Ring of the Snake":0},{"PokerPlayerMod:DeckCase":4,"aspiration:Lifesprig":7,"Nunchaku":13,"aspiration:Nostalgia":4,"Sundial":5,"Shuriken":13,"Bronze Scales":7,"Black Star":9,"Membership Card":12,"Ring of the Snake":0},{"PokerPlayerMod:DeckCase":21,"aspiration:Lifesprig":33,"Nunchaku":65,"aspiration:Nostalgia":21,"Sundial":25,"Shuriken":68,"Bronze Scales":33,"Black Star":47,"Membership Card":60,"Ring of the Snake":0}],"Ring of the Snake":[32]},"card_choices":[{"not_picked":["StSpp:Throw","Bane"],"picked":"StSpp:Lure","floor":1.0},{"not_picked":["Backflip","Prepared"],"picked":"Endless Agony","floor":2.0},{"not_picked":["Acrobatics","Poisoned Stab"],"picked":"Leg Sweep","floor":3.0},{"not_picked":["Blur","Poisoned Stab"],"picked":"Slice","floor":6.0},{"not_picked":["Flying Knee","Reflex"],"picked":"Sucker Punch","floor":7.0},{"not_picked":["Outmaneuver","Quick Slash"],"picked":"Infinite Blades","floor":10.0},{"not_picked":["Poisoned Stab","Underhanded Strike"],"picked":"PiercingWail","floor":11.0},{"not_picked":["Setup","Bane"],"picked":"StSpp:PoisonousPunch","floor":14.0},{"not_picked":["Unload","Storm of Steel"],"picked":"Venomology","floor":16.0},{"not_picked":["Outmaneuver","Poisoned Stab"],"picked":"Footwork","floor":18.0},{"not_picked":["Blade Dance","Poisoned Stab+1"],"picked":"Quick Slash+1","floor":20.0},{"not_picked":["Deadly Poison","StSpp:PoisonousPunch"],"picked":"StSpp:SwitchWeapon","floor":22.0},{"not_picked":["Underhanded Strike","Outmaneuver"],"picked":"Backflip+1","floor":25},{"not_picked":["StSpp:PoisonousPunch","Blur"],"picked":"Blade Dance","floor":27},{"not_picked":["Phantasmal Killer","Terror","Poisoned Stab"],"picked":"SKIP","floor":29}],"player_experience":1076040,"relics_obtained":[{"floor":6.0,"key":"aspiration:Nostalgia"},{"floor":9.0,"key":"Sundial"},{"floor":11.0,"key":"Bronze Scales"},{"floor":13.0,"key":"aspiration:Lifesprig"},{"floor":26,"key":"Shuriken"}],"event_choices":[{"damage_healed":0.0,"max_hp_gain":0.0,"max_hp_loss":0.0,"gold_gain":0.0,"cards_transformed":["Defend_G"],"event_name":"Living Wall","player_choice":"Change","floor":5.0,"gold_loss":0.0,"damage_taken":0.0,"cards_obtained":["Grand Finale"]},{"cards_removed":["Parasite"],"damage_healed":0.0,"max_hp_gain":0.0,"max_hp_loss":0.0,"gold_gain":0.0,"event_name":"Golden Wing","player_choice":"Card Removal","floor":12.0,"gold_loss":0.0,"damage_taken":7.0},{"damage_healed":0.0,"max_hp_gain":0.0,"max_hp_loss":0.0,"gold_gain":0.0,"cards_transformed":["Strike_G"],"event_name":"Transmorgrifier","player_choice":"Transformed","floor":19.0,"gold_loss":0.0,"damage_taken":0.0,"cards_obtained":["Predator"]},{"damage_healed":0.0,"max_hp_gain":0.0,"max_hp_loss":0.0,"gold_gain":50.0,"event_name":"Golden Shrine","player_choice":"Pray","floor":21.0,"gold_loss":0.0,"damage_taken":0.0}],"is_beta":false,"boss_relics":[{"not_picked":["aspiration:FutureDiary","Sozu"],"picked":"Black Star"}],"items_purged_floors":[24],"is_endless":false,"potions_floor_spawned":[2,10,14,18,20,29],"killed_by":"Book of Stabbing","ascension_level":20}}