{"host":"nnxvcju6x1qybncj","time":1611243704,"event":{"mods":["BaseMod","Block Reminder","Curses Come First","Custom Start","Dark Map","Displayed Cursed Tome","Downfall","Evolution","Jorbs\u0027s Wanderer Trilogy","Minty Spire (QoL Compilation)","Quick Restart","Relic Stats","StSLib"],"gold_per_floor":[114,114,1,20,36,67,67,102,102,130,142,19,43,54,54,131,131,145,244,227,227,152,172,24,38,38,64,64,64,91,103,103,179,179,195,210,210,222,2,2,13,13,13,13,13,30,56,68,68,68],"floor_reached":51,"language":"ENG","playtime":3263,"items_purged":[],"score":1175,"play_id":"4d0662ab-080d-40b1-bf6d-ead015e2c951","local_time":"20210121164144","is_ascension_mode":true,"campfire_choices":[{"floor":7.0,"key":"REST"},{"floor":15.0,"key":"REST"},{"floor":28.0,"key":"REST"},{"floor":32.0,"key":"REST"},{"data":"Wraith Form v2","floor":40,"key":"SMITH"},{"floor":42,"key":"REST"},{"data":"Apotheosis","floor":45,"key":"SMITH"},{"floor":49,"key":"REST"}],"circlet_count":0,"master_deck":["AscendersBane","Bane","Dagger Spray","Dagger Spray","Bane","Backflip","Survivor","Neutralize","Night Terror","Backflip","Crippling Poison","Riddle With Holes","Dodge and Roll","Catalyst","Dodge and Roll","After Image","Deflect","Well Laid Plans","Noxious Fumes","Wraith Form v2+1","Dash","Dash","Leg Sweep+1","Noxious Fumes","A Thousand Cuts","Blur","Burst","Catalyst","Malaise+1","Noxious Fumes","Adrenaline","Cloak And Dagger","Footwork+1","Cloak And Dagger+1","Footwork","Catalyst","Apotheosis+1"],"relics":["Ring of the Snake","EVO:Axolotl","Happy Flower","Paper Crane","Strawberry","Blood Vial","Odd Mushroom","Sozu","OrangePellets","Question Card","Kunai","Bag of Preparation","Pandora\u0027s Box","War Paint","Singing Bowl","Pen Nib"],"acts_visited":["Exordium","TheCity","TheBeyond"],"potions_floor_usage":[],"damage_taken":[{"damage":2.0,"enemies":"Jaw Worm","floor":1.0,"turns":6.0},{"damage":1.0,"enemies":"2 Louse","floor":4.0,"turns":2.0},{"damage":8.0,"enemies":"Small Slimes","floor":5.0,"turns":3.0},{"damage":29.0,"enemies":"Lagavulin","floor":6.0,"turns":8.0},{"damage":13.0,"enemies":"Gremlin Nob","floor":8.0,"turns":4.0},{"damage":18.0,"enemies":"3 Sentries","floor":10.0,"turns":6.0},{"damage":0.0,"enemies":"2 Fungi Beasts","floor":11.0,"turns":3.0},{"damage":19.0,"enemies":"The Mushroom Lair","floor":13.0,"turns":6.0},{"damage":0.0,"enemies":"Exordium Wildlife","floor":14.0,"turns":2.0},{"damage":7.0,"enemies":"Hexaghost","floor":16.0,"turns":6.0},{"damage":2.0,"enemies":"Shell Parasite","floor":18.0,"turns":8.0},{"damage":2.0,"enemies":"2 Thieves","floor":20.0,"turns":4.0},{"damage":1.0,"enemies":"Cultist and Chosen","floor":23.0,"turns":6.0},{"damage":22.0,"enemies":"Shelled Parasite and Fungi","floor":25.0,"turns":7.0},{"damage":11.0,"enemies":"Book of Stabbing","floor":27.0,"turns":8.0},{"damage":22.0,"enemies":"Gremlin Leader","floor":30.0,"turns":9.0},{"damage":2.0,"enemies":"Centurion and Healer","floor":31.0,"turns":7.0},{"damage":12.0,"enemies":"Champ","floor":33.0,"turns":18.0},{"damage":7,"enemies":"Orb Walker","floor":35,"turns":7},{"damage":22,"enemies":"3 Darklings","floor":36,"turns":5},{"damage":10,"enemies":"Jaw Worm Horde","floor":38,"turns":5},{"damage":21,"enemies":"Writhing Mass","floor":41,"turns":7},{"damage":0,"enemies":"Sphere and 2 Shapes","floor":46,"turns":6},{"damage":1,"enemies":"Spire Growth","floor":48,"turns":6},{"damage":34,"enemies":"Awakened One","floor":50,"turns":13}],"seed_played":"-9131733419801672916","potions_obtained":[{"floor":4.0,"key":"GamblersBrew"},{"floor":5.0,"key":"bronze:BurnAndBuffPotion"},{"floor":8.0,"key":"BlessingOfTheForge"},{"floor":10.0,"key":"EntropicBrew"}],"is_trial":false,"path_per_floor":["M","?","$","M","M","E","R","E","T","E","M","$","?","M","R","B",null,"M","?","M","?","?","M","$","M","T","E","R","?","E","M","R","B",null,"M","M","?","M","$","R","M","R","T","?","R","M","T","M","R","B",null],"character_chosen":"THE_SILENT","items_purchased":["Crippling Poison","Riddle With Holes","After Image","Deflect","OrangePellets","Footwork","War Paint"],"campfire_rested":6,"item_purchase_floors":[3,3,12,12,24,39,39],"current_hp_per_floor":[61,61,61,60,52,23,44,31,38,20,22,22,5,7,30,25,64,64,64,64,64,64,65,65,45,45,36,59,59,39,39,62,52,71,66,46,46,38,38,38,19,42,42,42,42,46,46,49,73,41],"gold":68,"neow_bonus":"ONE_RANDOM_RARE_CARD","is_daily":false,"chose_seed":false,"campfire_upgraded":2,"win_rate":0.0,"timestamp":1611243704,"path_taken":["M","?","$","M","M","E","R","E","T","E","M","$","?","M","R","BOSS","M","?","M","?","?","M","$","M","T","E","R","?","E","M","R","BOSS","M","M","?","M","$","R","?","R","T","?","R","M","?","M","R","BOSS"],"items_purchased_type":["Card","Card","Card","Card","Relic","Card","Relic"],"build_version":"2020-12-22","purchased_purges":0,"victory":true,"max_hp_per_floor":[70,70,70,70,70,70,70,70,77,77,77,77,77,77,77,77,77,77,77,77,77,77,77,77,77,77,77,77,77,77,77,77,77,77,77,77,77,77,77,77,77,77,77,77,77,79,79,81,81,81],"relic_stats":{"Happy Flower":[47],"Singing Bowl":4,"counters":[25,162],"Pen Nib":[2],"Bag of Preparation":[18],"War Paint":["Cloak And Dagger","Malaise"],"Question Card":11,"Blood Vial":38,"Sozu":6,"OrangePellets":[18],"Pandora\u0027s Box":["Catalyst","Malaise","Noxious Fumes","Adrenaline"],"Kunai":[12],"obtain_stats":[{"Happy Flower":6,"Singing Bowl":43,"Pen Nib":47,"Bag of Preparation":30,"EVO:Axolotl":0,"Paper Crane":8,"Odd Mushroom":13,"War Paint":39,"Question Card":26,"Blood Vial":10,"Sozu":17,"OrangePellets":24,"Strawberry":9,"Pandora\u0027s Box":34,"Kunai":27,"Ring of the Snake":0},{"Happy Flower":4,"Singing Bowl":22,"Pen Nib":23,"Bag of Preparation":16,"EVO:Axolotl":0,"Paper Crane":5,"Odd Mushroom":8,"War Paint":21,"Question Card":14,"Blood Vial":6,"Sozu":10,"OrangePellets":13,"Strawberry":5,"Pandora\u0027s Box":18,"Kunai":15,"Ring of the Snake":0},{"Happy Flower":19,"Singing Bowl":137,"Pen Nib":143,"Bag of Preparation":88,"EVO:Axolotl":0,"Paper Crane":23,"Odd Mushroom":38,"War Paint":130,"Question Card":71,"Blood Vial":29,"Sozu":46,"OrangePellets":64,"Strawberry":23,"Pandora\u0027s Box":113,"Kunai":79,"Ring of the Snake":0}],"Ring of the Snake":[50]},"card_choices":[{"not_picked":["Dagger Throw","Sucker Punch"],"picked":"Backflip","floor":1.0},{"not_picked":["Flying Knee","Choke"],"picked":"Dodge and Roll","floor":4.0},{"not_picked":["Eviscerate","Underhanded Strike","Outmaneuver"],"picked":"SKIP","floor":5.0},{"not_picked":["Dagger Throw","Masterful Stab","Flying Knee"],"picked":"SKIP","floor":6.0},{"not_picked":["Underhanded Strike","Expertise","Sucker Punch"],"picked":"SKIP","floor":8.0},{"not_picked":["Bouncing Flask","Caltrops"],"picked":"Catalyst","floor":10.0},{"not_picked":["Blade Dance","Finisher"],"picked":"Dodge and Roll","floor":11.0},{"not_picked":["Deflect","Accuracy"],"picked":"Well Laid Plans","floor":13.0},{"not_picked":["All Out Attack","Die Die Die"],"picked":"Noxious Fumes","floor":14.0},{"not_picked":["Night Terror","Die Die Die"],"picked":"Wraith Form v2","floor":16.0},{"not_picked":["Dodge and Roll","Outmaneuver"],"picked":"Dash","floor":18.0},{"not_picked":["Bane","Cloak And Dagger","Eviscerate"],"picked":"SKIP","floor":20.0},{"not_picked":["Underhanded Strike","Blade Dance","Predator"],"picked":"SKIP","floor":23.0},{"not_picked":["Poisoned Stab","Sucker Punch"],"picked":"Dash","floor":25.0},{"not_picked":["PiercingWail","Well Laid Plans","Setup+1"],"picked":"Leg Sweep+1","floor":27.0},{"not_picked":["Predator","Dagger Throw","Concentrate"],"picked":"A Thousand Cuts","floor":30.0},{"not_picked":["Dash","Outmaneuver","Acrobatics"],"picked":"Blur","floor":31.0},{"not_picked":["Bullet Time","Phantasmal Killer","Tools of the Trade"],"picked":"Burst","floor":33.0},{"not_picked":["Poisoned Stab","Blade Dance+1","Flying Knee"],"picked":"Cloak And Dagger","floor":35},{"not_picked":["Backflip","Bouncing Flask","Prepared"],"picked":"Footwork+1","floor":36},{"not_picked":["All Out Attack","Dagger Spray","Flechettes+1"],"picked":"Cloak And Dagger","floor":38},{"not_picked":["Tactician","Dagger Spray","Poisoned Stab"],"picked":"Catalyst","floor":41},{"not_picked":["Sadistic Nature","Metamorphosis","Secret Weapon"],"picked":"Apotheosis","floor":44},{"not_picked":["Slice+1","Infinite Blades","Bane","Deflect"],"picked":"Singing Bowl","floor":46},{"not_picked":["Slice","Dodge and Roll","Backstab+1","Poisoned Stab"],"picked":"Singing Bowl","floor":48}],"player_experience":699524,"relics_obtained":[{"floor":6.0,"key":"Happy Flower"},{"floor":8.0,"key":"Paper Crane"},{"floor":9.0,"key":"Strawberry"},{"floor":10.0,"key":"Blood Vial"},{"floor":13.0,"key":"Odd Mushroom"},{"floor":26.0,"key":"Question Card"},{"floor":27.0,"key":"Kunai"},{"floor":30.0,"key":"Bag of Preparation"},{"floor":43,"key":"Singing Bowl"},{"floor":47,"key":"Pen Nib"}],"event_choices":[{"damage_healed":0.0,"max_hp_gain":0.0,"max_hp_loss":0.0,"gold_gain":0.0,"event_name":"The Cleric","player_choice":"Leave","floor":2.0,"gold_loss":0.0,"damage_taken":0.0},{"damage_healed":0.0,"max_hp_gain":0.0,"max_hp_loss":0.0,"gold_gain":0.0,"event_name":"Mushrooms","player_choice":"Fought Mushrooms","floor":13.0,"gold_loss":0.0,"damage_taken":0.0},{"damage_healed":0.0,"max_hp_gain":0.0,"max_hp_loss":0.0,"gold_gain":99.0,"event_name":"Nest","player_choice":"Stole From Cult","floor":19.0,"gold_loss":0.0,"damage_taken":0.0},{"damage_healed":0.0,"max_hp_gain":0.0,"max_hp_loss":0.0,"gold_gain":0.0,"event_name":"Ghosts","player_choice":"Ignored","floor":21.0,"gold_loss":0.0,"damage_taken":0.0},{"cards_removed":["Bane"],"damage_healed":0.0,"max_hp_gain":0.0,"max_hp_loss":0.0,"gold_gain":0.0,"event_name":"Beggar","player_choice":"Gave Gold","floor":22.0,"gold_loss":75.0,"damage_taken":0.0},{"damage_healed":0.0,"max_hp_gain":0.0,"max_hp_loss":0.0,"gold_gain":0.0,"event_name":"The Library","player_choice":"Read","floor":29.0,"gold_loss":0.0,"damage_taken":0.0,"cards_obtained":["Noxious Fumes"]},{"damage_healed":0,"gold_gain":0,"player_choice":"Ignored","damage_taken":0,"max_hp_gain":0,"max_hp_loss":0,"event_name":"SecretPortal","floor":37,"gold_loss":0},{"damage_healed":0,"gold_gain":0,"player_choice":"Memory 1","damage_taken":0,"max_hp_gain":0,"max_hp_loss":0,"event_name":"SensoryStone","floor":44,"gold_loss":0}],"is_beta":false,"boss_relics":[{"not_picked":["Busted Crown","Coffee Dripper"],"picked":"Sozu"},{"not_picked":["HoveringKite","Runic Dome"],"picked":"Pandora\u0027s Box"}],"items_purged_floors":[],"is_endless":false,"potions_floor_spawned":[4,5,8,10,18,20,27,35,41,48],"ascension_level":13}}