{"host":"ypphcgdomtfqpc2w","time":1611240637,"event":{"mods":["BaseMod","DeckTracker","Minty Spire (QoL Compilation)","Relic Stats","StSLib"],"gold_per_floor":[99,99,21,21,21,21,21,21,21,0,0,0,0,0,0,0,0,0,0,0,0,0,0,0,0,0,0,0,0,0,0,0,0,0,0,0,0,0,0,0,0,0,0,0,0,0,0,0,0,0,0,0,0,0,0,0],"floor_reached":57,"language":"ENG","playtime":4050,"items_purged":[],"score":2804,"play_id":"b2902f97-2cae-44f9-9f35-2516e9bc1cb7","local_time":"20210121235037","is_ascension_mode":true,"campfire_choices":[{"data":"Uppercut","floor":7.0,"key":"SMITH"},{"data":"Perfected Strike","floor":15,"key":"SMITH"},{"floor":25,"key":"REST"},{"data":"Demon Form","floor":27,"key":"SMITH"},{"data":"Dual Wield","floor":29,"key":"SMITH"},{"floor":32,"key":"RECALL"},{"data":"Pummel","floor":41,"key":"SMITH"},{"data":"Power Through","floor":44,"key":"SMITH"},{"data":"Fiend Fire","floor":46,"key":"SMITH"},{"data":"Feel No Pain","floor":49,"key":"SMITH"},{"data":"Twin Strike","floor":53,"key":"SMITH"}],"circlet_count":0,"master_deck":["AscendersBane","Strike_R+1","Strike_R+1","Strike_R+1","Strike_R+1","Strike_R+1","Defend_R+1","Defend_R+1","Defend_R+1","Defend_R+1","Perfected Strike+1","Power Through+1","Evolve","Uppercut+1","Headbutt","Battle Trance+1","Dual Wield+1","Feel No Pain+1","Perfected Strike","Demon Form+1","Pummel+1","Shrug It Off+1","Anger","Twin Strike+1","Reaper","Fiend Fire+1","Havoc+1","True Grit"],"relics":["Ectoplasm","Red Skull","Blood Vial","Incense Burner","Runic Pyramid","Regal Pillow","Bottled Lightning","Toy Ornithopter","Busted Crown","Happy Flower","Bag of Marbles","War Paint","Akabeko","Oddly Smooth Stone"],"acts_visited":["Exordium","TheCity","TheBeyond","TheEnding"],"potions_floor_usage":[13,18,23,56],"damage_taken":[{"damage":1.0,"enemies":"2 Louse","floor":1.0,"turns":4.0},{"damage":12.0,"enemies":"Jaw Worm","floor":4.0,"turns":3.0},{"damage":0.0,"enemies":"Cultist","floor":5.0,"turns":3.0},{"damage":0.0,"enemies":"Lagavulin","floor":6.0,"turns":7.0},{"damage":6.0,"enemies":"Gremlin Nob","floor":8.0,"turns":3.0},{"damage":2,"enemies":"Exordium Thugs","floor":10,"turns":4},{"damage":6,"enemies":"2 Fungi Beasts","floor":11,"turns":3},{"damage":10,"enemies":"Lagavulin","floor":13,"turns":6},{"damage":6,"enemies":"Lots of Slimes","floor":14,"turns":3},{"damage":6,"enemies":"The Guardian","floor":16,"turns":8},{"damage":13,"enemies":"Spheric Guardian","floor":18,"turns":5},{"damage":14,"enemies":"3 Byrds","floor":21,"turns":5},{"damage":2,"enemies":"Sentry and Sphere","floor":22,"turns":7},{"damage":31,"enemies":"Book of Stabbing","floor":23,"turns":6},{"damage":19,"enemies":"Gremlin Leader","floor":30,"turns":7},{"damage":2,"enemies":"Centurion and Healer","floor":31,"turns":8},{"damage":37,"enemies":"Automaton","floor":33,"turns":8},{"damage":25,"enemies":"3 Darklings","floor":35,"turns":6},{"damage":10,"enemies":"Orb Walker","floor":36,"turns":3},{"damage":26,"enemies":"3 Darklings","floor":37,"turns":7},{"damage":27,"enemies":"Spire Growth","floor":39,"turns":6},{"damage":2,"enemies":"Nemesis","floor":40,"turns":7},{"damage":0,"enemies":"Giant Head","floor":42,"turns":5},{"damage":1,"enemies":"Sphere and 2 Shapes","floor":45,"turns":4},{"damage":14,"enemies":"3 Darklings","floor":47,"turns":4},{"damage":19,"enemies":"Reptomancer","floor":48,"turns":8},{"damage":52,"enemies":"Time Eater","floor":50,"turns":8},{"damage":24,"enemies":"Donu and Deca","floor":51,"turns":9},{"damage":14,"enemies":"Shield and Spear","floor":55,"turns":6},{"damage":80,"enemies":"The Heart","floor":56,"turns":7}],"seed_played":"1015535978794020617","potions_obtained":[{"floor":1.0,"key":"SpeedPotion"},{"floor":6.0,"key":"SpeedPotion"},{"floor":8.0,"key":"AttackPotion"},{"floor":14,"key":"FairyPotion"},{"floor":21,"key":"SneckoOil"},{"floor":23,"key":"DuplicationPotion"}],"is_trial":false,"path_per_floor":["M","?","$","M","M","E","R","E","T","M","M","$","E","M","R","B",null,"M","?","?","M","M","E","?","R","T","R","$","R","E","M","R","B",null,"M","M","M","$","M","E","R","E","T","R","M","R","M","E","R","B","B",null,"R","$","E","B",null],"character_chosen":"IRONCLAD","items_purchased":["Power Through"],"campfire_rested":1,"item_purchase_floors":[3],"current_hp_per_floor":[67,67,67,55,55,55,55,49,49,49,45,45,37,33,33,29,64,53,53,53,41,41,12,12,49,49,49,49,49,32,72,72,74,75,75,75,75,75,75,75,75,75,75,75,75,75,75,75,75,75,75,75,75,75,68,22],"gold":0,"neow_bonus":"BOSS_RELIC","is_daily":false,"chose_seed":false,"campfire_upgraded":9,"win_rate":0.0,"timestamp":1611240637,"path_taken":["M","?","$","M","M","E","R","E","T","M","M","?","E","?","R","BOSS","M","?","?","M","?","E","?","R","T","R","?","R","E","M","R","BOSS","M","M","M","$","M","E","R","E","T","R","M","R","M","E","R","BOSS","BOSS","R","$","E","BOSS"],"items_purchased_type":["Card"],"build_version":"2020-12-22","purchased_purges":0,"victory":true,"max_hp_per_floor":[75,75,75,75,75,75,75,75,75,75,75,75,75,75,75,75,75,75,75,75,75,75,75,75,75,75,75,75,75,75,75,75,75,75,75,75,75,75,75,75,75,75,75,75,75,75,75,75,75,75,75,75,75,75,75,75],"relic_stats":{"Blood Vial":26,"Regal Pillow":15,"Busted Crown":20,"Happy Flower":[17],"counters":[30,170],"Ectoplasm":906,"War Paint":["Shrug It Off","Battle Trance"],"obtain_stats":[{"Regal Pillow":23,"Happy Flower":40,"Oddly Smooth Stone":55,"Incense Burner":13,"War Paint":43,"Burning Blood":0,"Akabeko":48,"Blood Vial":8,"Busted Crown":34,"Ectoplasm":0,"Bag of Marbles":42,"Bottled Lightning":26,"Red Skull":6,"Toy Ornithopter":30,"Runic Pyramid":17},{"Regal Pillow":14,"Happy Flower":22,"Oddly Smooth Stone":29,"Incense Burner":8,"War Paint":23,"Burning Blood":0,"Akabeko":26,"Blood Vial":5,"Busted Crown":17,"Ectoplasm":0,"Bag of Marbles":23,"Bottled Lightning":14,"Red Skull":4,"Toy Ornithopter":15,"Runic Pyramid":10},{"Regal Pillow":67,"Happy Flower":119,"Oddly Smooth Stone":163,"Incense Burner":33,"War Paint":124,"Burning Blood":0,"Akabeko":140,"Blood Vial":20,"Busted Crown":90,"Ectoplasm":0,"Bag of Marbles":124,"Bottled Lightning":67,"Red Skull":17,"Toy Ornithopter":74,"Runic Pyramid":44}],"Toy Ornithopter":5},"card_choices":[{"not_picked":["Blood for Blood","Flame Barrier"],"picked":"Perfected Strike","floor":1.0},{"not_picked":["Spot Weakness","Havoc"],"picked":"Evolve","floor":4.0},{"not_picked":["Warcry","Heavy Blade"],"picked":"Uppercut","floor":5.0},{"not_picked":["Iron Wave","Dual Wield"],"picked":"Headbutt","floor":6.0},{"not_picked":["Anger","Warcry"],"picked":"Battle Trance","floor":8.0},{"not_picked":["Pummel","Entrench","Thunderclap"],"picked":"SKIP","floor":10},{"not_picked":["Warcry","Havoc"],"picked":"Dual Wield","floor":11},{"not_picked":["Metallicize","Heavy Blade"],"picked":"Feel No Pain","floor":13},{"not_picked":["Body Slam","Rupture"],"picked":"Perfected Strike","floor":14},{"not_picked":["Bludgeon","Offering"],"picked":"Demon Form","floor":16},{"not_picked":["Flex","Pummel","Pommel Strike"],"picked":"SKIP","floor":18},{"not_picked":["Flex","Pommel Strike"],"picked":"Pummel","floor":18},{"not_picked":["Iron Wave","Havoc"],"picked":"Shrug It Off","floor":21},{"not_picked":["Blood for Blood","Cleave"],"picked":"Anger","floor":22},{"not_picked":["Body Slam","Searing Blow"],"picked":"Twin Strike","floor":23},{"not_picked":["Intimidate","Clash"],"picked":"Reaper","floor":30},{"not_picked":["Flex","Spot Weakness+1","Cleave"],"picked":"SKIP","floor":31},{"not_picked":["Bludgeon","Reaper"],"picked":"Fiend Fire","floor":33},{"not_picked":["Clothesline"],"picked":"SKIP","floor":35},{"not_picked":[],"picked":"Havoc+1","floor":36},{"not_picked":["Combust"],"picked":"SKIP","floor":37},{"not_picked":["Flex"],"picked":"SKIP","floor":39},{"not_picked":["Warcry"],"picked":"SKIP","floor":40},{"not_picked":["Perfected Strike"],"picked":"SKIP","floor":42},{"not_picked":["Wild Strike"],"picked":"SKIP","floor":45},{"not_picked":["Pommel Strike"],"picked":"SKIP","floor":47},{"not_picked":["Flex"],"picked":"SKIP","floor":48},{"not_picked":[],"picked":"True Grit","floor":55}],"player_experience":2089476,"relics_obtained":[{"floor":6.0,"key":"Red Skull"},{"floor":8.0,"key":"Blood Vial"},{"floor":13,"key":"Incense Burner"},{"floor":23,"key":"Regal Pillow"},{"floor":26,"key":"Bottled Lightning"},{"floor":30,"key":"Toy Ornithopter"},{"floor":40,"key":"Happy Flower"},{"floor":42,"key":"Bag of Marbles"},{"floor":43,"key":"War Paint"},{"floor":48,"key":"Akabeko"},{"floor":55,"key":"Oddly Smooth Stone"}],"event_choices":[{"damage_healed":0.0,"max_hp_gain":0.0,"max_hp_loss":0.0,"gold_gain":0.0,"event_name":"Liars Game","player_choice":"Ignored","floor":2.0,"gold_loss":0.0,"damage_taken":0.0},{"damage_healed":0,"gold_gain":0,"player_choice":"Simplicity","damage_taken":0,"max_hp_gain":0,"max_hp_loss":0,"event_name":"Back to Basics","floor":19,"gold_loss":0,"cards_upgraded":["Strike_R","Strike_R","Strike_R","Strike_R","Strike_R","Defend_R","Defend_R","Defend_R","Defend_R"]},{"damage_healed":0,"gold_gain":200,"player_choice":"Gold","damage_taken":0,"max_hp_gain":0,"max_hp_loss":0,"event_name":"Wheel of Change","floor":20,"gold_loss":0},{"cards_removed":["Bash"],"damage_healed":0,"gold_gain":0,"player_choice":"Purged","damage_taken":0,"max_hp_gain":0,"max_hp_loss":0,"event_name":"Purifier","floor":24,"gold_loss":0}],"is_beta":false,"boss_relics":[{"not_picked":["Tiny House","Runic Dome"],"picked":"Runic Pyramid"},{"not_picked":["Fusion Hammer","Snecko Eye"],"picked":"Busted Crown"}],"items_purged_floors":[],"is_endless":false,"potions_floor_spawned":[1,6,8,10,14,21,23,31,35,36,45,48],"ascension_level":20}}