{"host":"xnrw1j8ho83czkv7","time":1611189332,"event":{"mods":["AchievementEnabler","BaseMod","Colored Map","Colored Powertips","Minty Spire (QoL Compilation)","Quick Restart","StSLib"],"gold_per_floor":[117,117,117,144,158,158,170,170,170,170,170,170],"floor_reached":11,"language":"ENG","playtime":397,"items_purged":[],"score":70,"play_id":"1fa08c5a-4587-458c-92f0-4726cecebb8f","local_time":"20210121003532","is_ascension_mode":true,"campfire_choices":[{"data":"Entrench","floor":6,"key":"SMITH"},{"data":"Searing Blow","floor":10,"key":"SMITH"}],"circlet_count":0,"master_deck":["Strike_R","Strike_R","Strike_R","Strike_R","Defend_R","Defend_R","Defend_R","Defend_R","Bash","Rupture","Entrench+1","Evolve","Searing Blow+1"],"relics":["Burning Blood","Golden Idol","Mercury Hourglass"],"acts_visited":["Exordium"],"potions_floor_usage":[5,11],"damage_taken":[{"damage":24,"enemies":"Jaw Worm","floor":1,"turns":4},{"damage":0,"enemies":"2 Louse","floor":5,"turns":1},{"damage":10,"enemies":"Small Slimes","floor":7,"turns":4},{"damage":50,"enemies":"Lagavulin","floor":11,"turns":6}],"seed_played":"991790596610327705","potions_obtained":[{"floor":1,"key":"Explosive Potion"},{"floor":5,"key":"FearPotion"}],"is_trial":false,"path_per_floor":["M","$","?","T","M","R","M","?","T","R","E"],"character_chosen":"IRONCLAD","items_purchased":[],"campfire_rested":0,"item_purchase_floors":[],"current_hp_per_floor":[62,62,55,55,61,61,57,37,37,37,0,0],"gold":170,"neow_bonus":"THREE_CARDS","is_daily":false,"chose_seed":false,"campfire_upgraded":2,"win_rate":0.0,"timestamp":1611189332,"path_taken":["M","$","?","?","M","R","M","?","T","R","E"],"items_purchased_type":[],"build_version":"2020-12-22","purchased_purges":0,"victory":false,"max_hp_per_floor":[80,80,80,80,80,80,80,80,80,80,80,80],"card_choices":[{"not_picked":["Combust","Pummel"],"picked":"Rupture","floor":0},{"not_picked":["Battle Trance","Carnage"],"picked":"Entrench","floor":1},{"not_picked":["Uppercut","Dropkick"],"picked":"Evolve","floor":5},{"not_picked":["Anger","Warcry"],"picked":"Searing Blow","floor":7}],"player_experience":49831,"relics_obtained":[{"floor":9,"key":"Mercury Hourglass"}],"event_choices":[{"cards_removed":["Strike_R"],"damage_healed":0,"gold_gain":0,"player_choice":"Card Removal","damage_taken":7,"max_hp_gain":0,"max_hp_loss":0,"event_name":"Golden Wing","floor":3,"gold_loss":0},{"damage_healed":0,"gold_gain":0,"player_choice":"Take Damage","damage_taken":20,"relics_obtained":["Golden Idol"],"max_hp_gain":0,"max_hp_loss":0,"event_name":"Golden Idol","floor":8,"gold_loss":0}],"is_beta":false,"boss_relics":[],"items_purged_floors":[],"is_endless":false,"potions_floor_spawned":[1,5],"killed_by":"Lagavulin","ascension_level":3}}