{"host":"7jl348xfsxr8glry","time":1611239010,"event":{"mods":["AchievementEnabler","BaseMod","Colored Map","Minty Spire (QoL Compilation)","Random Character Button","Unceasing Turn Reminder"],"gold_per_floor":[117,132,78,78,97,97,110,110,184,184,195,195,25,45,45,149,149,114,164,8,19,29,29,47,61,61,61,111,181,78,90,90,90,90],"floor_reached":33,"language":"ENG","playtime":1710,"items_purged":["Strike_G"],"score":265,"play_id":"553ad281-5b30-46e8-8b50-84ea4097928f","local_time":"20210122012330","is_ascension_mode":true,"campfire_choices":[{"floor":6,"key":"REST"},{"data":"Quick Slash","floor":8,"key":"SMITH"},{"floor":10,"key":"RECALL"},{"data":"After Image","floor":15,"key":"SMITH"},{"floor":23,"key":"REST"},{"floor":27,"key":"REST"},{"floor":32,"key":"REST"}],"circlet_count":0,"master_deck":["Strike_G","Strike_G","Strike_G","Strike_G","Defend_G","Defend_G","Defend_G","Defend_G","Defend_G","Survivor","Neutralize","Dodge and Roll","Terror+1","Blade Dance","Quick Slash+1","Outmaneuver","Backflip","After Image+1","Envenom","Blade Dance","Quick Slash+1","Quick Slash","Blur+1","Flying Knee+1"],"relics":["Ring of the Snake","SsserpentHead","Lee\u0027s Waffle","Philosopher\u0027s Stone","Omamori","WingedGreaves","Regal Pillow"],"acts_visited":["Exordium","TheCity"],"potions_floor_usage":[16,16,22,22,24],"damage_taken":[{"damage":9,"enemies":"Cultist","floor":1,"turns":7},{"damage":8,"enemies":"Small Slimes","floor":2,"turns":4},{"damage":0,"enemies":"2 Louse","floor":5,"turns":2},{"damage":7,"enemies":"Exordium Thugs","floor":7,"turns":5},{"damage":2,"enemies":"Looter","floor":11,"turns":3},{"damage":2,"enemies":"Blue Slaver","floor":14,"turns":4},{"damage":47,"enemies":"Slime Boss","floor":16,"turns":13},{"damage":16,"enemies":"2 Thieves","floor":18,"turns":5},{"damage":2,"enemies":"Chosen","floor":21,"turns":4},{"damage":27,"enemies":"Snake Plant","floor":22,"turns":4},{"damage":10,"enemies":"Chosen and Byrds","floor":24,"turns":5},{"damage":21,"enemies":"3 Cultists","floor":25,"turns":6},{"damage":16,"enemies":"Shelled Parasite and Fungi","floor":29,"turns":5},{"damage":17,"enemies":"Snecko","floor":31,"turns":6},{"damage":58,"enemies":"Collector","floor":33,"turns":6}],"seed_played":"4777680663991263510","potions_obtained":[{"floor":1,"key":"Fire Potion"},{"floor":2,"key":"LiquidBronze"},{"floor":14,"key":"Strength Potion"},{"floor":21,"key":"Poison Potion"},{"floor":22,"key":"GhostInAJar"}],"is_trial":false,"path_per_floor":["M","M","$","?","M","R","M","R","T","R","M","?","$","M","R","B",null,"M","?","$","M","M","R","M","M","T","R","?","M","$","M","R","B"],"character_chosen":"THE_SILENT","items_purchased":["Quick Slash","Lee\u0027s Waffle","Omamori","Regal Pillow"],"campfire_rested":4,"item_purchase_floors":[3,13,20,30],"current_hp_per_floor":[61,53,53,53,53,70,63,63,63,63,61,61,77,75,75,28,77,61,47,47,45,18,42,32,11,11,35,35,19,19,2,41,0,0],"gold":90,"neow_bonus":"THREE_CARDS","is_daily":false,"chose_seed":false,"campfire_upgraded":2,"win_rate":0.0,"timestamp":1611239010,"path_taken":["M","M","?","?","M","R","M","R","T","R","?","?","?","M","R","BOSS","M","?","$","M","M","R","M","M","T","R","?","?","?","M","R","BOSS"],"items_purchased_type":["Card","Relic","Relic","Relic"],"build_version":"2020-12-22","purchased_purges":1,"victory":false,"max_hp_per_floor":[70,70,70,70,70,70,70,70,70,70,70,70,77,77,77,77,77,77,82,82,82,82,82,82,82,82,82,82,82,82,82,82,82,82],"card_choices":[{"not_picked":["Eviscerate","PiercingWail"],"picked":"Dodge and Roll","floor":0},{"not_picked":["Concentrate","Prepared"],"picked":"Terror","floor":1},{"not_picked":["Leg Sweep","Flechettes"],"picked":"Blade Dance","floor":2},{"not_picked":["Deflect","Poisoned Stab"],"picked":"Outmaneuver","floor":5},{"not_picked":["Deadly Poison","Dagger Throw"],"picked":"Backflip","floor":7},{"not_picked":["Cloak And Dagger","Dash"],"picked":"After Image","floor":11},{"not_picked":["Skewer","Bane","Prepared"],"picked":"SKIP","floor":14},{"not_picked":["Night Terror","Unload"],"picked":"Envenom","floor":16},{"not_picked":["Prepared","Dodge and Roll"],"picked":"Blade Dance","floor":18},{"not_picked":["Eviscerate","Acrobatics"],"picked":"Quick Slash+1","floor":21},{"not_picked":["Setup","Underhanded Strike+1"],"picked":"Quick Slash","floor":22},{"not_picked":["Poisoned Stab","Flechettes"],"picked":"Blur+1","floor":24},{"not_picked":["Blade Dance+1","Sucker Punch"],"picked":"Flying Knee+1","floor":25},{"not_picked":["Backflip","Tools of the Trade","Prepared+1"],"picked":"SKIP","floor":29},{"not_picked":["Underhanded Strike+1","Poisoned Stab","Quick Slash"],"picked":"SKIP","floor":31}],"player_experience":143793,"relics_obtained":[{"floor":26,"key":"WingedGreaves"}],"event_choices":[{"damage_healed":0,"gold_gain":0,"player_choice":"Upgraded","damage_taken":0,"max_hp_gain":0,"max_hp_loss":0,"event_name":"Upgrade Shrine","floor":4,"gold_loss":0,"cards_upgraded":["Terror"]},{"damage_healed":0,"gold_gain":0,"player_choice":"Trade","damage_taken":0,"relics_obtained":["SsserpentHead"],"max_hp_gain":0,"max_hp_loss":0,"event_name":"FaceTrader","floor":12,"gold_loss":0},{"damage_healed":0,"gold_gain":0,"player_choice":"Shed Blood","damage_taken":19,"max_hp_gain":5,"max_hp_loss":0,"event_name":"Forgotten Altar","floor":19,"gold_loss":0},{"damage_healed":0,"gold_gain":0,"player_choice":"Cursed","damage_taken":0,"max_hp_gain":0,"max_hp_loss":0,"event_name":"Wheel of Change","floor":28,"gold_loss":0,"cards_obtained":["Decay"]}],"is_beta":false,"boss_relics":[{"not_picked":["Ectoplasm","Runic Dome"],"picked":"Philosopher\u0027s Stone"}],"items_purged_floors":[13],"is_endless":false,"potions_floor_spawned":[1,2,14,21,22],"killed_by":"Collector","ascension_level":2}}