{"host":"4rvakrj1idbgia3f","time":1611238328,"event":{"mods":["BaseMod","Colored Map","Colored Powertips","DeckTracker","Highlight Path","Minty Spire (QoL Compilation)","Random Character Button","StSLib"],"gold_per_floor":[116,116,116,132,56,85,85,103,128,140,140,159,187,203,203,275,275,293,293,293,293,303,303,49,63,63,63,88,107,107,121,121,195,195,211,38,55,55,55,55,89,89,89,100,133,184,204,222,222,222,222],"floor_reached":50,"language":"JPN","playtime":2617,"items_purged":[],"score":1164,"play_id":"17bb4f26-b9ce-4c0e-8968-c6c51846e806","local_time":"20210121231208","is_ascension_mode":true,"campfire_choices":[{"data":"Wild Strike","floor":7.0,"key":"SMITH"},{"data":"Cleave","floor":11.0,"key":"SMITH"},{"data":"Disarm","floor":15.0,"key":"SMITH"},{"data":"Burning Pact","floor":23.0,"key":"SMITH"},{"data":"Corruption","floor":27.0,"key":"SMITH"},{"floor":30.0,"key":"REST"},{"data":"Feel No Pain","floor":32.0,"key":"SMITH"},{"floor":40.0,"key":"RECALL"},{"data":"Strike_R","floor":42,"key":"PURGE"},{"data":"Twin Strike","floor":49,"key":"PURGE"}],"circlet_count":0,"master_deck":["AscendersBane","Strike_R+1","Defend_R","Defend_R","Defend_R","Defend_R","Bash+1","Wild Strike+1","Disarm+1","Cleave+1","Iron Wave+1","Bludgeon+1","Immolate+1","Reaper+1","Shrug It Off+1","Burning Pact+1","Feel No Pain+1","Corruption+1","Evolve+1","Burning Pact","Exhume","Shockwave","Power Through"],"relics":["Burning Blood","NeowsBlessing","Matryoshka","Happy Flower","Molten Egg 2","Centennial Puzzle","Whetstone","Empty Cage","Nilry\u0027s Codex","OrangePellets","Pen Nib","Bag of Preparation","Ancient Tea Set","Fusion Hammer","Oddly Smooth Stone","Peace Pipe","Potion Belt","Pocketwatch"],"acts_visited":["Exordium","TheCity","TheBeyond"],"potions_floor_usage":[44,48],"damage_taken":[{"damage":0.0,"enemies":"Jaw Worm","floor":1.0,"turns":1.0},{"damage":0.0,"enemies":"Cultist","floor":4.0,"turns":1.0},{"damage":0.0,"enemies":"Gremlin Nob","floor":6.0,"turns":1.0},{"damage":0.0,"enemies":"Small Slimes","floor":8.0,"turns":2.0},{"damage":7.0,"enemies":"Blue Slaver","floor":10.0,"turns":3.0},{"damage":8.0,"enemies":"Exordium Wildlife","floor":12.0,"turns":2.0},{"damage":10.0,"enemies":"3 Sentries","floor":13.0,"turns":5.0},{"damage":0.0,"enemies":"Large Slime","floor":14.0,"turns":2.0},{"damage":44.0,"enemies":"The Guardian","floor":16.0,"turns":7.0},{"damage":15.0,"enemies":"2 Thieves","floor":18.0,"turns":3.0},{"damage":12.0,"enemies":"3 Byrds","floor":22.0,"turns":4.0},{"damage":12.0,"enemies":"Cultist and Chosen","floor":25.0,"turns":5.0},{"damage":61.0,"enemies":"Slavers","floor":28.0,"turns":6.0},{"damage":25.0,"enemies":"Shelled Parasite and Fungi","floor":29.0,"turns":5.0},{"damage":1.0,"enemies":"3 Cultists","floor":31.0,"turns":3.0},{"damage":35.0,"enemies":"Champ","floor":33.0,"turns":11.0},{"damage":1.0,"enemies":"Orb Walker","floor":35.0,"turns":3.0},{"damage":0.0,"enemies":"3 Shapes","floor":37.0,"turns":7.0},{"damage":12,"enemies":"Reptomancer","floor":41,"turns":5},{"damage":0,"enemies":"Writhing Mass","floor":44,"turns":7},{"damage":3,"enemies":"Nemesis","floor":45,"turns":7},{"damage":2,"enemies":"2 Orb Walkers","floor":46,"turns":3},{"damage":0,"enemies":"Spire Growth","floor":47,"turns":4},{"damage":15,"enemies":"4 Shapes","floor":48,"turns":5},{"damage":84,"enemies":"Donu and Deca","floor":50,"turns":11}],"seed_played":"6746628977159143938","potions_obtained":[{"floor":4.0,"key":"LiquidMemories"},{"floor":8.0,"key":"Swift Potion"},{"floor":13.0,"key":"Energy Potion"},{"floor":18.0,"key":"Fire Potion"},{"floor":25.0,"key":"FairyPotion"},{"floor":31.0,"key":"Fruit Juice"},{"floor":41,"key":"ColorlessPotion"},{"floor":46,"key":"Swift Potion"},{"floor":47,"key":"PowerPotion"},{"floor":48,"key":"Dexterity Potion"}],"is_trial":false,"path_per_floor":["M","?","T","M","$","E","R","M","T","M","R","M","E","M","R","B",null,"M","?","?","?","M","R","$","M","T","R","E","M","R","M","R","B",null,"M","$","M","?","?","R","E","R","T","M","E","?","M","M","R","B"],"character_chosen":"IRONCLAD","items_purchased":["Disarm","Feel No Pain","OrangePellets","Oddly Smooth Stone"],"campfire_rested":1,"item_purchase_floors":[5,24,24,36],"current_hp_per_floor":[74,74,74,75,75,75,75,75,75,74,74,72,68,74,74,36,65,66,66,66,45,43,43,43,49,49,49,27,13,35,62,62,33,68,73,73,79,79,76,76,70,70,70,76,76,76,76,74,74,0,0],"gold":222,"neow_bonus":"THREE_ENEMY_KILL","is_daily":false,"chose_seed":false,"campfire_upgraded":6,"win_rate":0.0,"timestamp":1611238328,"path_taken":["M","?","?","?","?","E","R","?","T","M","R","M","E","M","R","BOSS","M","?","?","?","M","R","?","M","T","R","E","M","R","?","R","BOSS","M","$","M","?","?","R","E","R","T","M","E","?","M","M","R","BOSS"],"items_purchased_type":["Card","Card","Relic","Relic"],"build_version":"2020-12-22","purchased_purges":0,"victory":false,"max_hp_per_floor":[75,75,75,75,75,75,75,75,75,75,75,75,75,75,75,75,75,75,75,75,75,75,75,75,75,75,75,75,75,75,80,80,80,80,80,80,80,80,76,76,76,76,76,76,76,76,76,76,76,76,76],"card_choices":[{"not_picked":["Shrug It Off","Headbutt"],"picked":"Wild Strike","floor":1.0},{"not_picked":["Ghostly Armor","Pommel Strike"],"picked":"Twin Strike","floor":4.0},{"not_picked":["Havoc","Clash"],"picked":"Cleave","floor":6.0},{"not_picked":["Intimidate","Sever Soul","Dropkick"],"picked":"SKIP","floor":8.0},{"not_picked":["Ghostly Armor","Warcry"],"picked":"Iron Wave+1","floor":10.0},{"not_picked":["Evolve","Clash+1"],"picked":"Bludgeon+1","floor":12.0},{"not_picked":["Anger+1","True Grit"],"picked":"Immolate+1","floor":13.0},{"not_picked":["Rage","Sword Boomerang+1","Pummel+1"],"picked":"SKIP","floor":14.0},{"not_picked":["Berserk","Corruption"],"picked":"Reaper+1","floor":16.0},{"not_picked":["Ghostly Armor","Clash+1"],"picked":"Shrug It Off+1","floor":18.0},{"not_picked":["Warcry","Iron Wave+1","Inflame"],"picked":"SKIP","floor":22.0},{"not_picked":["Shrug It Off+1","Cleave+1"],"picked":"Corruption","floor":25.0},{"not_picked":["Dropkick+1","Havoc+1","Armaments"],"picked":"SKIP","floor":28.0},{"not_picked":["Spot Weakness","Heavy Blade+1"],"picked":"Evolve+1","floor":29.0},{"not_picked":["Evolve","Body Slam+1"],"picked":"Burning Pact","floor":31.0},{"not_picked":["Immolate+1","Corruption"],"picked":"Exhume","floor":33.0},{"not_picked":["Anger+1","Sword Boomerang+1","Cleave+1"],"picked":"SKIP","floor":35.0},{"not_picked":["Hemokinesis+1","Blood for Blood+1"],"picked":"Shockwave","floor":37.0},{"not_picked":["Armaments","Shockwave+1","Hemokinesis+1"],"picked":"SKIP","floor":41},{"not_picked":["Evolve+1","Inflame","Pommel Strike+1"],"picked":"SKIP","floor":44},{"not_picked":["Searing Blow+1","Cleave+1","Combust"],"picked":"SKIP","floor":45},{"not_picked":["Clash+1","Armaments","Anger+1"],"picked":"SKIP","floor":47},{"not_picked":["Dropkick+1","Armaments+1"],"picked":"Power Through","floor":48}],"player_experience":2059680,"relics_obtained":[{"floor":3.0,"key":"Matryoshka"},{"floor":6.0,"key":"Happy Flower"},{"floor":9.0,"key":"Molten Egg 2"},{"floor":9.0,"key":"Centennial Puzzle"},{"floor":13.0,"key":"Whetstone"},{"floor":21.0,"key":"Nilry\u0027s Codex"},{"floor":26.0,"key":"Pen Nib"},{"floor":26.0,"key":"Bag of Preparation"},{"floor":28.0,"key":"Ancient Tea Set"},{"floor":41,"key":"Peace Pipe"},{"floor":45,"key":"Potion Belt"},{"floor":46,"key":"Pocketwatch"}],"event_choices":[{"damage_healed":0.0,"max_hp_gain":0.0,"max_hp_loss":0.0,"gold_gain":0.0,"event_name":"Liars Game","player_choice":"Ignored","floor":2.0,"gold_loss":0.0,"damage_taken":0.0},{"damage_healed":0.0,"max_hp_gain":0.0,"max_hp_loss":0.0,"gold_gain":0.0,"event_name":"The Library","player_choice":"Read","floor":19.0,"gold_loss":0.0,"damage_taken":0.0,"cards_obtained":["Burning Pact"]},{"cards_removed":["Strike_R"],"damage_healed":0.0,"max_hp_gain":0.0,"max_hp_loss":0.0,"gold_gain":0.0,"event_name":"Back to Basics","player_choice":"Elegance","floor":20.0,"gold_loss":0.0,"damage_taken":0.0},{"damage_healed":0.0,"max_hp_gain":0.0,"max_hp_loss":0.0,"gold_gain":0.0,"event_name":"Cursed Tome","player_choice":"Obtained Book","floor":21.0,"gold_loss":0.0,"damage_taken":21.0},{"damage_healed":0.0,"max_hp_gain":0.0,"max_hp_loss":0.0,"gold_gain":0.0,"event_name":"SensoryStone","player_choice":"Memory 1","floor":38.0,"gold_loss":0.0,"damage_taken":0.0},{"damage_healed":0.0,"max_hp_gain":0.0,"max_hp_loss":4.0,"gold_gain":0.0,"event_name":"Winding Halls","player_choice":"Max HP","floor":39.0,"gold_loss":0.0,"damage_taken":0.0},{"damage_healed":0,"gold_gain":0,"player_choice":"Fight","damage_taken":0,"max_hp_gain":0,"max_hp_loss":0,"event_name":"Mysterious Sphere","floor":46,"gold_loss":0}],"is_beta":false,"boss_relics":[{"not_picked":["Cursed Key","Runic Cube"],"picked":"Empty Cage"},{"not_picked":["SacredBark","Runic Pyramid"],"picked":"Fusion Hammer"}],"items_purged_floors":[],"is_endless":false,"potions_floor_spawned":[4,8,13,18,25,31,41,46,47,48],"killed_by":"Donu and Deca","ascension_level":20}}