{"host":"0mk07bycsqo1qk03","time":1611242028,"event":{"mods":["BaseMod","Downfall","Hermit","Hubris","Minty Spire (QoL Compilation)","StSLib","The Cursed"],"gold_per_floor":[99,99,274,274,274,305,328,328,85,97,108,121,6,21,38,38,38,38],"floor_reached":16,"language":"ENG","playtime":522,"items_purged":["Pain","Doubt"],"score":125,"play_id":"0a70c2af-2f6f-47df-86eb-a9148eabab34","local_time":"20210121161348","is_ascension_mode":false,"campfire_choices":[{"data":"champ:Taunt","floor":1,"key":"SMITH"}],"circlet_count":0,"master_deck":["champ:Strike","champ:Strike","champ:Strike","champ:Strike","champ:Defend","champ:Defend","champ:Defend","champ:Defend","champ:Execute","champ:Taunt+1","champ:TornadoPunch","champ:Circumvent","champ:StrikeOfGenius","champ:SkillfulDodge","champ:SkillfulDodge","hubris:NaturalOne","champ:Improvising","champ:Lariat"],"relics":["champ:ChampionCrown","downfall:HeartsMalice","hubris:Icosahedron","Potion Belt","Anchor","WarpedTongs","Medical Kit"],"acts_visited":["Exordium"],"potions_floor_usage":[],"damage_taken":[{"damage":0,"enemies":"Small Slimes","floor":2,"turns":1},{"damage":0,"enemies":"Jaw Worm","floor":5,"turns":1},{"damage":0,"enemies":"Lagavulin","floor":6,"turns":1},{"damage":4,"enemies":"downfall:FleeingMerchant","floor":9,"turns":4},{"damage":10,"enemies":"2 Louse","floor":10,"turns":2},{"damage":0,"enemies":"Red Slaver","floor":11,"turns":4},{"damage":0,"enemies":"Blue Slaver","floor":12,"turns":5},{"damage":11,"enemies":"downfall:FleeingMerchant","floor":13,"turns":4},{"damage":9,"enemies":"Lots of Slimes","floor":14,"turns":4},{"damage":8,"enemies":"Large Slime","floor":15,"turns":4},{"damage":22,"enemies":"SI_SHIV_ARCHETYPE","floor":16,"turns":6}],"seed_played":"2725892936028491422","potions_obtained":[{"floor":10,"key":"sneckomod:MuddlingPotion"},{"floor":12,"key":"Regen Potion"},{"floor":15,"key":"Energy Potion"}],"is_trial":false,"path_per_floor":["R","M","?","?","M","E","T","?","$","M","M","M","$","M","M","B"],"character_chosen":"THE_CHAMP","items_purchased":["Medical Kit"],"campfire_rested":0,"item_purchase_floors":[9],"current_hp_per_floor":[90,90,90,90,90,90,90,90,86,86,86,86,85,76,68,46,46,46],"gold":38,"neow_bonus":"THREE_ENEMY_KILL","is_daily":false,"chose_seed":false,"campfire_upgraded":1,"win_rate":0.0,"timestamp":1611242028,"path_taken":["R","M","?","?","M","E","T","?","$","M","M","M","$","M","M","BOSS"],"items_purchased_type":["Relic"],"build_version":"2020-12-22","purchased_purges":2,"victory":false,"max_hp_per_floor":[90,90,90,90,90,90,90,90,90,90,90,90,90,90,90,90,90,90],"card_choices":[{"not_picked":["champ:Haymaker","champ:BladeFlurry"],"picked":"champ:TornadoPunch","floor":2},{"not_picked":["champ:GutPunch","champ:EndlessRage"],"picked":"champ:Circumvent","floor":5},{"not_picked":["champ:FanOfKnives","champ:FaceSlap"],"picked":"champ:StrikeOfGenius","floor":6},{"not_picked":["champ:FaceSlap","champ:Circumvent"],"picked":"champ:SkillfulDodge","floor":9},{"not_picked":["champ:Backstep","champ:FancyFootwork","champ:BerserkersShout"],"picked":"SKIP","floor":10},{"not_picked":["champ:DeathBlow","champ:ViciousMockery"],"picked":"champ:SkillfulDodge","floor":11},{"not_picked":["champ:Circumvent","champ:PerfectedStrike","champ:SkillfulDodge"],"picked":"SKIP","floor":12},{"not_picked":["champ:PerfectedStrike","champ:SetATrap"],"picked":"champ:Improvising","floor":13},{"not_picked":["champ:Shatter","champ:HeartStrike","champ:BerserkersShout"],"picked":"SKIP","floor":14},{"not_picked":["champ:CrownThrow","champ:BerserkersShout"],"picked":"champ:Lariat","floor":15}],"player_experience":937319,"relics_obtained":[{"floor":6,"key":"Potion Belt"},{"floor":7,"key":"Anchor"}],"event_choices":[{"damage_healed":0,"gold_gain":0,"player_choice":"Rummage","damage_taken":0,"relics_obtained":["WarpedTongs"],"max_hp_gain":0,"max_hp_loss":0,"event_name":"Accursed Blacksmith","floor":8,"gold_loss":0,"cards_obtained":["Pain"]}],"is_beta":false,"boss_relics":[],"items_purged_floors":[9,13],"is_endless":false,"potions_floor_spawned":[10,12,15],"killed_by":"SI_SHIV_ARCHETYPE","ascension_level":0}}