{"host":"qrt7o4dq2qslzw13","time":1611233244,"event":{"mods":["AchievementEnabler","BaseMod","Colored Map","Colored Powertips","Minty Spire (QoL Compilation)","Quick Restart","StSLib","SuperFastMode"],"gold_per_floor":[110,129,47,65,76,106,106,124,147,147,26,26,26,26,26,125,125,145,145,244,260,278,278,306,278,343,355,50,50,64,64,64,160,160,177,194,194],"floor_reached":36,"language":"ENG","playtime":783,"items_purged":[],"score":407,"play_id":"3a58fdc4-fbc9-4410-b2c1-283ac57c7ca7","local_time":"20210121074724","is_ascension_mode":false,"campfire_choices":[{"data":"Enlightenment","floor":7.0,"key":"SMITH"},{"data":"ForeignInfluence","floor":10.0,"key":"SMITH"},{"data":"Worship","floor":12.0,"key":"SMITH"},{"data":"FlyingSleeves","floor":15.0,"key":"SMITH"},{"floor":23.0,"key":"REST"},{"floor":27.0,"key":"REST"},{"data":"Scrawl","floor":29.0,"key":"SMITH"},{"data":"DeusExMachina","floor":32.0,"key":"SMITH"}],"circlet_count":0,"master_deck":["Strike_P","Strike_P","Defend_P","Defend_P","Defend_P","Defend_P","Eruption","Vigilance","Tantrum","Wallop+1","Enlightenment+1","FlyingSleeves+1","CarveReality","Perseverance","ForeignInfluence+1","Worship+1","ReachHeaven","Parasite","DeusExMachina+1","Evaluate+1","Fasting2+1","DeceiveReality","Scrawl+1","DeusExMachina","SandsOfTime","Adaptation","CarveReality","Pray","Blasphemy","EmptyBody+1"],"relics":["HolyWater","Peace Pipe","Akabeko","Damaru","Centennial Puzzle","MawBank","Juzu Bracelet","DollysMirror","Empty Cage"],"acts_visited":["Exordium","TheCity","TheBeyond"],"potions_floor_usage":[],"damage_taken":[{"damage":0.0,"enemies":"Cultist","floor":1.0,"turns":3.0},{"damage":2.0,"enemies":"Small Slimes","floor":2.0,"turns":3.0},{"damage":0.0,"enemies":"Jaw Worm","floor":4.0,"turns":2.0},{"damage":0.0,"enemies":"Exordium Wildlife","floor":5.0,"turns":2.0},{"damage":0.0,"enemies":"Lagavulin","floor":6.0,"turns":3.0},{"damage":0.0,"enemies":"2 Fungi Beasts","floor":8.0,"turns":2.0},{"damage":40.0,"enemies":"Hexaghost","floor":16.0,"turns":7.0},{"damage":1.0,"enemies":"Shell Parasite","floor":18.0,"turns":3.0},{"damage":15.0,"enemies":"2 Thieves","floor":21.0,"turns":3.0},{"damage":20.0,"enemies":"Snake Plant","floor":22.0,"turns":4.0},{"damage":27.0,"enemies":"Gremlin Leader","floor":24.0,"turns":5.0},{"damage":13.0,"enemies":"Cultist and Chosen","floor":30.0,"turns":5.0},{"damage":50.0,"enemies":"Champ","floor":33.0,"turns":7.0},{"damage":25.0,"enemies":"Orb Walker","floor":35.0,"turns":2.0},{"damage":4,"enemies":"3 Shapes","floor":36,"turns":4}],"seed_played":"7732437023738977138","potions_obtained":[{"floor":1.0,"key":"AttackPotion"},{"floor":4.0,"key":"BlessingOfTheForge"},{"floor":5.0,"key":"Explosive Potion"},{"floor":16.0,"key":"CultistPotion"},{"floor":21.0,"key":"Swift Potion"},{"floor":30.0,"key":"Ancient Potion"},{"floor":33.0,"key":"Dexterity Potion"},{"floor":35.0,"key":"EntropicBrew"}],"is_trial":false,"path_per_floor":["M","M","$","M","M","E","R","M","T","R","$","R","?","$","R","B",null,"M","?","?","M","M","R","E","?","T","R","$","R","M","?","R","B",null,"M","M"],"character_chosen":"WATCHER","items_purchased":["Enlightenment","Worship","ReachHeaven","DollysMirror","SandsOfTime","Adaptation","CarveReality"],"campfire_rested":2,"item_purchase_floors":[3,11,11,28,28,28,28],"current_hp_per_floor":[51,49,49,49,49,49,49,49,49,49,49,49,67,67,67,27,72,71,71,71,56,36,57,30,30,30,51,51,51,38,62,62,12,72,47,43,43],"gold":194,"neow_bonus":"ONE_RARE_RELIC","is_daily":false,"chose_seed":false,"campfire_upgraded":6,"win_rate":0.0,"timestamp":1611233244,"path_taken":["M","M","$","M","?","E","R","M","T","R","$","R","?","$","R","BOSS","M","?","?","M","M","R","E","?","T","R","$","R","M","?","R","BOSS","M","M"],"items_purchased_type":["Card","Card","Card","Relic","Card","Card","Card"],"build_version":"2020-12-22","purchased_purges":0,"victory":false,"max_hp_per_floor":[72,72,72,72,72,72,72,72,72,72,72,72,72,72,72,72,72,72,72,72,72,72,72,72,72,72,72,72,72,72,72,72,72,72,72,72,72],"card_choices":[{"not_picked":["WaveOfTheHand","Wireheading"],"picked":"Tantrum","floor":1.0},{"not_picked":["WreathOfFlame","Prostrate"],"picked":"Wallop","floor":2.0},{"not_picked":["Halt","ThirdEye"],"picked":"FlyingSleeves","floor":4.0},{"not_picked":["Crescendo","PathToVictory"],"picked":"CarveReality","floor":5.0},{"not_picked":["EmptyFist","EmptyMind"],"picked":"Perseverance","floor":6.0},{"not_picked":["FlurryOfBlows","Consecrate"],"picked":"ForeignInfluence","floor":8.0},{"not_picked":["ConjureBlade","Judgement"],"picked":"DeusExMachina","floor":16.0},{"not_picked":["EmptyFist","BowlingBash"],"picked":"Evaluate+1","floor":18.0},{"not_picked":["FlyingSleeves","CrushJoints"],"picked":"Fasting2+1","floor":21.0},{"not_picked":["ReachHeaven","FollowUp"],"picked":"DeceiveReality","floor":22.0},{"not_picked":["LessonLearned","Blasphemy"],"picked":"Scrawl","floor":24.0},{"not_picked":["DeceiveReality","Nirvana+1"],"picked":"Pray","floor":30.0},{"not_picked":["Devotion","SpiritShield"],"picked":"Blasphemy","floor":33.0},{"not_picked":["BowlingBash","ThirdEye"],"picked":"EmptyBody+1","floor":35.0}],"player_experience":573173,"relics_obtained":[{"floor":6.0,"key":"Akabeko"},{"floor":9.0,"key":"Damaru"},{"floor":24.0,"key":"MawBank"},{"floor":26.0,"key":"Juzu Bracelet"}],"event_choices":[{"damage_healed":18.0,"max_hp_gain":0.0,"max_hp_loss":0.0,"gold_gain":0.0,"event_name":"Mushrooms","player_choice":"Healed and dodged fight","floor":13.0,"gold_loss":0.0,"damage_taken":0.0,"cards_obtained":["Parasite"]},{"damage_healed":0.0,"max_hp_gain":0.0,"max_hp_loss":0.0,"gold_gain":0.0,"event_name":"The Mausoleum","player_choice":"Opened","floor":19.0,"gold_loss":0.0,"damage_taken":0.0,"relics_obtained":["Centennial Puzzle"]},{"damage_healed":0.0,"max_hp_gain":0.0,"max_hp_loss":0.0,"gold_gain":99.0,"event_name":"Nest","player_choice":"Stole From Cult","floor":20.0,"gold_loss":0.0,"damage_taken":0.0},{"damage_healed":0.0,"max_hp_gain":0.0,"max_hp_loss":0.0,"gold_gain":0.0,"event_name":"Designer","player_choice":"Upgrade","floor":25.0,"gold_loss":40.0,"damage_taken":0.0,"cards_upgraded":["Wallop"]},{"damage_healed":24.0,"max_hp_gain":0.0,"max_hp_loss":0.0,"gold_gain":0.0,"event_name":"The Library","player_choice":"Heal","floor":31.0,"gold_loss":0.0,"damage_taken":0.0}],"is_beta":false,"boss_relics":[{"not_picked":["Astrolabe","SacredBark"],"picked":"HolyWater"},{"not_picked":["VioletLotus","Fusion Hammer"],"picked":"Empty Cage"}],"items_purged_floors":[],"is_endless":false,"potions_floor_spawned":[1,4,5,16,21,30,33,35],"killed_by":"3 Shapes","ascension_level":0}}