{"host":"xofguaajdv1n6kut","time":1611249758,"event":{"mods":["AchievementEnabler","AlwaysNeverKeys","BaseMod","Better Altar","Better Match","Better Note","Better Sensory Stone","Better Skull","Better Third Choice","Better Vampires","BetterRewards","Colored Map","Colored Powertips","Custom Start","Downfall","Googly Eyes","Hermit","Highlight Path","Marisa????????","Minty Spire (QoL Compilation)","Relic Stats","StSLib","SuperFastMode"],"gold_per_floor":[110,10,28,0,13,45,45,80,151,151,178,178,178,197,197,301,301,319,244,261,61,77,77,77],"floor_reached":23,"language":"RUS","playtime":869,"items_purged":[],"score":224,"play_id":"4a127513-b84b-47c8-81a0-92b44fed7fbe","local_time":"20210121202238","is_ascension_mode":false,"campfire_choices":[{"floor":7,"key":"REST"},{"floor":10,"key":"REST"},{"data":"Deadly Poison","floor":13,"key":"SMITH"},{"floor":15,"key":"REST"}],"circlet_count":0,"master_deck":["Strike_G","Strike_G","Strike_G","Strike_G","Strike_G","Defend_G","Defend_G","Defend_G","Defend_G","Defend_G","Survivor","Neutralize","Deadly Poison+1","Crippling Poison","Bane","Outmaneuver","Bouncing Flask","Enlightenment","Flying Knee","Deflect","Underhanded Strike","Deadly Poison+1","Deflect","Burst","Outmaneuver","Deadly Poison","Deadly Poison","Slice+1","Terror","Bane","Endless Agony+1","Catalyst"],"relics":["Ring of the Snake","Torii","Nunchaku","Question Card","Odd Mushroom","Black Star","Orrery"],"acts_visited":["Exordium","TheCity"],"potions_floor_usage":[3,6,8],"damage_taken":[{"damage":6,"enemies":"2 Louse","floor":1,"turns":3},{"damage":6,"enemies":"Jaw Worm","floor":3,"turns":3},{"damage":7,"enemies":"Small Slimes","floor":5,"turns":3},{"damage":16,"enemies":"Lagavulin","floor":6,"turns":5},{"damage":27,"enemies":"Gremlin Nob","floor":8,"turns":4},{"damage":3,"enemies":"The Mushroom Lair","floor":11,"turns":5},{"damage":0,"enemies":"Blue Slaver","floor":14,"turns":2},{"damage":28,"enemies":"The Guardian","floor":16,"turns":7},{"damage":9,"enemies":"Chosen","floor":18,"turns":4},{"damage":20,"enemies":"3 Byrds","floor":20,"turns":6},{"damage":27,"enemies":"Snecko","floor":22,"turns":6},{"damage":24,"enemies":"Book of Stabbing","floor":23,"turns":2}],"seed_played":"-1118470413848164743","potions_obtained":[{"floor":1,"key":"Poison Potion"},{"floor":5,"key":"SkillPotion"},{"floor":6,"key":"Slimebound:ThreeZeroPotion"},{"floor":22,"key":"SmokeBomb"}],"is_trial":false,"path_per_floor":["M","$","M","?","M","E","R","E","T","R","?","?","R","M","R","B",null,"M","?","M","$","M","E"],"character_chosen":"THE_SILENT","items_purchased":["Bane","Outmaneuver","Deadly Poison","Orrery"],"campfire_rested":3,"item_purchase_floors":[2,2,21,21],"current_hp_per_floor":[64,64,58,64,57,41,63,36,36,58,55,55,55,55,76,48,76,67,67,47,47,20,0,0],"gold":77,"neow_bonus":"THREE_CARDS","is_daily":false,"chose_seed":false,"campfire_upgraded":1,"win_rate":0.0,"timestamp":1611249758,"path_taken":["M","$","M","?","M","E","R","E","T","R","?","?","R","M","R","BOSS","M","?","M","?","M","E"],"items_purchased_type":["Card","Card","Card","Relic"],"build_version":"2020-12-22","purchased_purges":0,"victory":false,"max_hp_per_floor":[70,70,70,76,76,76,76,76,76,76,76,76,76,76,76,76,76,76,76,76,76,76,76,76],"relic_stats":{"Nunchaku":[4],"Torii":22,"counters":[12,50],"Black Star":0,"Question Card":12,"obtain_stats":[{"Nunchaku":8,"Torii":6,"Orrery":21,"Black Star":17,"Odd Mushroom":11,"Question Card":9,"Ring of the Snake":0},{"Nunchaku":5,"Torii":4,"Orrery":10,"Black Star":8,"Odd Mushroom":6,"Question Card":5,"Ring of the Snake":0},{"Nunchaku":18,"Torii":14,"Orrery":42,"Black Star":32,"Odd Mushroom":23,"Question Card":18,"Ring of the Snake":0}],"Ring of the Snake":[24]},"card_choices":[{"not_picked":["Prepared","Endless Agony"],"picked":"Deadly Poison","floor":0},{"not_picked":["Backflip","Prepared"],"picked":"Crippling Poison","floor":1},{"not_picked":["Escape Plan","Deflect"],"picked":"Bouncing Flask","floor":3},{"not_picked":["Masterful Stab","Deflect"],"picked":"Flying Knee","floor":5},{"not_picked":["A Thousand Cuts","Acrobatics"],"picked":"Deflect","floor":6},{"not_picked":["Prepared","Choke"],"picked":"Underhanded Strike","floor":8},{"not_picked":["Dodge and Roll","Dagger Throw","Backflip"],"picked":"Deadly Poison","floor":11},{"not_picked":["Sucker Punch","Dagger Throw","Flechettes"],"picked":"Deflect","floor":14},{"not_picked":["Doppelganger","After Image","Phantasmal Killer"],"picked":"Burst","floor":16},{"not_picked":["Eviscerate","Heel Hook","Infinite Blades"],"picked":"Outmaneuver","floor":18},{"not_picked":["Escape Plan","Flying Knee","Riddle With Holes"],"picked":"Deadly Poison","floor":20},{"not_picked":["Dash+1","Tactician","Caltrops+1"],"picked":"Slice+1","floor":21},{"not_picked":["Dash","Tools of the Trade","Bane+1"],"picked":"Terror","floor":21},{"not_picked":["Infinite Blades+1","Blade Dance+1","Dodge and Roll"],"picked":"Bane","floor":21},{"not_picked":["Flechettes","Quick Slash+1","Underhanded Strike"],"picked":"Endless Agony+1","floor":21},{"not_picked":["Well Laid Plans+1","Prepared+1","Choke+1"],"picked":"Catalyst","floor":21},{"not_picked":["Blade Dance","Flying Knee","Leg Sweep","Infinite Blades+1"],"picked":"SKIP","floor":22}],"player_experience":19979,"relics_obtained":[{"floor":6,"key":"Torii"},{"floor":8,"key":"Nunchaku"},{"floor":9,"key":"Question Card"},{"floor":11,"key":"Odd Mushroom"}],"event_choices":[{"damage_healed":0,"gold_gain":0,"player_choice":"RENOUNCE","damage_taken":28,"max_hp_gain":0,"max_hp_loss":0,"event_name":"betterThird:BetterSerpent","floor":4,"gold_loss":28,"cards_obtained":["Enlightenment"]},{"damage_healed":0,"gold_gain":0,"player_choice":"Fought Mushrooms","damage_taken":0,"max_hp_gain":0,"max_hp_loss":0,"event_name":"Mushrooms","floor":11,"gold_loss":0},{"damage_healed":0,"gold_gain":0,"player_choice":"Grow","damage_taken":0,"max_hp_gain":0,"max_hp_loss":0,"event_name":"Living Wall","floor":12,"gold_loss":0,"cards_upgraded":["Deadly Poison"]},{"damage_healed":0,"gold_gain":0,"player_choice":"3","damage_taken":0,"max_hp_gain":0,"max_hp_loss":0,"event_name":"betterMatch:BetterMatch","floor":19,"gold_loss":0,"cards_obtained":[]}],"is_beta":false,"boss_relics":[{"not_picked":["Runic Pyramid","Astrolabe"],"picked":"Black Star"}],"items_purged_floors":[],"is_endless":false,"potions_floor_spawned":[1,5,6,22],"killed_by":"Book of Stabbing","ascension_level":0}}