{"host":"rzpi613efy9j52u4","time":1611244084,"event":{"mods":["Aspiration","BaseMod","BetterRewards","Colored Powertips","Downfall","Googly Eyes","Hubris","Minty Spire (QoL Compilation)","Rare Cards Sparkle","Shop Mod","StSLib","The Cursed","The Disciple","The Hierophant","The Necromancer","The Poker Player"],"gold_per_floor":[11,11,11,34,34,62,62,62,62,42,67,92,132,153,153,277,277,298,338,338,338,338,369,388,388,412,440,440,440,540,554,554,680,680,715,706,706,706,706,760,760,840,840,1062,1121,1193,1193,1338,1338,1338],"floor_reached":51,"language":"ENG","playtime":3838,"items_purged":[],"score":1075,"play_id":"153e2975-c981-4bf4-89a6-d807fd4c6ec3","local_time":"20210121104804","daily_mods":["Draft","Hoarder","Specialized","Vintage","ControlledChaos","Diverse","Colorless Cards"],"is_ascension_mode":false,"campfire_choices":[{"floor":8,"key":"REST"},{"data":"BattleHymn","floor":15,"key":"SMITH"},{"floor":25,"key":"REST"},{"floor":29,"key":"REST"},{"floor":47,"key":"REST"},{"floor":49,"key":"REST"}],"circlet_count":0,"master_deck":["Strike_R","Strike_G","Strike_B","hubris:Strike_Merchant","Defend_R","Defend_G","Defend_B","hubris:Defend_Merchant","hubris:MerchantsHand","hubris:MerchantsHand","CarveReality","CarveReality","CarveReality","CarveReality","CarveReality","CarveReality","CarveReality","CarveReality","CarveReality","CarveReality","CarveReality","CarveReality","CarveReality","CarveReality","CarveReality","BattleHymn+1","BattleHymn","BattleHymn","hexamod:GhostShield","hexamod:GhostShield","hexamod:GhostShield","Toxic_Smoke_Screen","Toxic_Smoke_Screen","Toxic_Smoke_Screen","Accuracy","Slice","Slice","Slice","hierophant:Embezzle","hierophant:Embezzle","hierophant:Embezzle","sneckomod:IronFang","sneckomod:IronFang","sneckomod:IronFang","Blade Dance","Blade Dance","Cloak And Dagger","Cloak And Dagger","Cloak And Dagger","sneckomod:SoulDraw","sneckomod:SoulDraw","sneckomod:SoulDraw","sneckomod:UnknownClassWHITE","sneckomod:UnknownClassWHITE","sneckomod:UnknownClassWHITE","Summon_Lich","Summon_Lich","Summon_Lich","hexamod:Firestarter","hexamod:Firestarter","hexamod:Firestarter","Necromantic_Selection+1","Necromantic_Selection","Necromantic_Selection","champ:DefensiveShout","champ:DefensiveShout","champ:DefensiveShout","Death_March_Dance","Death_March_Dance","Death_March_Dance","Injury","Injury","Injury","Summon_Undead_Army","Summon_Undead_Army","Summon_Undead_Army","hubris:DuctTapeCard","hubris:DuctTapeCard","hubris:DuctTapeCard","Shade_Step+1","Shade_Step","Shade_Step","TheCursedMod:CollectTribute","TheCursedMod:CollectTribute","TheCursedMod:CollectTribute","Guardian:DecasProtection","Guardian:DecasProtection","Guardian:DecasProtection","Conclude+1","Conclude+1","Conclude+1","hierophant:WrathOfGod+1","hierophant:WrathOfGod+1","hierophant:WrathOfGod+1","hubris:Greed","hubris:Greed","hubris:Greed","hubris:Greed","hubris:Greed","hubris:Greed","hubris:Greed","hubris:Greed","hubris:Greed","hubris:Greed","hubris:Greed","hubris:Greed","hubris:Greed","hubris:Greed","hubris:Greed","hubris:Greed","hubris:Greed","hubris:Greed","hubris:Greed","hubris:Greed","hubris:Greed","hubris:Greed","hubris:Greed","hubris:Greed","hubris:Greed","hubris:Greed","hubris:Greed","hubris:Greed","hubris:Greed","hubris:Greed","hubris:Greed","hubris:Greed","hubris:Greed","hubris:Greed","hubris:Greed","hubris:Greed","hubris:Greed","hubris:Greed","hubris:Greed","hubris:Greed","hubris:Greed","hubris:Greed","hubris:Greed","hubris:Greed","hubris:Greed","hubris:Greed","hubris:Greed","hubris:Greed","hubris:Greed","hubris:Greed","hubris:Greed","hubris:Greed","hubris:Greed","hubris:Greed"],"relics":["Smiling Mask","hubris:NiceRug","hubris:SphereOfDissonance","The Courier","Molten Egg 2","hubris:CrystalStatue","Golden Idol","hubris:BottledRain","Question Card","hubris:DuctTape","Juzu Bracelet","Letter Opener","SlaversCollar","hubris:SlimyHat","Red Mask","aspiration:FrozenJewel","Bottled Lightning","Orichalcum","War Paint","Regal Pillow","aspiration:ArtOfWarUpgrade","Fusion Hammer","aspiration:VileToxins","hubris:TenFootPole","hubris:Icosahedron","aspiration:AnachronicSnailShell","Kunai","Darkstone Periapt","Slimebound:PreparedRelic","HornCleat","champ:DeflectingBracers"],"acts_visited":["Exordium","TheCity","TheBeyond"],"potions_floor_usage":[33,42,48,48,50,50],"damage_taken":[{"damage":5,"enemies":"Jaw Worm","floor":1,"turns":2},{"damage":8,"enemies":"Small Slimes","floor":4,"turns":2},{"damage":8,"enemies":"Gremlin Nob","floor":6,"turns":3},{"damage":0,"enemies":"2 Louse","floor":11,"turns":2},{"damage":9,"enemies":"Exordium Thugs","floor":12,"turns":3},{"damage":8,"enemies":"3 Sentries","floor":13,"turns":5},{"damage":0,"enemies":"Blue Slaver","floor":14,"turns":1},{"damage":0,"enemies":"Slime Boss","floor":16,"turns":7},{"damage":13,"enemies":"3 Byrds","floor":18,"turns":4},{"damage":29,"enemies":"Masked Bandits","floor":19,"turns":4},{"damage":10,"enemies":"Book of Stabbing","floor":23,"turns":4},{"damage":22,"enemies":"2 Thieves","floor":24,"turns":5},{"damage":14,"enemies":"Chosen and Byrds","floor":27,"turns":5},{"damage":0,"enemies":"Snecko","floor":31,"turns":3},{"damage":36,"enemies":"Automaton","floor":33,"turns":9},{"damage":24,"enemies":"3 Darklings","floor":35,"turns":6},{"damage":22,"enemies":"Orb Walker","floor":36,"turns":1},{"damage":0,"enemies":"Spire Growth","floor":40,"turns":4},{"damage":11,"enemies":"3 Darklings","floor":42,"turns":4},{"damage":18,"enemies":"Sphere and 2 Shapes","floor":45,"turns":1},{"damage":0,"enemies":"Transient","floor":48,"turns":5},{"damage":0,"enemies":"Time Eater","floor":50,"turns":8}],"seed_played":"7634408089870780451","potions_obtained":[{"floor":1,"key":"FairyPotion"},{"floor":10,"key":"EntropicBrew"},{"floor":11,"key":"Ancient Potion"},{"floor":13,"key":"LiquidMemories"},{"floor":18,"key":"ColorlessPotion"},{"floor":24,"key":"Regen Potion"},{"floor":36,"key":"Energy Potion"},{"floor":42,"key":"Fruit Juice"},{"floor":48,"key":"LiquidBronze"}],"is_trial":true,"path_per_floor":["M","$","?","M","?","E","?","R","T","?","M","M","E","M","R","B",null,"M","?","?","?","$","E","M","R","T","M","$","R","?","M","R","B",null,"M","M","$","?","?","M","R","M","T","?","M","T","R","M","R","B",null],"character_chosen":"NECROMANCER","items_purchased":[],"campfire_rested":5,"item_purchase_floors":[],"current_hp_per_floor":[70,70,70,62,62,54,36,58,58,58,58,49,41,41,41,41,75,62,36,39,42,42,32,10,32,32,18,21,58,61,61,61,34,75,51,29,32,35,38,38,38,32,32,35,17,20,59,131,152,332],"gold":1338,"neow_bonus":"","is_daily":false,"chose_seed":false,"campfire_upgraded":1,"win_rate":0.0,"timestamp":1611244084,"path_taken":["M","$","?","M","?","E","?","R","T","?","M","M","E","M","R","BOSS","M","?","?","?","$","E","M","R","T","M","?","R","?","M","R","BOSS","M","M","?","?","?","M","R","M","T","?","M","?","R","M","R","BOSS"],"items_purchased_type":[],"build_version":"2020-12-13","purchased_purges":0,"victory":true,"max_hp_per_floor":[75,75,75,75,75,75,75,75,75,75,75,75,75,75,75,75,75,75,75,75,75,75,75,75,75,75,75,75,75,75,75,75,75,75,75,75,75,75,75,75,75,80,80,80,80,80,80,152,152,332],"card_choices":[{"not_picked":["bronze:FineTuning","hierophant:DisplayOfPower"],"picked":"BattleHymn","floor":0},{"not_picked":["bronze:FineTuning","PrimeTime"],"picked":"hexamod:GhostShield","floor":0},{"not_picked":["Terror","Cold Snap"],"picked":"Toxic_Smoke_Screen","floor":0},{"not_picked":["Warcry","TheCursedMod:CircleOfCorruption"],"picked":"Accuracy","floor":0},{"not_picked":["SandsOfTime","hierophant:Zeal"],"picked":"Slice","floor":0},{"not_picked":["hexamod:GhostOfSpirePast","Negative_Energy_Sphere"],"picked":"hierophant:Embezzle","floor":0},{"not_picked":["Slimebound:PressTheAttack","hexamod:NightmareStrike"],"picked":"sneckomod:IronFang","floor":0},{"not_picked":["Go for the Eyes","Necromantic_Selection"],"picked":"Blade Dance","floor":0},{"not_picked":["Quick Slash","Guardian:Repulse"],"picked":"Cloak And Dagger","floor":0},{"not_picked":["Slimebound:DivideAndConquer","LockedMedicine"],"picked":"sneckomod:SoulDraw","floor":0},{"not_picked":["bronze:BugBarrage","hexamod:BurningTouch"],"picked":"sneckomod:UnknownClassWHITE","floor":0},{"not_picked":["Slimebound:SamplingLick","HandsUpC"],"picked":"Summon_Lich","floor":0},{"not_picked":["champ:GutPunch","champ:BerserkersShout"],"picked":"hexamod:Firestarter","floor":0},{"not_picked":["hexamod:FastForward","champ:EnGarde"],"picked":"Necromantic_Selection","floor":0},{"not_picked":["Armaments","PokerPlayerMod:DiamondStrike"],"picked":"champ:DefensiveShout","floor":0},{"not_picked":["Slimebound:GrowthPunch+1","PrimeTime+1"],"picked":"Summon_Undead_Army","floor":6},{"not_picked":["Consecrate+1","Slimebound:SlimeSlap+1","Pandemic"],"picked":"Shade_Step","floor":13},{"not_picked":["Guardian:StasisStrike+1","champ:MurderStrike+1","bronze:Format"],"picked":"TheCursedMod:CollectTribute","floor":16},{"not_picked":["hierophant:Remorse+1","Guardian:TemporalStrike+1","hierophant:Dazzle+1"],"picked":"Guardian:DecasProtection","floor":19},{"not_picked":["TheCursedMod:Torture","aspiration:Polymerization+1","PokerPlayerMod:ClubsClub+1"],"picked":"Conclude+1","floor":23},{"not_picked":["Echonomics","bronze:Mutator","Metamorphosis"],"picked":"hierophant:WrathOfGod+1","floor":33}],"player_experience":72531,"relics_obtained":[{"floor":1,"key":"hubris:SphereOfDissonance"},{"floor":4,"key":"The Courier"},{"floor":6,"key":"hubris:CrystalStatue"},{"floor":9,"key":"hubris:BottledRain"},{"floor":11,"key":"Question Card"},{"floor":12,"key":"hubris:DuctTape"},{"floor":13,"key":"Juzu Bracelet"},{"floor":14,"key":"Letter Opener"},{"floor":18,"key":"hubris:SlimyHat"},{"floor":19,"key":"Red Mask"},{"floor":23,"key":"Bottled Lightning"},{"floor":24,"key":"Orichalcum"},{"floor":26,"key":"War Paint"},{"floor":27,"key":"Regal Pillow"},{"floor":31,"key":"Art of War"},{"floor":35,"key":"aspiration:VileToxins"},{"floor":36,"key":"hubris:TenFootPole"},{"floor":40,"key":"aspiration:AnachronicSnailShell"},{"floor":42,"key":"Kunai"},{"floor":43,"key":"Darkstone Periapt"},{"floor":45,"key":"Slimebound:PreparedRelic"},{"floor":46,"key":"HornCleat"},{"floor":48,"key":"champ:DeflectingBracers"}],"event_choices":[{"damage_healed":0,"gold_gain":0,"player_choice":"Take Damage","damage_taken":18,"relics_obtained":["Golden Idol"],"max_hp_gain":0,"max_hp_loss":0,"event_name":"Golden Idol","floor":7,"gold_loss":0},{"damage_healed":0,"gold_gain":0,"player_choice":"Bought 1 Potion","damage_taken":0,"max_hp_gain":0,"max_hp_loss":0,"event_name":"The Woman in Blue","floor":10,"gold_loss":0},{"damage_healed":0,"gold_gain":0,"player_choice":"Fought Bandits","damage_taken":0,"max_hp_gain":0,"max_hp_loss":0,"event_name":"Masked Bandits","floor":19,"gold_loss":0},{"damage_healed":0,"gold_gain":0,"player_choice":"Ignored","damage_taken":0,"max_hp_gain":0,"max_hp_loss":0,"event_name":"NoteForYourself","floor":20,"gold_loss":0},{"damage_healed":0,"gold_gain":0,"player_choice":"Gave Potion","damage_taken":0,"relics_obtained":["aspiration:FrozenJewel"],"max_hp_gain":0,"max_hp_loss":0,"event_name":"WeMeetAgain","floor":21,"gold_loss":0},{"damage_healed":0,"gold_gain":100,"player_choice":"Pray","damage_taken":0,"max_hp_gain":0,"max_hp_loss":0,"event_name":"Golden Shrine","floor":30,"gold_loss":0},{"cards_removed":["Accuracy"],"damage_healed":0,"gold_gain":0,"player_choice":"Removed Power","damage_taken":0,"max_hp_gain":0,"max_hp_loss":0,"event_name":"Falling","floor":38,"gold_loss":0},{"damage_healed":0,"gold_gain":222,"player_choice":"Wore Mask","damage_taken":0,"max_hp_gain":0,"max_hp_loss":0,"event_name":"Tomb of Lord Red Mask","floor":44,"gold_loss":0}],"is_beta":false,"boss_relics":[{"not_picked":["Coffee Dripper","sneckomod:SneckoTalon"],"picked":"SlaversCollar"},{"not_picked":["Calling Bell","Black Star"],"picked":"Fusion Hammer"}],"items_purged_floors":[],"is_endless":false,"potions_floor_spawned":[1,11,13,18,24,27,31,36,42,48],"ascension_level":0}}