{"host":"ws4mzzemcqsz5e2k","time":1611236685,"event":{"mods":["100% Spire Juice","Act Like it!","BaseMod","Better Synergies","Colored Powertips","Minty Spire (QoL Compilation)","Quick Restart","Relic Stats","StSLib","没有小屋子和绿帽子啦"],"gold_per_floor":[115,115,133,148,167,167,198,198,225,251,19,19,19],"floor_reached":12,"language":"ZHS","playtime":716,"items_purged":["Pain"],"score":88,"play_id":"d5c4b409-1aa3-443e-901c-6a8370491503","local_time":"20210121214445","daily_mods":["Heirloom","Elite Swarm","Uncertain Future"],"is_ascension_mode":false,"campfire_choices":[{"data":"Moonworks:Ambush","floor":6,"key":"SMITH"},{"floor":8,"key":"REST"}],"circlet_count":0,"master_deck":["Moonworks:Strike","Moonworks:Strike","Moonworks:Strike","Moonworks:Strike","Moonworks:Defend","Moonworks:Defend","Moonworks:Defend","Moonworks:Defend","Moonworks:Ambush+1","Moonworks:LongDistanceShot","Moonworks:FinalSurgery","Moonworks:Flamethrower","Moonworks:JonathanRush","Moonworks:Gamble+1"],"relics":["Moonworks:BrokenBomb","Moonworks:Homemark","Shovel","WarpedTongs","Molten Egg 2","Lantern","InkBottle","Bag of Preparation"],"acts_visited":["Exordium"],"potions_floor_usage":[],"damage_taken":[{"damage":2,"enemies":"2 Louse","floor":1,"turns":2},{"damage":2,"enemies":"Cultist","floor":3,"turns":3},{"damage":0,"enemies":"Jaw Worm","floor":4,"turns":1},{"damage":15,"enemies":"Blue Slaver","floor":5,"turns":4},{"damage":13,"enemies":"Gremlin Nob","floor":7,"turns":4},{"damage":13,"enemies":"3 Sentries","floor":10,"turns":6},{"damage":999,"enemies":"Lagavulin","floor":12,"turns":1}],"seed_played":"-3413481524853238379","potions_obtained":[{"floor":1,"key":"Fruit Juice"},{"floor":10,"key":"CultistPotion"}],"is_trial":true,"path_per_floor":["M","?","M","M","M","R","E","R","T","E","$","E"],"character_chosen":"THE_STARBREAKER","items_purchased":["Bag of Preparation"],"campfire_rested":1,"item_purchase_floors":[11],"current_hp_per_floor":[58,58,56,56,41,41,28,46,46,33,33,0,0],"gold":19,"neow_bonus":"","is_daily":false,"chose_seed":false,"campfire_upgraded":1,"win_rate":0.0,"timestamp":1611236685,"path_taken":["M","?","M","M","M","R","E","R","T","E","$","E"],"items_purchased_type":["Relic"],"build_version":"2020-12-22","purchased_purges":1,"victory":false,"max_hp_per_floor":[60,60,60,60,60,60,60,60,60,60,60,60,60],"relic_stats":{"Shovel":0,"counters":[7,21],"Bag of Preparation":[2],"obtain_stats":[{"Lantern":9,"Shovel":0,"Moonworks:Homemark":0,"Molten Egg 2":7,"Bag of Preparation":11,"InkBottle":10,"Moonworks:BrokenBomb":0,"WarpedTongs":2},{"Lantern":5,"Shovel":0,"Moonworks:Homemark":0,"Molten Egg 2":5,"Bag of Preparation":6,"InkBottle":6,"Moonworks:BrokenBomb":0,"WarpedTongs":1},{"Lantern":14,"Shovel":0,"Moonworks:Homemark":0,"Molten Egg 2":14,"Bag of Preparation":20,"InkBottle":20,"Moonworks:BrokenBomb":0,"WarpedTongs":2}],"InkBottle":[0],"WarpedTongs":[19]},"card_choices":[{"not_picked":["Moonworks:WindyEnchantment","Moonworks:SakisCookie"],"picked":"Moonworks:FinalSurgery","floor":1},{"not_picked":["Moonworks:BigMagnum","Moonworks:LulusLuckyEgg"],"picked":"Moonworks:Flamethrower","floor":3},{"not_picked":["Moonworks:IndiscriminateFireSupport","Moonworks:NicePresent"],"picked":"Moonworks:JonathanRush","floor":4},{"not_picked":["Moonworks:MixPhenomenon","Moonworks:Flamethrower","Moonworks:FinalSurgery"],"picked":"SKIP","floor":5},{"not_picked":["Moonworks:StarBlastingFuse","Moonworks:SinkOrSwim","Moonworks:OutOfAmmo"],"picked":"SKIP","floor":7},{"not_picked":["Moonworks:AnotherUltimateWeapon","Moonworks:OutOfAmmo"],"picked":"Moonworks:Gamble+1","floor":10}],"player_experience":1453116,"relics_obtained":[{"floor":7,"key":"Molten Egg 2"},{"floor":9,"key":"Lantern"},{"floor":10,"key":"InkBottle"}],"event_choices":[{"damage_healed":0,"gold_gain":0,"player_choice":"Rummage","damage_taken":0,"relics_obtained":["WarpedTongs"],"max_hp_gain":0,"max_hp_loss":0,"event_name":"Accursed Blacksmith","floor":2,"gold_loss":0,"cards_obtained":["Pain"]}],"is_beta":false,"boss_relics":[],"items_purged_floors":[11],"is_endless":true,"potions_floor_spawned":[1,10],"killed_by":"Lagavulin","ascension_level":0}}