{"host":"zh52cun1g5egmafn","time":1611251675,"event":{"mods":["AchievementEnabler","Arknights The Spire","BaseMod","DeckTracker","Minty Spire (QoL Compilation)","StSLib"],"gold_per_floor":[117,117,128,11,11,11,38,38,61,73,85,130,161,208,220,337,349,375,297,91,106,206,235,87,87,111,141,152,164,164,24,24,122,122,139,67,67,67,67,67,84,104,104,129,55,55,55],"floor_reached":46,"language":"KOR","playtime":1214,"items_purged":["ats:Strike G","ats:Strike C"],"score":525,"play_id":"806a3999-0bb3-4ae6-b0e4-1d1c2579965f","local_time":"20210122025435","is_ascension_mode":false,"campfire_choices":[{"data":"ats:Serious Mode","floor":6.0,"key":"SMITH"},{"data":"ats:Emotion Absorption","floor":8.0,"key":"SMITH"},{"data":"ats:Shell Defense","floor":10.0,"key":"SMITH"},{"floor":15.0,"key":"REST"},{"data":"ats:Flexible Camouflage","floor":25.0,"key":"SMITH"},{"data":"ats:Armor Crushing Shot","floor":32.0,"key":"SMITH"},{"data":"ats:Closed Bolt Burst Fire","floor":40.0,"key":"SMITH"}],"circlet_count":0,"master_deck":["ats:Armor Crushing Shot+1","ats:Defend","ats:Defend","ats:Emotion Absorption+1","ats:Closed Bolt Burst Fire+1","ats:Serious Mode+1","ats:Hammer On","ats:Shell Defense+1","ats:Thorns","ats:Flexible Camouflage+1","ats:Overload+1","ats:Calcification","ats:Rapid Magazine+1","ats:Overload+1","ats:Fractured Body","ats:Chain Hook+1","ats:Magnetic Hammer+1","ats:Charging Defense"],"relics":["ats:Sanity Plus","NeowsBlessing","ats:Originium","Du-Vu Doll","MawBank","Orichalcum","Bronze Scales","ats:Military Tradition","Vajra","Mercury Hourglass","Lee\u0027s Waffle","Molten Egg 2","Empty Cage","Question Card","Blue Candle"],"acts_visited":["Exordium","TheCity","TheBeyond"],"potions_floor_usage":[46],"damage_taken":[{"damage":0.0,"enemies":"2 Louse","floor":1.0,"turns":1.0},{"damage":0.0,"enemies":"Cultist","floor":3.0,"turns":1.0},{"damage":0.0,"enemies":"3 Sentries","floor":7.0,"turns":2.0},{"damage":3.0,"enemies":"Gremlin Nob","floor":12.0,"turns":4.0},{"damage":1.0,"enemies":"Jaw Worm","floor":13.0,"turns":3.0},{"damage":12.0,"enemies":"Lagavulin","floor":14.0,"turns":4.0},{"damage":36.0,"enemies":"The Guardian","floor":16.0,"turns":9.0},{"damage":21.0,"enemies":"2 Thieves","floor":18.0,"turns":3.0},{"damage":4.0,"enemies":"Chosen","floor":21.0,"turns":3.0},{"damage":21.0,"enemies":"Book of Stabbing","floor":23.0,"turns":3.0},{"damage":34.0,"enemies":"Slavers","floor":27.0,"turns":4.0},{"damage":3.0,"enemies":"3 Cultists","floor":28.0,"turns":4.0},{"damage":4.0,"enemies":"Cultist and Chosen","floor":29.0,"turns":5.0},{"damage":14.0,"enemies":"Collector","floor":33.0,"turns":3.0},{"damage":16.0,"enemies":"Orb Walker","floor":35.0,"turns":3.0},{"damage":36.0,"enemies":"3 Shapes","floor":41.0,"turns":3.0},{"damage":19.0,"enemies":"Maw","floor":42.0,"turns":4.0},{"damage":14,"enemies":"Nemesis","floor":44,"turns":6},{"damage":3,"enemies":"4 Shapes","floor":46,"turns":1}],"seed_played":"811203702488221073","potions_obtained":[{"floor":1.0,"key":"Energy Potion"},{"floor":3.0,"key":"CultistPotion"},{"floor":23.0,"key":"SpeedPotion"},{"floor":29.0,"key":"Explosive Potion"},{"floor":33.0,"key":"Explosive Potion"},{"floor":41.0,"key":"FearPotion"},{"floor":44,"key":"AttackPotion"}],"is_trial":false,"path_per_floor":["M","?","M","$","?","R","E","R","T","R","?","E","M","E","R","B",null,"M","?","$","M","?","E","$","R","T","E","M","M","?","$","R","B",null,"M","$","?","$","?","R","M","M","T","E","$","M"],"character_chosen":"DOCTOR_CLASS","items_purchased":["ats:Serious Mode","ats:Hammer On","Vajra","Lee\u0027s Waffle","ats:Overload+1","ats:Chain Hook+1","ats:Charging Defense"],"campfire_rested":1,"item_purchase_floors":[4,4,20,24,31,36,45],"current_hp_per_floor":[72,72,72,72,65,65,65,65,65,65,53,50,49,40,61,25,72,51,51,51,47,47,26,79,79,79,46,44,41,41,41,41,28,79,63,63,63,63,63,63,27,8,8,3,3,0,0],"gold":55,"neow_bonus":"THREE_ENEMY_KILL","is_daily":false,"chose_seed":false,"campfire_upgraded":6,"win_rate":0.0,"timestamp":1611251675,"path_taken":["M","?","?","$","?","R","E","R","T","R","?","E","M","E","R","BOSS","M","?","$","?","?","E","$","R","T","E","M","?","?","$","R","BOSS","M","$","?","$","?","R","M","M","T","E","$","M"],"items_purchased_type":["Card","Card","Relic","Relic","Card","Card","Card"],"build_version":"2020-12-22","purchased_purges":2,"victory":false,"max_hp_per_floor":[72,72,72,72,72,72,72,72,72,72,72,72,72,72,72,72,72,72,72,72,72,72,72,79,79,79,79,79,79,79,79,79,79,79,79,79,75,75,75,75,75,75,75,75,75,75,75],"card_choices":[{"not_picked":["ats:Guardian Obelisk","ats:Curse Doll","ats:Flame Of Heaven"],"picked":"SKIP","floor":1.0},{"not_picked":["ats:Assault Order","ats:Powerful Strike"],"picked":"ats:Closed Bolt Burst Fire","floor":3.0},{"not_picked":["ats:Flexible Camouflage","ats:Serious Mode"],"picked":"ats:Shell Defense","floor":7.0},{"not_picked":["ats:Flame Of Heaven","ats:Apocalypse"],"picked":"ats:Thorns","floor":12.0},{"not_picked":["ats:Apocalypse","ats:Defend Order"],"picked":"ats:Flexible Camouflage","floor":13.0},{"not_picked":["ats:Ignite","ats:Hammer On"],"picked":"ats:Overload","floor":14.0},{"not_picked":["ats:Roar Of Ursus","ats:Soul Rend"],"picked":"ats:Calcification","floor":16.0},{"not_picked":["ats:Very Hot Blade","ats:Hammer On+1","ats:Leaping Hammer"],"picked":"SKIP","floor":18.0},{"not_picked":["ats:Consecutive Shot Auto","ats:Rapid Magazine+1","ats:Hammer On"],"picked":"SKIP","floor":21.0},{"not_picked":["ats:Consecutive Shot Auto","ats:Hammer On"],"picked":"ats:Rapid Magazine+1","floor":21.0},{"not_picked":["ats:Ignite+1","ats:Hammer On+1","ats:Cat Scratch+1"],"picked":"SKIP","floor":23.0},{"not_picked":["ats:Hook Shot","ats:Thermite Blade+1","ats:Collapsing Strike+1"],"picked":"SKIP","floor":27.0},{"not_picked":["ats:Curse Doll+1","ats:Hammer On+1","ats:Neurotoxin"],"picked":"SKIP","floor":28.0},{"not_picked":["ats:Closed Bolt Burst Fire+1","ats:Ignite+1","ats:Powerful Strike+1"],"picked":"SKIP","floor":29.0},{"not_picked":["ats:Rat Pack","ats:True Silver Slash+1"],"picked":"ats:Fractured Body","floor":33.0},{"not_picked":["ats:Rapid Magazine+1","ats:Childhood Dance+1","ats:Curse Doll"],"picked":"SKIP","floor":35.0},{"not_picked":["ats:Flame Of Heaven","ats:Cat Scratch+1","ats:Very Hot Blade+1"],"picked":"SKIP","floor":41.0},{"not_picked":["ats:Powerful Strike+1","ats:Curse Doll+1","ats:Composite Medical Shells+1"],"picked":"SKIP","floor":42.0},{"not_picked":["ats:Ignite+1","ats:Shell Defense","ats:Collapsing Strike+1"],"picked":"ats:Magnetic Hammer+1","floor":44}],"player_experience":209295,"relics_obtained":[{"floor":7.0,"key":"ats:Originium"},{"floor":7.0,"key":"Du-Vu Doll"},{"floor":9.0,"key":"MawBank"},{"floor":12.0,"key":"ats:Originium"},{"floor":12.0,"key":"Bronze Scales"},{"floor":14.0,"key":"ats:Originium"},{"floor":14.0,"key":"ats:Military Tradition"},{"floor":23.0,"key":"ats:Originium"},{"floor":23.0,"key":"Mercury Hourglass"},{"floor":27.0,"key":"ats:Originium"},{"floor":27.0,"key":"Molten Egg 2"},{"floor":43.0,"key":"Question Card"},{"floor":44,"key":"Blue Candle"}],"event_choices":[{"damage_healed":0.0,"max_hp_gain":0.0,"max_hp_loss":0.0,"gold_gain":0.0,"cards_transformed":["ats:Strike V"],"event_name":"Transmorgrifier","player_choice":"Transformed","floor":2.0,"gold_loss":0.0,"damage_taken":0.0,"cards_obtained":["ats:Guardian Obelisk"]},{"cards_removed":["ats:Guardian Obelisk"],"damage_healed":0.0,"max_hp_gain":0.0,"max_hp_loss":0.0,"gold_gain":0.0,"event_name":"Golden Wing","player_choice":"Card Removal","floor":5.0,"gold_loss":0.0,"damage_taken":7.0},{"damage_healed":0.0,"max_hp_gain":0.0,"max_hp_loss":0.0,"gold_gain":0.0,"event_name":"Scrap Ooze","player_choice":"Success","floor":11.0,"gold_loss":0.0,"damage_taken":12.0,"relics_obtained":["Orichalcum"]},{"cards_removed":["ats:Strike S"],"damage_healed":0.0,"max_hp_gain":0.0,"max_hp_loss":0.0,"gold_gain":0.0,"event_name":"Designer","player_choice":"Upgrade and Remove","floor":19.0,"gold_loss":90.0,"damage_taken":0.0,"cards_upgraded":["ats:Overload"]},{"damage_healed":0.0,"max_hp_gain":0.0,"max_hp_loss":0.0,"gold_gain":100.0,"event_name":"Golden Shrine","player_choice":"Pray","floor":22.0,"gold_loss":0.0,"damage_taken":0.0},{"damage_healed":0.0,"max_hp_gain":0.0,"max_hp_loss":0.0,"gold_gain":0.0,"event_name":"The Mausoleum","player_choice":"Ignored","floor":30.0,"gold_loss":0.0,"damage_taken":0.0},{"damage_healed":0.0,"max_hp_gain":0.0,"max_hp_loss":4.0,"gold_gain":0.0,"event_name":"Winding Halls","player_choice":"Max HP","floor":37.0,"gold_loss":0.0,"damage_taken":0.0},{"damage_healed":0.0,"max_hp_gain":0.0,"max_hp_loss":0.0,"gold_gain":0.0,"event_name":"Match and Keep!","player_choice":"0 cards matched","floor":39.0,"gold_loss":0.0,"damage_taken":0.0,"cards_obtained":[]}],"is_beta":false,"boss_relics":[{"not_picked":["Coffee Dripper","Calling Bell"],"picked":"ats:Sanity Plus"},{"not_picked":["Runic Pyramid","Astrolabe"],"picked":"Empty Cage"}],"items_purged_floors":[20,31],"is_endless":false,"potions_floor_spawned":[1,3,23,29,33,41,44],"killed_by":"4 Shapes","ascension_level":0}}