{"host":"zekcc3vicrep0och","time":1611251956,"event":{"mods":["AchievementEnabler","BaseMod","Colored Map","Colored Powertips","Displayed Cursed Tome","Highlight Path","Minty Spire (QoL Compilation)","Quick Restart","Relic Stats","StSLib","The Cursed"],"gold_per_floor":[116,116,12,23,41,76,76,108,178,192,172,204,204,235,235,311,311,331,331,347,115,127,159,159,186,186,186,186,217,233,246,246,324,324,341,394,58,58,68,68,93,120,120,135,161,173,206,216,216,216],"floor_reached":51,"language":"ENG","playtime":4511,"items_purged":["Strike_P","Strike_P","Defend_P"],"score":1690,"play_id":"6b8400c7-03f1-4fdb-954d-8ce26390ae4f","local_time":"20210121205916","is_ascension_mode":true,"campfire_choices":[{"data":"Eruption","floor":7.0,"key":"SMITH"},{"data":"TalkToTheHand","floor":13.0,"key":"SMITH"},{"data":"SandsOfTime","floor":15.0,"key":"SMITH"},{"data":"Prostrate","floor":24.0,"key":"SMITH"},{"data":"Halt","floor":27.0,"key":"SMITH"},{"data":"CrushJoints","floor":32.0,"key":"SMITH"},{"data":"WaveOfTheHand","floor":40.0,"key":"SMITH"},{"floor":49,"key":"DIG"}],"circlet_count":0,"master_deck":["AscendersBane","Strike_P+1","Defend_P+1","Defend_P+1","Eruption+1","Vigilance+1","FollowUp+1","EmptyBody+1","FollowUp+1","TalkToTheHand+1","SpiritShield+1","Prostrate+1","SandsOfTime+1","LessonLearned+1","Prostrate+1","BowlingBash+1","WreathOfFlame+1","Adaptation+1","Indignation+1","Halt+1","MentalFortress+1","CrushJoints+1","Ragnarok+1","DeceiveReality+1","EmptyFist+1","SpiritShield+1","Meditate+1","TalkToTheHand+1","WaveOfTheHand+1","Study+1","FlurryOfBlows","Writhe","FlurryOfBlows+1","LikeWater+1"],"relics":["Runic Pyramid","Meat on the Bone","Unceasing Top","Ancient Tea Set","Ornamental Fan","CaptainsWheel","War Paint","Black Star","Orichalcum","Frozen Egg 2","Smiling Mask","Sundial","CloakClasp","Shovel","Blue Candle","Astrolabe","Mango","Bottled Tornado","Akabeko","Pear","Blood Vial","Bottled Flame","Incense Burner","Pantograph","Ice Cream"],"acts_visited":["TheCity","TheBeyond"],"potions_floor_usage":[50,50],"damage_taken":[{"damage":0.0,"enemies":"Cultist","floor":1.0,"turns":3.0},{"damage":1.0,"enemies":"2 Louse","floor":4.0,"turns":3.0},{"damage":0.0,"enemies":"Small Slimes","floor":5.0,"turns":2.0},{"damage":7.0,"enemies":"3 Sentries","floor":6.0,"turns":8.0},{"damage":15.0,"enemies":"Gremlin Nob","floor":8.0,"turns":4.0},{"damage":0.0,"enemies":"Gremlin Gang","floor":10.0,"turns":5.0},{"damage":0.0,"enemies":"Lagavulin","floor":12.0,"turns":5.0},{"damage":15.0,"enemies":"3 Sentries","floor":14.0,"turns":6.0},{"damage":6.0,"enemies":"Hexaghost","floor":16.0,"turns":10.0},{"damage":11.0,"enemies":"2 Thieves","floor":18.0,"turns":4.0},{"damage":0.0,"enemies":"Spheric Guardian","floor":20.0,"turns":7.0},{"damage":2.0,"enemies":"Centurion and Healer","floor":22.0,"turns":4.0},{"damage":19.0,"enemies":"Slavers","floor":23.0,"turns":6.0},{"damage":28.0,"enemies":"Book of Stabbing","floor":25.0,"turns":5.0},{"damage":0.0,"enemies":"Gremlin Leader","floor":29.0,"turns":6.0},{"damage":0.0,"enemies":"Snecko","floor":30.0,"turns":5.0},{"damage":0.0,"enemies":"Sentry and Sphere","floor":31.0,"turns":5.0},{"damage":23.0,"enemies":"Collector","floor":33.0,"turns":9.0},{"damage":2.0,"enemies":"3 Shapes","floor":35.0,"turns":5.0},{"damage":33.0,"enemies":"2 Orb Walkers","floor":36.0,"turns":6.0},{"damage":2.0,"enemies":"3 Darklings","floor":39.0,"turns":5.0},{"damage":33.0,"enemies":"Reptomancer","floor":41.0,"turns":10.0},{"damage":10.0,"enemies":"Transient","floor":44.0,"turns":6.0},{"damage":15.0,"enemies":"Giant Head","floor":45.0,"turns":7.0},{"damage":1.0,"enemies":"Spire Growth","floor":46.0,"turns":4.0},{"damage":0.0,"enemies":"Nemesis","floor":47.0,"turns":5.0},{"damage":8,"enemies":"Maw","floor":48,"turns":7},{"damage":51,"enemies":"Awakened One","floor":50,"turns":11}],"seed_played":"7640832568514138172","potions_obtained":[{"floor":1.0,"key":"Strength Potion"},{"floor":10.0,"key":"GamblersBrew"},{"floor":11.0,"key":"Weak Potion"},{"floor":14.0,"key":"DuplicationPotion"},{"floor":16.0,"key":"Explosive Potion"},{"floor":18.0,"key":"AttackPotion"},{"floor":23.0,"key":"Regen Potion"},{"floor":29.0,"key":"DistilledChaos"},{"floor":39.0,"key":"FearPotion"},{"floor":44.0,"key":"EntropicBrew"},{"floor":46.0,"key":"EssenceOfSteel"},{"floor":47.0,"key":"PowerPotion"}],"is_trial":false,"path_per_floor":["M","T","$","M","M","E","R","E","T","M","?","E","R","E","R","B",null,"M","?","M","$","M","E","R","E","T","R","?","E","M","M","R","B",null,"M","?","$","?","M","R","E","T","T","M","E","M","E","M","R","B",null],"character_chosen":"WATCHER","items_purchased":["EmptyBody","WreathOfFlame","Weak Potion","TalkToTheHand","WaveOfTheHand","Study+1","FlurryOfBlows"],"campfire_rested":0,"item_purchase_floors":[3,21,21,37,37,37,37],"current_hp_per_floor":[61,61,61,60,60,53,53,38,38,38,38,38,38,35,35,41,61,50,31,43,43,41,34,34,32,32,32,20,32,44,44,44,33,63,61,54,54,71,69,69,48,48,58,60,57,58,60,54,54,42],"gold":216,"neow_bonus":"BOSS_RELIC","is_daily":false,"chose_seed":false,"campfire_upgraded":7,"win_rate":0.0,"timestamp":1611251956,"path_taken":["M","?","$","M","M","E","R","E","T","M","?","E","R","E","R","BOSS","M","?","M","$","M","E","R","E","T","R","?","E","?","M","R","BOSS","M","?","$","?","M","R","E","?","T","?","E","M","E","M","R","BOSS"],"items_purchased_type":["Card","Card","Potion","Card","Card","Card","Card"],"build_version":"2020-12-22","purchased_purges":3,"victory":true,"max_hp_per_floor":[68,68,68,68,68,68,68,68,68,68,68,68,68,68,68,68,68,68,73,73,73,73,73,73,73,73,73,73,73,73,73,73,73,73,73,87,87,87,87,87,87,87,97,97,97,97,97,97,97,97],"relic_stats":{"counters":[28,163],"Blue Candle":[8],"Astrolabe":["DeceiveReality","EmptyFist","SpiritShield"],"CloakClasp":[388],"War Paint":["Defend_P","Vigilance"],"Orichalcum":[24],"Smiling Mask":75,"Blood Vial":8,"Shovel":1,"Ornamental Fan":[244],"Sundial":[4],"Pantograph":25,"Black Star":6,"obtain_stats":[{"Ice Cream":49,"Mango":36,"CloakClasp":26,"Incense Burner":47,"Bottled Tornado":41,"Ancient Tea Set":8,"Smiling Mask":25,"Blood Vial":45,"Shovel":29,"Sundial":25,"Pantograph":47,"Runic Pyramid":0,"Pear":43,"Blue Candle":29,"Astrolabe":34,"War Paint":14,"Orichalcum":23,"Frozen Egg 2":23,"Akabeko":42,"CaptainsWheel":12,"Bottled Flame":45,"Ornamental Fan":9,"Black Star":17,"PureWater":0,"Unceasing Top":6,"Meat on the Bone":2},{"Ice Cream":27,"Mango":20,"CloakClasp":14,"Incense Burner":26,"Bottled Tornado":22,"Ancient Tea Set":5,"Smiling Mask":14,"Blood Vial":24,"Shovel":15,"Sundial":14,"Pantograph":26,"Runic Pyramid":0,"Pear":22,"Blue Candle":15,"Astrolabe":18,"War Paint":8,"Orichalcum":13,"Frozen Egg 2":13,"Akabeko":22,"CaptainsWheel":7,"Bottled Flame":24,"Ornamental Fan":5,"Black Star":9,"PureWater":0,"Unceasing Top":4,"Meat on the Bone":1},{"Ice Cream":152,"Mango":108,"CloakClasp":72,"Incense Burner":145,"Bottled Tornado":123,"Ancient Tea Set":20,"Smiling Mask":72,"Blood Vial":136,"Shovel":78,"Sundial":72,"Pantograph":145,"Runic Pyramid":0,"Pear":123,"Blue Candle":78,"Astrolabe":97,"War Paint":36,"Orichalcum":67,"Frozen Egg 2":67,"Akabeko":123,"CaptainsWheel":30,"Bottled Flame":136,"Ornamental Fan":20,"Black Star":46,"PureWater":0,"Unceasing Top":16,"Meat on the Bone":3}],"Unceasing Top":[3],"Meat on the Bone":156},"card_choices":[{"not_picked":["Meditate","Crescendo"],"picked":"FollowUp","floor":1.0},{"not_picked":["ClearTheMind","ThirdEye"],"picked":"FollowUp","floor":4.0},{"not_picked":["ThirdEye","Protect","EmptyBody"],"picked":"SKIP","floor":5.0},{"not_picked":["FlyingSleeves","Halt"],"picked":"TalkToTheHand","floor":6.0},{"not_picked":["Conclude","Sanctity"],"picked":"SpiritShield","floor":8.0},{"not_picked":["Prostrate","ForeignInfluence"],"picked":"BowlingBash","floor":10.0},{"not_picked":["BowlingBash","EmptyFist"],"picked":"Prostrate","floor":12.0},{"not_picked":["Omniscience","WreathOfFlame"],"picked":"SandsOfTime","floor":14.0},{"not_picked":["ConjureBlade","Vault"],"picked":"LessonLearned","floor":16.0},{"not_picked":["Vengeance","Protect"],"picked":"Prostrate","floor":18.0},{"not_picked":["Nirvana","CrushJoints"],"picked":"BowlingBash+1","floor":20.0},{"not_picked":["PathToVictory","JustLucky"],"picked":"Adaptation","floor":22.0},{"not_picked":["CutThroughFate+1","Wallop"],"picked":"Indignation+1","floor":23.0},{"not_picked":["EmptyFist","Consecrate"],"picked":"Halt","floor":25.0},{"not_picked":["Establishment+1","ClearTheMind"],"picked":"MentalFortress+1","floor":29.0},{"not_picked":["PathToVictory","ThirdEye","BowlingBash"],"picked":"SKIP","floor":30.0},{"not_picked":["Consecrate","Wireheading+1"],"picked":"CrushJoints","floor":31.0},{"not_picked":["SpiritShield","Establishment+1"],"picked":"Ragnarok","floor":33.0},{"not_picked":["ClearTheMind","Consecrate"],"picked":"Meditate","floor":35.0},{"not_picked":["ThirdEye","EmptyFist"],"picked":"FlurryOfBlows+1","floor":39.0},{"not_picked":["Worship","Nirvana+1","FlurryOfBlows"],"picked":"SKIP","floor":41.0},{"not_picked":["Crescendo","SandsOfTime","CarveReality"],"picked":"SKIP","floor":44.0},{"not_picked":["EmptyFist","WaveOfTheHand","ClearTheMind"],"picked":"SKIP","floor":45.0},{"not_picked":["SashWhip","DeceiveReality"],"picked":"LikeWater+1","floor":46.0},{"not_picked":["FlyingSleeves","Scrawl","Consecrate"],"picked":"SKIP","floor":47.0},{"not_picked":["FollowUp","Prostrate","JustLucky"],"picked":"SKIP","floor":48}],"player_experience":544014,"relics_obtained":[{"floor":2.0,"key":"Meat on the Bone"},{"floor":6.0,"key":"Unceasing Top"},{"floor":8.0,"key":"Ancient Tea Set"},{"floor":9.0,"key":"Ornamental Fan"},{"floor":12.0,"key":"CaptainsWheel"},{"floor":14.0,"key":"War Paint"},{"floor":23.0,"key":"Orichalcum"},{"floor":23.0,"key":"Frozen Egg 2"},{"floor":25.0,"key":"Smiling Mask"},{"floor":25.0,"key":"Sundial"},{"floor":26.0,"key":"CloakClasp"},{"floor":29.0,"key":"Shovel"},{"floor":29.0,"key":"Blue Candle"},{"floor":36.0,"key":"Mango"},{"floor":41.0,"key":"Bottled Tornado"},{"floor":42.0,"key":"Akabeko"},{"floor":43.0,"key":"Pear"},{"floor":45.0,"key":"Blood Vial"},{"floor":45.0,"key":"Bottled Flame"},{"floor":47.0,"key":"Incense Burner"},{"floor":47.0,"key":"Pantograph"},{"floor":49,"key":"Ice Cream"}],"event_choices":[{"damage_healed":0.0,"max_hp_gain":0.0,"max_hp_loss":0.0,"gold_gain":0.0,"event_name":"The Woman in Blue","player_choice":"Bought 1 Potion","floor":11.0,"gold_loss":0.0,"damage_taken":0.0},{"damage_healed":0.0,"max_hp_gain":5.0,"max_hp_loss":0.0,"gold_gain":0.0,"event_name":"Forgotten Altar","player_choice":"Shed Blood","floor":19.0,"gold_loss":0.0,"damage_taken":24.0},{"damage_healed":0.0,"max_hp_gain":0.0,"max_hp_loss":0.0,"gold_gain":0.0,"event_name":"Knowing Skull","player_choice":"POTION ","floor":28.0,"potions_obtained":["Block Potion"],"gold_loss":0.0,"damage_taken":12.0,"cards_obtained":[]},{"damage_healed":0.0,"max_hp_gain":0.0,"max_hp_loss":0.0,"gold_gain":0.0,"event_name":"Mysterious Sphere","player_choice":"Fight","floor":36.0,"gold_loss":0.0,"damage_taken":0.0},{"damage_healed":17.0,"max_hp_gain":0.0,"max_hp_loss":0.0,"gold_gain":0.0,"event_name":"Winding Halls","player_choice":"Writhe","floor":38.0,"gold_loss":0.0,"damage_taken":0.0,"cards_obtained":["Writhe"]}],"is_beta":false,"boss_relics":[{"not_picked":["Tiny House","Empty Cage"],"picked":"Black Star"},{"not_picked":["Busted Crown","Fusion Hammer"],"picked":"Astrolabe"}],"items_purged_floors":[3,21,37],"is_endless":false,"potions_floor_spawned":[1,10,14,16,18,23,29,39,44,46,47,48],"ascension_level":17}}