{"host":"zxd2l8an9de7z7b9","time":1611226906,"event":{"mods":["100% Spire Juice","2.2 Compatiblity","Arknights The Spire","BaseMod","CapriCore","Colored Map","Colored Powertips","GungeonMod","Minty Spire (QoL Compilation)","Rare Cards Sparkle","Replay The Spire","StSLib","SuperFastMode"],"gold_per_floor":[115,40,56,131,147,147,159,159,159,159,178,207,157,167,167,167,167],"floor_reached":16,"language":"KOR","playtime":501,"items_purged":["DemoMod:Strike_Huntress"],"score":92,"play_id":"27219af4-f3af-4a10-9741-c0cc2886bd35","local_time":"20210121200146","is_ascension_mode":false,"campfire_choices":[{"data":"DemoMod:TeaPot","floor":6,"key":"SMITH"},{"data":"DemoMod:ManualReload","floor":10,"key":"SMITH"},{"data":"DemoMod:PotionOfGunFriendShip","floor":15,"key":"SMITH"}],"circlet_count":0,"master_deck":["DemoMod:Strike_Huntress","DemoMod:Defend_Huntress","DemoMod:Defend_Huntress","DemoMod:Defend_Huntress","DemoMod:Roll","DemoMod:ManualReload+1","DemoMod:RustySidearm","DemoMod:CrossBow","DemoMod:ThirdPartyController","DemoMod:HardPowerCard","DemoMod:TeaPot+1","DemoMod:GunstockTap","DemoMod:Camera","DemoMod:StickyCrossBow+1","DemoMod:DoubleSwitch","DemoMod:SAA","DemoMod:PotionOfGunFriendShip+1"],"relics":["DemoMod:Dog","DemoMod:AgedBell"],"acts_visited":["Exordium"],"potions_floor_usage":[11,14,16],"damage_taken":[{"damage":5,"enemies":"Small Slimes","floor":1,"turns":3},{"damage":1,"enemies":"2 Louse","floor":3,"turns":2},{"damage":0,"enemies":"Jaw Worm","floor":5,"turns":2},{"damage":0,"enemies":"3 Louse","floor":7,"turns":2},{"damage":5,"enemies":"Large Slime","floor":11,"turns":4},{"damage":6,"enemies":"Exordium Thugs","floor":14,"turns":4},{"damage":18,"enemies":"Hexaghost","floor":16,"turns":4}],"seed_played":"-4724383722844370279","potions_obtained":[{"floor":3,"key":"Energy Potion"},{"floor":12,"key":"AttackPotion"},{"floor":12,"key":"Toxic Potion"},{"floor":12,"key":"Flashbang"}],"is_trial":false,"path_per_floor":["M","$","M","?","M","R","M","?","T","R","M","?","?","M","R","B"],"character_chosen":"HUNTRESS","items_purchased":[],"campfire_rested":0,"item_purchase_floors":[],"current_hp_per_floor":[65,65,64,53,53,53,53,53,53,53,48,31,31,25,25,7,7],"gold":167,"neow_bonus":"ONE_RANDOM_RARE_CARD","is_daily":false,"chose_seed":false,"campfire_upgraded":3,"win_rate":0.0,"timestamp":1611226906,"path_taken":["M","$","M","?","M","R","M","?","T","R","M","?","?","M","R","BOSS"],"items_purchased_type":[],"build_version":"2020-12-22","purchased_purges":1,"victory":false,"max_hp_per_floor":[70,70,70,70,70,70,70,70,70,70,70,70,70,70,70,70,70],"card_choices":[{"not_picked":["DemoMod:StickyCrossBow","DemoMod:Ejector"],"picked":"DemoMod:HardPowerCard","floor":1},{"not_picked":["DemoMod:ConditionalReflex","DemoMod:SAA"],"picked":"DemoMod:TeaPot","floor":3},{"not_picked":["DemoMod:ConditionalReflex","DemoMod:Ejector"],"picked":"DemoMod:GunstockTap","floor":5},{"not_picked":["DemoMod:AbyssalTentacle","DemoMod:AWP"],"picked":"DemoMod:Camera","floor":7},{"not_picked":["DemoMod:StickyCrossBow","DemoMod:SpreadAmmo"],"picked":"DemoMod:DoubleSwitch","floor":11},{"not_picked":["DemoMod:DirectionalPad","DemoMod:GunShield"],"picked":"DemoMod:SAA","floor":12},{"not_picked":["DemoMod:Camera","DemoMod:GunstockTap"],"picked":"DemoMod:PotionOfGunFriendShip","floor":14}],"player_experience":352134,"relics_obtained":[{"floor":9,"key":"DemoMod:AgedBell"}],"event_choices":[{"damage_healed":0,"gold_gain":75,"player_choice":"Gather Gold","damage_taken":11,"max_hp_gain":0,"max_hp_loss":0,"event_name":"World of Goop","floor":4,"gold_loss":0},{"cards_removed":["DemoMod:Strike_Huntress"],"damage_healed":0,"gold_gain":0,"player_choice":"Card Removal","damage_taken":0,"max_hp_gain":0,"max_hp_loss":0,"event_name":"The Cleric","floor":13,"gold_loss":50}],"is_beta":false,"boss_relics":[],"items_purged_floors":[2],"is_endless":false,"potions_floor_spawned":[3],"killed_by":"Hexaghost","ascension_level":0}}