{"host":"r10yh36zs2k9z1sa","time":1611238562,"event":{"mods":["Astrologer","BaseMod","Colored Map","Hermit","Marisa¡]Ãú«B¡@Å]²z¨F¡^","Minty Spire (QoL Compilation)","Permanent Neow","Remilia¡]Á¢¦Ì²ú?¡^","StSLib","The Animator","The Bug Knight","The Cursed","The Gatherer","The Hierophant","The Necromancer","The Runesmith","The Servant 0.9.4"],"gold_per_floor":[120,148,148,177,24,71,71,111,111,158,205,250,250,10,10,118,118],"floor_reached":16,"language":"ZHS","playtime":1119,"items_purged":[],"score":204,"play_id":"a2ae3a12-a2c3-4eca-b76e-3d25486b141f","local_time":"20210121221602","is_ascension_mode":false,"campfire_choices":[{"data":"hierophant:DeathKnell","floor":7,"key":"SMITH"},{"data":"hierophant:ChurchCoffers","floor":15,"key":"SMITH"}],"circlet_count":0,"master_deck":["hierophant:Strike_Hierophant","hierophant:Strike_Hierophant","hierophant:Strike_Hierophant","hierophant:Strike_Hierophant","hierophant:Punish","hierophant:Defend_Hierophant","hierophant:Defend_Hierophant","hierophant:Defend_Hierophant","hierophant:Defend_Hierophant","hierophant:ChurchCoffers+1","hierophant:Generosity","hierophant:Doubloon","hierophant:OrnateJavelin","hierophant:RustyCrate","hierophant:Doubloon","hierophant:Doubloon","hierophant:HolyVerse","hierophant:PassingBell","hierophant:Doubloon","hierophant:Embezzle","Flash of Steel","hierophant:MintersHammer"],"relics":["hierophant:PropheticMaskRelic","Tiny Chest","Medical Kit","Strawberry","Du-Vu Doll","Toolbox"],"acts_visited":["Exordium"],"potions_floor_usage":[10,11,16],"damage_taken":[{"damage":1,"enemies":"Cultist","floor":1,"turns":3},{"damage":0,"enemies":"2 Louse","floor":2,"turns":2},{"damage":0,"enemies":"Small Slimes","floor":4,"turns":5},{"damage":34,"enemies":"Gremlin Nob","floor":6,"turns":5},{"damage":16,"enemies":"Exordium Thugs","floor":8,"turns":5},{"damage":0,"enemies":"Large Slime","floor":10,"turns":5},{"damage":32,"enemies":"Exordium Wildlife","floor":11,"turns":6},{"damage":6,"enemies":"Red Slaver","floor":12,"turns":4},{"damage":77,"enemies":"Hexaghost","floor":16,"turns":10}],"seed_played":"6610245165974600411","potions_obtained":[{"floor":1,"key":"Regen Potion"},{"floor":6,"key":"Fruit Juice"},{"floor":11,"key":"Regen Potion"},{"floor":12,"key":"CultistPotion"}],"is_trial":false,"path_per_floor":["M","M","T","M","$","E","R","M","T","M","M","M","?","$","R","B"],"character_chosen":"HIEROPHANT","items_purchased":["Medical Kit","Toolbox","Flash of Steel"],"campfire_rested":0,"item_purchase_floors":[5,14,14],"current_hp_per_floor":[74,74,74,74,74,47,47,31,31,36,19,13,97,97,97,20,20],"gold":118,"neow_bonus":"ONE_RANDOM_RARE_CARD","is_daily":false,"chose_seed":false,"campfire_upgraded":2,"win_rate":0.0,"timestamp":1611238562,"path_taken":["M","M","?","M","$","E","R","M","T","M","?","M","?","?","R","BOSS"],"items_purchased_type":["Relic","Relic","Card"],"build_version":"2020-12-22","purchased_purges":0,"victory":false,"max_hp_per_floor":[75,75,75,75,75,82,82,82,82,87,87,87,97,97,97,97,97],"card_choices":[{"not_picked":["hierophant:Shelter","hierophant:Doubloon"],"picked":"hierophant:OrnateJavelin","floor":1},{"not_picked":["hierophant:Shelter","hierophant:Martyrdom"],"picked":"hierophant:RustyCrate","floor":2},{"not_picked":["hierophant:Rebuild","hierophant:Smite"],"picked":"hierophant:HolyVerse","floor":4},{"not_picked":["hierophant:Bribe","hierophant:RecallFunds"],"picked":"hierophant:DeathKnell","floor":6},{"not_picked":["hierophant:Smite","hierophant:RustyCrate"],"picked":"hierophant:PassingBell","floor":8},{"not_picked":["hierophant:ThreeLashes","hierophant:Purify","hierophant:PassingBell"],"picked":"SKIP","floor":10},{"not_picked":["hierophant:DisplayOfPower","hierophant:Prophecy"],"picked":"hierophant:Doubloon","floor":11},{"not_picked":["hierophant:AuricBeam","hierophant:RepressedViolence"],"picked":"hierophant:Embezzle","floor":12},{"not_picked":["hierophant:Cornucopia","hierophant:Generosity"],"picked":"hierophant:MintersHammer","floor":16}],"player_experience":283312,"relics_obtained":[{"floor":3,"key":"Tiny Chest"},{"floor":6,"key":"Strawberry"},{"floor":9,"key":"Du-Vu Doll"}],"event_choices":[{"cards_removed":["hierophant:DeathKnell"],"damage_healed":74,"gold_gain":0,"player_choice":"Offered Rare","damage_taken":0,"max_hp_gain":10,"max_hp_loss":0,"event_name":"Bonfire Elementals","floor":13,"gold_loss":0}],"is_beta":false,"boss_relics":[],"items_purged_floors":[],"is_endless":false,"potions_floor_spawned":[1,6,11,12],"killed_by":"Hexaghost","ascension_level":0}}