{"host":"tyeg9214rgutn7tb","time":1611262819,"event":{"mods":["BaseMod","Colored Map","Custom Start","Downfall","Minty Spire (QoL Compilation)","StSLib"],"gold_per_floor":[99,112,126,142,142,171,247,257,267,717,717,750,650,115,126,224,224,224,234,119,119,119,129,129,78,78,78,78,78],"floor_reached":27,"language":"ENG","playtime":1000,"items_purged":["downfall:Icky","downfall:Icky"],"score":309,"play_id":"8763ded5-fd6d-467b-a5ef-ade512f80f6a","local_time":"20210121220019","is_ascension_mode":true,"campfire_choices":[{"floor":11,"key":"REST"},{"data":"Discovery","floor":13,"key":"SMITH"},{"floor":18,"key":"RECALL"}],"circlet_count":0,"master_deck":["sneckomod:Strike","sneckomod:Strike+1","sneckomod:Strike","sneckomod:Defend","sneckomod:Defend","sneckomod:Defend","sneckomod:TailWhip","sneckomod:SnekBite","sneckomod:Unknown","Discovery+1","BowlingBash","sneckomod:WideSting+1","sneckomod:UnknownX","sneckomod:SlitherStrike","sneckomod:UnknownStrike","sneckomod:UnknownClassCrowbot","sneckomod:UnknownColorless","downfall:Icky","sneckomod:UnknownUncommonPower","sneckomod:Unknown1Cost","sneckomod:UnknownBoss","sneckomod:UnknownBoss","sneckomod:DiceBlock+1","sneckomod:UnknownClassTHE_CHAMP_GRAY+1","sneckomod:UnknownClassSLIMEBOUND+1","sneckomod:DiceBlock","sneckomod:UnknownVulnerable","sneckomod:UnknownStrength"],"relics":["sneckomod:SneckoSoul","Whetstone","Meat on the Bone","White Beast Statue","downfall:HeartBlessingGreen","Omamori","champ:DuelingGlove","Philosopher\u0027s Stone","sneckomod:BabySnecko"],"acts_visited":["Exordium","TheCity"],"potions_floor_usage":[6,12,12,16,16,16,19,25,25,27,27],"damage_taken":[{"damage":7,"enemies":"Jaw Worm","floor":2,"turns":3},{"damage":7,"enemies":"2 Louse","floor":3,"turns":2},{"damage":2,"enemies":"Small Slimes","floor":4,"turns":4},{"damage":11,"enemies":"Gremlin Nob","floor":6,"turns":3},{"damage":5,"enemies":"2 Fungi Beasts","floor":8,"turns":3},{"damage":19,"enemies":"Exordium Thugs","floor":9,"turns":3},{"damage":20,"enemies":"3 Sentries","floor":12,"turns":4},{"damage":5,"enemies":"downfall:FleeingMerchant","floor":14,"turns":4},{"damage":17,"enemies":"Blue Slaver","floor":15,"turns":4},{"damage":48,"enemies":"SI_SHIV_ARCHETYPE","floor":16,"turns":6},{"damage":18,"enemies":"3 Byrds","floor":19,"turns":3},{"damage":2,"enemies":"downfall:FleeingMerchant","floor":20,"turns":4},{"damage":0,"enemies":"Chosen","floor":21,"turns":1},{"damage":0,"enemies":"Snecko","floor":23,"turns":2},{"damage":25,"enemies":"downfall:FleeingMerchant","floor":25,"turns":4},{"damage":40,"enemies":"Slavers","floor":27,"turns":3}],"seed_played":"449961003221673329","potions_obtained":[{"floor":2,"key":"LiquidMemories"},{"floor":6,"key":"sneckomod:OffclassReductionPotion"},{"floor":8,"key":"Energy Potion"},{"floor":9,"key":"Fire Potion"},{"floor":14,"key":"Explosive Potion"},{"floor":15,"key":"DistilledChaos"},{"floor":16,"key":"DistilledChaos"},{"floor":19,"key":"GamblersBrew"},{"floor":20,"key":"ColorlessPotion"},{"floor":21,"key":"Fire Potion"},{"floor":23,"key":"DistilledChaos"},{"floor":25,"key":"Strength Potion"}],"is_trial":false,"path_per_floor":["R","M","M","M","?","E","T","M","M","?","R","E","R","$","M","B",null,"R","M","$","M","?","M","T","$","?","E"],"character_chosen":"THE_SNECKO","items_purchased":["Omamori","champ:DuelingGlove","sneckomod:UnknownStrength"],"campfire_rested":1,"item_purchase_floors":[14,14,25],"current_hp_per_floor":[81,74,67,65,65,54,54,49,42,42,69,49,49,63,46,20,73,73,55,53,53,53,53,53,40,40,0,0,0],"gold":78,"neow_bonus":"RANDOM_COLORLESS","is_daily":false,"chose_seed":false,"campfire_upgraded":1,"win_rate":0.0,"timestamp":1611262819,"path_taken":["R","M","M","M","?","E","T","M","M","?","R","E","R","$","M","BOSS","R","M","$","M","?","M","T","$","?","E"],"items_purchased_type":["Relic","Relic","Card"],"build_version":"2020-12-22","purchased_purges":2,"victory":false,"max_hp_per_floor":[90,90,90,90,90,90,90,90,90,90,90,90,90,90,90,90,90,90,90,90,90,90,90,90,90,90,90,90,90],"card_choices":[{"not_picked":["Blind","Forethought"],"picked":"Discovery","floor":0},{"not_picked":["sneckomod:QuickBite","sneckomod:UnknownCommonSkill"],"picked":"sneckomod:WideSting","floor":2},{"not_picked":["sneckomod:UnknownUncommonSkill","sneckomod:UnknownUncommonAttack"],"picked":"sneckomod:UnknownX","floor":3},{"not_picked":["sneckomod:UnknownClassRED","sneckomod:Unknown0Cost"],"picked":"sneckomod:SlitherStrike","floor":4},{"not_picked":["sneckomod:DefensiveFlair","sneckomod:SoulRoll"],"picked":"sneckomod:UnknownStrike","floor":6},{"not_picked":["sneckomod:UnknownClassPURPLE","sneckomod:DiceBlock"],"picked":"sneckomod:UnknownClassCrowbot","floor":8},{"not_picked":["sneckomod:UnknownClassGREEN","sneckomod:UnknownClassCrowbot"],"picked":"sneckomod:UnknownColorless","floor":9},{"not_picked":["sneckomod:QuickMove","sneckomod:UnknownClassBLUE"],"picked":"sneckomod:UnknownUncommonPower","floor":12},{"not_picked":["sneckomod:DefensiveFlair","sneckomod:QuickMove"],"picked":"sneckomod:Unknown1Cost","floor":14},{"not_picked":["sneckomod:UnknownClassHEXA_GHOST_PURPLE","sneckomod:ImprovisedGuard"],"picked":"sneckomod:UnknownBoss","floor":15},{"not_picked":["sneckomod:SoulExchange","sneckomod:Mudshield"],"picked":"sneckomod:UnknownBoss","floor":16},{"not_picked":["sneckomod:PureSnecko+1","sneckomod:UnknownDexterity"],"picked":"sneckomod:DiceBlock+1","floor":19},{"not_picked":["sneckomod:UnknownClassSLIMEBOUND","sneckomod:SoulRoll"],"picked":"sneckomod:UnknownClassTHE_CHAMP_GRAY+1","floor":20},{"not_picked":["sneckomod:DiceBoulder","sneckomod:Nope"],"picked":"sneckomod:UnknownClassSLIMEBOUND+1","floor":21},{"not_picked":["sneckomod:UnknownClassBLUE","sneckomod:ImprovisedAttack+1"],"picked":"sneckomod:DiceBlock","floor":23},{"not_picked":["sneckomod:Unknown1Cost","sneckomod:Nope"],"picked":"sneckomod:UnknownVulnerable","floor":25}],"player_experience":708986,"relics_obtained":[{"floor":6,"key":"Whetstone"},{"floor":7,"key":"Meat on the Bone"},{"floor":12,"key":"White Beast Statue"}],"event_choices":[{"damage_healed":0,"gold_gain":0,"player_choice":"Ignored","damage_taken":0,"max_hp_gain":0,"max_hp_loss":0,"event_name":"Vampires","floor":26,"gold_loss":0}],"is_beta":false,"boss_relics":[{"not_picked":["Fusion Hammer","Empty Cage"],"picked":"Philosopher\u0027s Stone"}],"items_purged_floors":[14,20],"is_endless":false,"potions_floor_spawned":[2,6,8,9,14,15,16,19,20,21,23,25],"killed_by":"Slavers","ascension_level":8}}