{"host":"8aoim7owc9xd4zca","time":1611210281,"event":{"mods":["AchievementEnabler","BaseMod","Better Altar","Better Match","Better Note","Better Sensory Stone","Better Skull","Better Third Choice","Colored Powertips","Duelist Mod","Highlight Path","Minty Spire (QoL Compilation)","Permanent Neow","Quick Restart","RNG Fix","Rare Cards Sparkle","Replay The Spire","StSLib","SuperFastMode","The Jungle"],"gold_per_floor":[387,436,511,238,413,413,443,443,443,475,485,485,1,11,11,116,116],"floor_reached":16,"language":"ENG","playtime":1305,"items_purged":["Strike_G"],"score":206,"play_id":"78f877d6-f35c-44b1-90dc-2500329dd2c8","local_time":"20210120222441","is_ascension_mode":false,"campfire_choices":[{"floor":6,"key":"REST"},{"floor":8,"key":"RECALL"},{"data":"theDuelist:CastleDragonSouls","floor":12,"key":"SMITH"},{"data":"theDuelist:RedMedicine","floor":15,"key":"SMITH"}],"circlet_count":0,"master_deck":["theDuelist:BabyDragon","theDuelist:CastleWalls","theDuelist:CastleWalls","theDuelist:CaveDragon","theDuelist:CaveDragon","theDuelist:LesserDragon","theDuelist:LesserDragon","theDuelist:Sparks","theDuelist:Sparks","theDuelist:YamataDragon","Defend_R","theDuelist:ChimeratechOverdragon","theDuelist:CyberDinosaur","theDuelist:MetalDragon","theDuelist:OrbMetronome","Sadistic Nature","theDuelist:BlockGolem","Doubt","theDuelist:SystemDown","theDuelist:CastleDragonSouls+1","theDuelist:RedMedicine+1","theDuelist:Pyrorex"],"relics":["theDuelist:MillenniumPuzzle","theDuelist:CardPoolRelic","theDuelist:CardPoolBasicRelic","theDuelist:BoosterPackPoolRelic","theDuelist:CardPoolAddRelic","theDuelist:CardPoolMinusRelic","theDuelist:CardPoolSaveRelic","theDuelist:CardPoolOptionsRelic","ReplayTheSpireMod:ShopPack","theDuelist:DuelistOrichalcum","Counterbalance","theDuelist:DragonRelicC","theDuelist:MetronomeRelicB","TungstenRod"],"acts_visited":["Exordium"],"potions_floor_usage":[7,7,10,16,16],"damage_taken":[{"damage":0,"enemies":"Cultist","floor":1,"turns":3},{"damage":0,"enemies":"Lagavulin","floor":7,"turns":5},{"damage":0,"enemies":"Gremlin Nob","floor":10,"turns":4},{"damage":5,"enemies":"Small Slimes","floor":11,"turns":2},{"damage":0,"enemies":"Jaw Worm","floor":14,"turns":1},{"damage":15,"enemies":"Hexaghost","floor":16,"turns":8}],"seed_played":"-165166492721622677","potions_obtained":[{"floor":2,"key":"theDuelist:FireBottle"},{"floor":2,"key":"theDuelist:SummonFuryPotion"},{"floor":2,"key":"theDuelist:VampireVial"},{"floor":7,"key":"GamblersBrew"},{"floor":10,"key":"DuplicationPotion"},{"floor":14,"key":"theDuelist:BurningPotionB"}],"is_trial":false,"path_per_floor":["M","?","?","$","?","R","E","R","T","E","M","R","$","M","R","B"],"character_chosen":"THE_DUELIST","items_purchased":["ReplayTheSpireMod:ShopPack","theDuelist:MetalDragon","theDuelist:MetronomeRelicB","TungstenRod","theDuelist:Pyrorex"],"campfire_rested":1,"item_purchase_floors":[4,4,13,13,13],"current_hp_per_floor":[80,48,37,37,37,61,61,61,61,61,56,56,56,56,56,41,41],"gold":116,"neow_bonus":"TWO_FIFTY_GOLD","is_daily":false,"chose_seed":false,"campfire_upgraded":2,"win_rate":0.0,"timestamp":1611210281,"path_taken":["M","?","?","$","?","R","E","R","T","E","?","R","?","?","R","BOSS"],"items_purchased_type":["Relic","Card","Relic","Relic","Card"],"build_version":"2020-12-22","purchased_purges":1,"victory":false,"max_hp_per_floor":[80,80,80,80,80,80,80,80,80,80,80,80,80,80,80,80,80],"card_choices":[{"not_picked":["theDuelist:SilverDragon","theDuelist:CyberEltanin","theDuelist:CurseDragon","theDuelist:DoomkaiserDragon"],"picked":"theDuelist:ChimeratechOverdragon","floor":1},{"not_picked":["theDuelist:ViceDragon","theDuelist:MadSwordBeast","theDuelist:LavaDragon","theDuelist:Duoterion"],"picked":"theDuelist:CyberDinosaur","floor":2},{"not_picked":["Transmutation","Violence"],"picked":"theDuelist:OrbMetronome","floor":4},{"not_picked":["theDuelist:HaneHane","theDuelist:DestructPotion"],"picked":"Sadistic Nature","floor":4},{"not_picked":["The Bomb","theDuelist:DarkCreator"],"picked":"theDuelist:BlockGolem","floor":4},{"not_picked":["theDuelist:WhiteHowling","theDuelist:CyberDragonSieger","theDuelist:ArtifactSanctum","theDuelist:AutorokketDragon"],"picked":"theDuelist:SystemDown","floor":7},{"not_picked":["theDuelist:MadSwordBeast","theDuelist:TornadoDragon","theDuelist:CyberDragonCore","theDuelist:RedRisingDragon"],"picked":"theDuelist:CastleDragonSouls","floor":10},{"not_picked":["theDuelist:Hinotama","theDuelist:HaneHane","theDuelist:PurplePainOni","theDuelist:BattleguardKing"],"picked":"theDuelist:RedMedicine","floor":11},{"not_picked":["theDuelist:SpiralSpearStrike+1","theDuelist:SafeZone","theDuelist:FireDarts","theDuelist:DragonCaptureJar","theDuelist:DefenseZone+1"],"picked":"SKIP","floor":14}],"player_experience":283980,"relics_obtained":[{"floor":7,"key":"theDuelist:DuelistOrichalcum"},{"floor":9,"key":"Counterbalance"},{"floor":10,"key":"theDuelist:DragonRelicC"}],"event_choices":[{"damage_healed":0,"gold_gain":75,"player_choice":"Gold","damage_taken":11,"max_hp_gain":0,"max_hp_loss":0,"event_name":"betterThird:BetterGoop","floor":3,"gold_loss":0},{"damage_healed":0,"gold_gain":175,"player_choice":"AGREE","damage_taken":238,"max_hp_gain":0,"max_hp_loss":0,"event_name":"betterThird:BetterSerpent","floor":5,"gold_loss":0}],"is_beta":false,"boss_relics":[],"items_purged_floors":[4],"is_endless":false,"potions_floor_spawned":[7,10,14],"killed_by":"Hexaghost","ascension_level":0}}