{"host":"v4tuy5ykrbdcm9o9","time":1611199617,"event":{"mods":["BaseMod","Duelist Mod","Minty Spire (QoL Compilation)","Replay The Spire","StSLib"],"gold_per_floor":[12,22,41,59,9,34,34,34,103,132,132,132,142,161,161,161,161],"floor_reached":16,"language":"ENG","playtime":1389,"items_purged":[],"score":146,"play_id":"53cdca1f-2e63-44f8-b4de-04422ad8b815","local_time":"20210120222657","is_ascension_mode":true,"campfire_choices":[{"floor":7,"key":"REST"},{"floor":12,"key":"REST"},{"floor":15,"key":"RECALL"}],"circlet_count":0,"master_deck":["Strike_G","Strike_G","Strike_G","Strike_G","Strike_G","Defend_G","Defend_G","Defend_G","Defend_G","Survivor","Neutralize","Corpse Explosion","Flying Knee","ReplayTheSpireMod:Tripwire","Blur","Flying Knee","Blade Dance","Distraction","Deadly Poison","Dagger Spray"],"relics":["Ring of the Snake","Vampiric Spirits","MealTicket"],"acts_visited":["Exordium"],"potions_floor_usage":[4,6,13,16],"damage_taken":[{"damage":0,"enemies":"Cultist","floor":1,"turns":4},{"damage":0,"enemies":"Small Slimes","floor":2,"turns":3},{"damage":0,"enemies":"Jaw Worm","floor":3,"turns":4},{"damage":0,"enemies":"3 Louse","floor":4,"turns":1},{"damage":25,"enemies":"Lagavulin","floor":6,"turns":10},{"damage":32,"enemies":"Gremlin Nob","floor":10,"turns":6},{"damage":2,"enemies":"Exordium Wildlife","floor":13,"turns":4},{"damage":22,"enemies":"Large Slime","floor":14,"turns":6},{"damage":39,"enemies":"The Guardian","floor":16,"turns":14}],"seed_played":"3169750968676072894","potions_obtained":[{"floor":1,"key":"Fire Potion"},{"floor":3,"key":"Reflective Coating"},{"floor":10,"key":"PowerPotion"}],"is_trial":false,"path_per_floor":["M","M","M","M","$","E","R","$","T","E","?","R","M","M","R","B"],"character_chosen":"THE_SILENT","items_purchased":["SteroidPotion"],"campfire_rested":2,"item_purchase_floors":[5],"current_hp_per_floor":[63,63,63,63,63,38,59,59,59,30,30,51,53,34,34,0,0],"gold":161,"neow_bonus":"THREE_RARE_CARDS","is_daily":false,"chose_seed":false,"campfire_upgraded":0,"win_rate":0.0,"timestamp":1611199617,"path_taken":["M","M","M","?","$","E","R","$","T","E","?","R","M","M","R","BOSS"],"items_purchased_type":["Potion"],"build_version":"2020-12-22","purchased_purges":0,"victory":false,"max_hp_per_floor":[70,70,70,70,70,70,70,70,70,70,70,70,70,70,70,70,70],"card_choices":[{"not_picked":["Glass Knife","Tools of the Trade"],"picked":"Corpse Explosion","floor":0},{"not_picked":["Fluid Movement","Dagger Spray"],"picked":"Flying Knee","floor":1},{"not_picked":["Masterful Stab","Dagger Throw"],"picked":"ReplayTheSpireMod:Tripwire","floor":2},{"not_picked":["Slice","Deadly Poison"],"picked":"Blur","floor":3},{"not_picked":["Dagger Throw","Slice"],"picked":"Flying Knee","floor":4},{"not_picked":["Noxious Fumes","Deflect"],"picked":"Blade Dance","floor":6},{"not_picked":["Acrobatics","Tools of the Trade"],"picked":"Distraction","floor":10},{"not_picked":["ReplayTheSpireMod:The Works","Acrobatics"],"picked":"Deadly Poison","floor":13},{"not_picked":["Bouncing Flask","PiercingWail"],"picked":"Dagger Spray","floor":14}],"player_experience":619157,"relics_obtained":[{"floor":6,"key":"Vampiric Spirits"},{"floor":10,"key":"MealTicket"}],"event_choices":[{"cards_removed":["Defend_G"],"damage_healed":0,"gold_gain":0,"player_choice":"Purged","damage_taken":0,"max_hp_gain":0,"max_hp_loss":0,"event_name":"Purifier","floor":11,"gold_loss":0}],"is_beta":false,"boss_relics":[],"items_purged_floors":[],"is_endless":false,"potions_floor_spawned":[1,3,10],"killed_by":"The Guardian","ascension_level":6}}