{"host":"ml80p9p157c7xd90","time":1611200939,"event":{"mods":["Ascension Unlocker","Aspiration","BaseMod","Bestiary","Better Altar","Better Match","Better Note","Better Sensory Stone","Better Skull","Better Third Choice","Colored Map","Conspire","Dark Map","Downfall","Friendly Minions","Halation","Hubris","Minty Spire (QoL Compilation)","Relic Stats","StSLib","Wandering Minibosses"],"gold_per_floor":[0,13,33,333,351,251,251,251,43,61,91,91,107,118,135,135,135,135],"floor_reached":16,"language":"ENG","playtime":586,"items_purged":[],"score":208,"play_id":"5276de2e-7731-4b99-9923-7cf5464f8967","local_time":"20210120204859","is_ascension_mode":true,"campfire_choices":[{"floor":1,"key":"RECALL"},{"data":"hexamod:SpectersWail","floor":6,"key":"SMITH"},{"data":"expansioncontent:DashGenerateEvil","floor":12,"key":"SMITH"},{"data":"hexamod:GhostShield","floor":12,"key":"SMITH"}],"circlet_count":0,"master_deck":["AscendersBane","hexamod:Strike","hexamod:Strike+1","hexamod:Strike","hexamod:Strike+1","hexamod:Defend","hexamod:Defend+1","hexamod:Defend","hexamod:Defend","hexamod:Sear+1","hexamod:Float+1","hexamod:SixthSeal","hexamod:SpectersWail+1","hexamod:FlamesFromBeyond+1","downfall:Icky","expansioncontent:DashGenerateEvil+1","hexamod:SpectersWail","hexamod:GhostShield+1","hexamod:Toasty","hexamod:GhostLash+1","hexamod:GhostLash"],"relics":["hexamod:SpiritBrand","downfall:HeartBlessingRed","halation:PenCase","Darkstone Periapt"],"acts_visited":["Exordium"],"potions_floor_usage":[11,16,16],"damage_taken":[{"damage":0,"enemies":"2 Louse","floor":2,"turns":4},{"damage":9,"enemies":"Jaw Worm","floor":3,"turns":4},{"damage":11,"enemies":"Cultist","floor":5,"turns":6},{"damage":0,"enemies":"downfall:FleeingMerchant","floor":9,"turns":4},{"damage":0,"enemies":"3 Louse","floor":10,"turns":3},{"damage":5,"enemies":"3 Sentries","floor":11,"turns":2},{"damage":0,"enemies":"Exordium Thugs","floor":13,"turns":3},{"damage":10,"enemies":"Exordium Wildlife","floor":14,"turns":4},{"damage":0,"enemies":"Gremlin Gang","floor":15,"turns":2},{"damage":25,"enemies":"SI_SHIV_ARCHETYPE","floor":16,"turns":7}],"seed_played":"-6817546724317078980","potions_obtained":[{"floor":2,"key":"SteroidPotion"},{"floor":10,"key":"hexamod:EctoCoolerPotion"},{"floor":13,"key":"Guardian:BlockOnCardUsePotion"}],"is_trial":false,"path_per_floor":["R","M","M","?","M","R","T","?","$","M","E","R","M","M","M","B"],"character_chosen":"THE_SPIRIT","items_purchased":["expansioncontent:DashGenerateEvil"],"campfire_rested":0,"item_purchase_floors":[9],"current_hp_per_floor":[57,57,48,48,37,37,37,37,37,37,32,32,32,22,22,0,0,0],"gold":135,"neow_bonus":"THREE_RARE_CARDS","is_daily":false,"chose_seed":false,"campfire_upgraded":3,"win_rate":0.0,"timestamp":1611200939,"path_taken":["R","M","M","?","M","R","T","?","$","M","E","R","M","M","M","BOSS"],"items_purchased_type":["Card"],"build_version":"2020-12-22","purchased_purges":0,"victory":false,"max_hp_per_floor":[63,63,63,63,63,63,63,63,63,63,63,63,63,63,63,63,63,63],"relic_stats":{"Darkstone Periapt":0,"counters":[10,39],"obtain_stats":[{"Darkstone Periapt":11,"downfall:HeartBlessingRed":6,"halation:PenCase":7,"hexamod:SpiritBrand":0},{"Darkstone Periapt":6,"downfall:HeartBlessingRed":3,"halation:PenCase":3,"hexamod:SpiritBrand":0},{"Darkstone Periapt":23,"downfall:HeartBlessingRed":14,"halation:PenCase":14,"hexamod:SpiritBrand":0}]},"card_choices":[{"not_picked":["hexamod:ParanormalForm","hexamod:ApocalypseNow"],"picked":"hexamod:SixthSeal","floor":0},{"not_picked":["hexamod:Rewind","hexamod:NightmareStrike"],"picked":"hexamod:SpectersWail","floor":2},{"not_picked":["hexamod:EmpoweredFlame","hexamod:PhantomCloak"],"picked":"hexamod:FlamesFromBeyond","floor":3},{"not_picked":["hexamod:HauntingEcho","hexamod:SpectralAdrenaline","hexamod:AdvancingGuard"],"picked":"SKIP","floor":5},{"not_picked":["hexamod:EmpoweredFlame","hexamod:HauntingEcho","hexamod:BurningTouch"],"picked":"SKIP","floor":9},{"not_picked":["hexamod:AdvancingGuard","hexamod:ChargedBarrage"],"picked":"hexamod:SpectersWail","floor":10},{"not_picked":["hexamod:Rewind","hexamod:ExtraCrispy"],"picked":"hexamod:GhostShield","floor":11},{"not_picked":["hexamod:BacktrackSmack","hexamod:HeatMetal"],"picked":"hexamod:Toasty","floor":13},{"not_picked":["hexamod:SpectralSpark","hexamod:SuperheatedStrike"],"picked":"hexamod:GhostLash","floor":14},{"not_picked":["hexamod:BurningTouch","hexamod:InspiringFlames"],"picked":"hexamod:GhostLash","floor":15}],"player_experience":450048,"relics_obtained":[{"floor":7,"key":"halation:PenCase"},{"floor":11,"key":"Darkstone Periapt"}],"event_choices":[],"is_beta":false,"boss_relics":[],"items_purged_floors":[],"is_endless":false,"potions_floor_spawned":[2,10,13],"killed_by":"SI_SHIV_ARCHETYPE","ascension_level":20}}