{"host":"q6ff4ns2kep02ti6","time":1611268990,"event":{"mods":["AchievementEnabler","BaseMod","Minty Spire (QoL Compilation)","Relic Stats","StSLib","Unceasing Turn Reminder"],"gold_per_floor":[368,378,393,161,161,161,185,229,229,248,262,262,282,318,318,414,414,432,445,370,391,391,391,391,391],"floor_reached":24,"language":"ENG","playtime":1644,"items_purged":["Strike_R"],"score":420,"play_id":"eea1ce70-ffa6-404a-83e3-13978fb052c3","local_time":"20210121234310","is_ascension_mode":true,"campfire_choices":[{"data":"Anger","floor":6,"key":"SMITH"},{"floor":12,"key":"REST"},{"data":"Fire Breathing","floor":15,"key":"SMITH"},{"data":"Dark Embrace","floor":23,"key":"SMITH"}],"circlet_count":0,"master_deck":["AscendersBane","Strike_R","Strike_R","Strike_R","Defend_R","Defend_R","Defend_R","Defend_R","Bash","Anger+1","Cleave","Fire Breathing+1","Dark Embrace+1","Battle Trance","True Grit","Infernal Blade","Warcry","True Grit+1","Immolate","CurseOfTheBell","Spot Weakness+1","Warcry+1","Bash","Impervious+1"],"relics":["Burning Blood","Ancient Tea Set","Golden Idol","Oddly Smooth Stone","Question Card","Toxic Egg 2","Calling Bell","Centennial Puzzle","Letter Opener","Torii"],"acts_visited":["Exordium","TheCity"],"potions_floor_usage":[8,8,11,16,18,18,24,24],"damage_taken":[{"damage":0,"enemies":"2 Louse","floor":1,"turns":3},{"damage":11,"enemies":"Jaw Worm","floor":2,"turns":5},{"damage":2,"enemies":"Cultist","floor":3,"turns":4},{"damage":7,"enemies":"Looter","floor":7,"turns":3},{"damage":35,"enemies":"Lagavulin","floor":8,"turns":8},{"damage":15,"enemies":"Blue Slaver","floor":10,"turns":3},{"damage":8,"enemies":"Large Slime","floor":11,"turns":6},{"damage":3,"enemies":"Exordium Thugs","floor":13,"turns":4},{"damage":8,"enemies":"Gremlin Nob","floor":14,"turns":3},{"damage":14,"enemies":"Slime Boss","floor":16,"turns":7},{"damage":36,"enemies":"Shell Parasite","floor":18,"turns":7},{"damage":13,"enemies":"2 Thieves","floor":19,"turns":4},{"damage":33,"enemies":"Snake Plant","floor":21,"turns":4},{"damage":21,"enemies":"Snecko","floor":24,"turns":3}],"seed_played":"820335681208678523","potions_obtained":[{"floor":2,"key":"Weak Potion"},{"floor":3,"key":"ElixirPotion"},{"floor":10,"key":"Dexterity Potion"},{"floor":13,"key":"SpeedPotion"},{"floor":14,"key":"Fruit Juice"},{"floor":16,"key":"Regen Potion"},{"floor":19,"key":"Fire Potion"},{"floor":21,"key":"Weak Potion"}],"is_trial":false,"path_per_floor":["M","M","M","$","?","R","M","E","T","M","M","R","M","E","R","B",null,"M","M","?","M","?","R","M"],"character_chosen":"IRONCLAD","items_purchased":["Ancient Tea Set"],"campfire_rested":1,"item_purchase_floors":[4],"current_hp_per_floor":[56,51,55,55,55,55,54,25,25,16,14,34,37,35,35,27,58,48,41,41,14,14,14,0,0],"gold":391,"neow_bonus":"TWO_FIFTY_GOLD","is_daily":false,"chose_seed":false,"campfire_upgraded":3,"win_rate":0.0,"timestamp":1611268990,"path_taken":["M","M","M","$","?","R","M","E","T","M","M","R","M","E","R","BOSS","M","M","?","M","?","R","M"],"items_purchased_type":["Relic"],"build_version":"2020-12-22","purchased_purges":1,"victory":false,"max_hp_per_floor":[75,75,75,75,68,68,68,68,68,68,68,68,68,68,68,68,68,73,73,73,73,73,73,73,73],"relic_stats":{"Centennial Puzzle":[12],"Torii":5,"counters":[14,64],"Golden Idol":62,"Letter Opener":[25],"Question Card":9,"obtain_stats":[{"Calling Bell":17,"Centennial Puzzle":17,"Torii":17,"Golden Idol":5,"Oddly Smooth Stone":8,"Letter Opener":17,"Toxic Egg 2":14,"Ancient Tea Set":4,"Question Card":9,"Burning Blood":0},{"Calling Bell":10,"Centennial Puzzle":10,"Torii":10,"Golden Idol":3,"Oddly Smooth Stone":5,"Letter Opener":10,"Toxic Egg 2":9,"Ancient Tea Set":3,"Question Card":5,"Burning Blood":0},{"Calling Bell":46,"Centennial Puzzle":46,"Torii":46,"Golden Idol":12,"Oddly Smooth Stone":23,"Letter Opener":46,"Toxic Egg 2":39,"Ancient Tea Set":12,"Question Card":23,"Burning Blood":0}],"Burning Blood":78},"card_choices":[{"not_picked":["Clothesline","Power Through"],"picked":"Anger","floor":1},{"not_picked":["Shockwave","Pummel"],"picked":"Cleave","floor":2},{"not_picked":["Flex","Cleave"],"picked":"Fire Breathing","floor":3},{"not_picked":["Dropkick","Inflame"],"picked":"Dark Embrace","floor":7},{"not_picked":["Blood for Blood","Cleave"],"picked":"Battle Trance","floor":8},{"not_picked":["Dual Wield","Pummel","Clothesline"],"picked":"True Grit","floor":10},{"not_picked":["Blood for Blood","Exhume","Twin Strike"],"picked":"Infernal Blade","floor":11},{"not_picked":["Spot Weakness","Heavy Blade","Havoc"],"picked":"Warcry","floor":13},{"not_picked":["Battle Trance+1","Cleave","Entrench+1"],"picked":"True Grit+1","floor":14},{"not_picked":["Feed","Impervious+1","Barricade"],"picked":"Immolate","floor":16},{"not_picked":["Rampage","Flex+1","Heavy Blade","Iron Wave"],"picked":"SKIP","floor":18},{"not_picked":["Uppercut","Iron Wave","Wild Strike"],"picked":"Spot Weakness+1","floor":19},{"not_picked":["Clash","Cleave","Berserk"],"picked":"Warcry+1","floor":21}],"player_experience":993079,"relics_obtained":[{"floor":8,"key":"Oddly Smooth Stone"},{"floor":9,"key":"Question Card"},{"floor":14,"key":"Toxic Egg 2"},{"floor":17,"key":"Centennial Puzzle"},{"floor":17,"key":"Letter Opener"},{"floor":17,"key":"Torii"}],"event_choices":[{"damage_healed":0,"gold_gain":0,"player_choice":"Lose Max HP","damage_taken":0,"relics_obtained":["Golden Idol"],"max_hp_gain":0,"max_hp_loss":7,"event_name":"Golden Idol","floor":5,"gold_loss":0},{"cards_removed":["Strike_R"],"damage_healed":0,"gold_gain":0,"player_choice":"Gave Gold","damage_taken":0,"max_hp_gain":0,"max_hp_loss":0,"event_name":"Beggar","floor":20,"gold_loss":75},{"damage_healed":0,"gold_gain":0,"player_choice":"2 cards matched","damage_taken":0,"max_hp_gain":0,"max_hp_loss":0,"event_name":"Match and Keep!","floor":22,"gold_loss":0,"cards_obtained":["Bash","Impervious"]}],"is_beta":false,"boss_relics":[{"not_picked":["Runic Dome","Astrolabe"],"picked":"Calling Bell"}],"items_purged_floors":[4],"is_endless":false,"potions_floor_spawned":[2,3,10,13,14,16,19,21],"killed_by":"Snecko","ascension_level":20}}