{"host":"y24pqu7jih1n8m3t","time":1611204729,"event":{"mods":["AchievementEnabler","BaseMod","Bestiary","Block Reminder","Colored Map","Colored Powertips","DeckTracker","Highlight Path","Minty Spire (QoL Compilation)","Permanent Neow","Quick Restart","Rare Cards Sparkle","Relic Stats"],"gold_per_floor":[213,231,242,242,33,67,67,100,174,190,217,16,48,77,77,179,179,195,215,215,226,4,4,35,35,35,35,45,55,84,115,115,219,219,239,239,289,334,31,31,61,61,88,98,108,108,36,36,36,36,36,36,36,67,67],"floor_reached":56,"language":"ENG","playtime":5320,"items_purged":["Strike_R"],"score":1337,"play_id":"855baa72-03db-4653-83ea-d7002597b0f8","local_time":"20210120235209","is_ascension_mode":true,"campfire_choices":[{"data":"Apotheosis","floor":7,"key":"SMITH"},{"floor":15,"key":"RECALL"},{"data":"Berserk","floor":23,"key":"SMITH"},{"floor":25,"key":"REST"},{"data":"Flex","floor":27,"key":"SMITH"},{"floor":32,"key":"REST"},{"floor":40,"key":"REST"},{"floor":42,"key":"REST"},{"data":"Demon Form","floor":46,"key":"SMITH"},{"floor":49,"key":"REST"},{"data":"Flex","floor":52,"key":"SMITH"}],"circlet_count":0,"master_deck":["Strike_R","Strike_R","Strike_R","Defend_R","Defend_R","Defend_R","Defend_R","Bash","Twin Strike","Battle Trance","Metallicize","Apotheosis+1","Twin Strike","Battle Trance","Twin Strike","Iron Wave","Twin Strike","Metallicize","Flex+1","Berserk+1","Shrug It Off+1","Ghostly Armor","Pummel+1","Regret","Flame Barrier","Shrug It Off","Reaper","Demon Form+1","True Grit+1","Magnetism","Heavy Blade","Flex+1","Pommel Strike+1","Warcry","Shame","Burning Pact+1","Inflame","Parasite","Pummel+1","Rage"],"relics":["Burning Blood","Incense Burner","Happy Flower","Matryoshka","Paper Frog","TheAbacus","Darkstone Periapt","Odd Mushroom","Cursed Key","Nilry\u0027s Codex","Art of War","Vajra","Strawberry","Shuriken","Red Mask","Anchor","Philosopher\u0027s Stone","Thread and Needle","Champion Belt","Kunai","Dream Catcher","Oddly Smooth Stone","Letter Opener","TungstenRod"],"acts_visited":["Exordium","TheCity","TheBeyond","TheEnding"],"potions_floor_usage":[38],"damage_taken":[{"damage":6,"enemies":"Jaw Worm","floor":1,"turns":5},{"damage":2,"enemies":"2 Louse","floor":2,"turns":3},{"damage":0,"enemies":"Small Slimes","floor":3,"turns":4},{"damage":0,"enemies":"Lagavulin","floor":6,"turns":8},{"damage":1,"enemies":"3 Sentries","floor":8,"turns":8},{"damage":6,"enemies":"2 Fungi Beasts","floor":10,"turns":3},{"damage":14,"enemies":"Gremlin Nob","floor":11,"turns":3},{"damage":10,"enemies":"3 Sentries","floor":13,"turns":8},{"damage":5,"enemies":"The Mushroom Lair","floor":14,"turns":4},{"damage":9,"enemies":"Slime Boss","floor":16,"turns":10},{"damage":2,"enemies":"3 Byrds","floor":18,"turns":4},{"damage":12,"enemies":"Shell Parasite","floor":19,"turns":4},{"damage":12,"enemies":"Snake Plant","floor":21,"turns":4},{"damage":22,"enemies":"Gremlin Leader","floor":24,"turns":5},{"damage":9,"enemies":"Chosen and Byrds","floor":28,"turns":5},{"damage":2,"enemies":"Centurion and Healer","floor":29,"turns":2},{"damage":4,"enemies":"Masked Bandits","floor":30,"turns":4},{"damage":20,"enemies":"Book of Stabbing","floor":31,"turns":5},{"damage":41,"enemies":"Champ","floor":33,"turns":9},{"damage":54,"enemies":"3 Shapes","floor":35,"turns":4},{"damage":0,"enemies":"Mind Bloom Boss Battle","floor":37,"turns":5},{"damage":25,"enemies":"2 Orb Walkers","floor":38,"turns":5},{"damage":20,"enemies":"Reptomancer","floor":41,"turns":7},{"damage":0,"enemies":"Orb Walker","floor":44,"turns":4},{"damage":10,"enemies":"Sphere and 2 Shapes","floor":45,"turns":6},{"damage":59,"enemies":"Awakened One","floor":50,"turns":11},{"damage":34,"enemies":"Shield and Spear","floor":54,"turns":6},{"damage":68,"enemies":"The Heart","floor":55,"turns":8}],"seed_played":"600408425489608665","potions_obtained":[{"floor":2,"key":"Fire Potion"},{"floor":8,"key":"LiquidBronze"},{"floor":10,"key":"Strength Potion"},{"floor":18,"key":"Fire Potion"},{"floor":31,"key":"Dexterity Potion"},{"floor":38,"key":"Weak Potion"},{"floor":41,"key":"AttackPotion"}],"is_trial":false,"path_per_floor":["M","M","M","?","$","E","R","E","T","M","E","$","E","?","R","B",null,"M","M","?","M","$","R","E","R","T","R","M","M","?","E","R","B",null,"M","?","?","?","$","R","E","R","T","M","M","R","$","T","R","B",null,"R","$","E","B",null],"character_chosen":"IRONCLAD","items_purchased":["Apotheosis","Twin Strike","TheAbacus","Twin Strike","Art of War","Kunai","Flex","Inflame"],"campfire_rested":5,"item_purchase_floors":[5,5,12,12,22,39,39,47],"current_hp_per_floor":[80,80,80,80,80,80,80,80,80,80,72,72,68,69,69,66,80,80,74,58,52,52,52,36,60,73,73,70,74,76,62,89,65,93,45,45,72,67,67,93,79,93,99,99,95,95,95,101,105,52,105,105,105,87,50],"gold":67,"neow_bonus":"HUNDRED_GOLD","is_daily":false,"chose_seed":false,"campfire_upgraded":5,"win_rate":0.0,"timestamp":1611204729,"path_taken":["M","M","M","?","$","E","R","E","T","M","E","$","E","?","R","BOSS","M","M","?","M","$","R","E","R","T","R","M","M","?","E","R","BOSS","M","?","?","?","?","R","E","R","T","?","M","R","?","?","R","BOSS","R","$","E","BOSS"],"items_purchased_type":["Card","Card","Relic","Card","Relic","Relic","Card","Card"],"build_version":"2020-12-22","purchased_purges":1,"victory":true,"max_hp_per_floor":[80,80,80,80,80,80,80,80,80,80,80,80,80,80,80,80,80,80,80,80,80,80,80,80,80,93,93,93,93,93,93,93,93,93,93,93,93,93,93,93,93,93,99,99,99,99,99,105,105,105,105,105,105,105,105],"relic_stats":{"Darkstone Periapt":18,"Happy Flower":[42],"counters":[28,154],"Letter Opener":[90],"Cursed Key":3,"Burning Blood":137,"Dream Catcher":2,"TheAbacus":[108],"Shuriken":[21],"Art of War":[4],"Champion Belt":[4],"Kunai":[8],"obtain_stats":[{"Darkstone Periapt":13,"Happy Flower":8,"Nilry\u0027s Codex":20,"Vajra":24,"Oddly Smooth Stone":43,"Thread and Needle":37,"Incense Burner":6,"Letter Opener":48,"Odd Mushroom":14,"Cursed Key":17,"Burning Blood":0,"Anchor":31,"Dream Catcher":41,"Matryoshka":9,"TheAbacus":12,"Shuriken":26,"Strawberry":26,"Philosopher\u0027s Stone":34,"Art of War":22,"Red Mask":30,"Champion Belt":38,"Kunai":39,"TungstenRod":54,"Paper Frog":11},{"Darkstone Periapt":8,"Happy Flower":5,"Nilry\u0027s Codex":12,"Vajra":14,"Oddly Smooth Stone":23,"Thread and Needle":21,"Incense Burner":4,"Letter Opener":25,"Odd Mushroom":9,"Cursed Key":10,"Burning Blood":0,"Anchor":18,"Dream Catcher":23,"Matryoshka":5,"TheAbacus":7,"Shuriken":14,"Strawberry":14,"Philosopher\u0027s Stone":19,"Art of War":13,"Red Mask":17,"Champion Belt":22,"Kunai":22,"TungstenRod":27,"Paper Frog":7},{"Darkstone Periapt":42,"Happy Flower":28,"Nilry\u0027s Codex":64,"Vajra":73,"Oddly Smooth Stone":119,"Thread and Needle":107,"Incense Burner":20,"Letter Opener":129,"Odd Mushroom":46,"Cursed Key":56,"Burning Blood":0,"Anchor":89,"Dream Catcher":119,"Matryoshka":28,"TheAbacus":34,"Shuriken":73,"Strawberry":73,"Philosopher\u0027s Stone":98,"Art of War":68,"Red Mask":84,"Champion Belt":112,"Kunai":112,"TungstenRod":146,"Paper Frog":34}],"TungstenRod":22},"card_choices":[{"not_picked":["Thunderclap","Heavy Blade"],"picked":"Twin Strike","floor":1},{"not_picked":["Rupture","Wild Strike"],"picked":"Battle Trance","floor":2},{"not_picked":["Evolve","Pummel"],"picked":"Metallicize","floor":3},{"not_picked":["Body Slam","Heavy Blade"],"picked":"Battle Trance","floor":6},{"not_picked":["Limit Break","Searing Blow"],"picked":"Twin Strike","floor":8},{"not_picked":["Clash","Havoc"],"picked":"Iron Wave","floor":10},{"not_picked":["Thunderclap","Armaments","Cleave"],"picked":"SKIP","floor":11},{"not_picked":["Sword Boomerang","Pummel"],"picked":"Metallicize","floor":13},{"not_picked":["Iron Wave","Clash"],"picked":"Flex","floor":14},{"not_picked":["Double Tap","Offering"],"picked":"Berserk","floor":16},{"not_picked":["Iron Wave","Thunderclap","Pummel+1"],"picked":"SKIP","floor":18},{"not_picked":["Fire Breathing+1","Power Through"],"picked":"Shrug It Off+1","floor":19},{"not_picked":["Cleave","Anger"],"picked":"Ghostly Armor","floor":21},{"not_picked":["Hemokinesis+1","Armaments"],"picked":"Pummel+1","floor":24},{"not_picked":["Feel No Pain","Headbutt","Pommel Strike"],"picked":"SKIP","floor":28},{"not_picked":["Heavy Blade","Carnage"],"picked":"Flame Barrier","floor":29},{"not_picked":["Battle Trance","Anger"],"picked":"Shrug It Off","floor":30},{"not_picked":["Flex","Perfected Strike"],"picked":"Reaper","floor":31},{"not_picked":["Juggernaut","Offering"],"picked":"Demon Form","floor":33},{"not_picked":["Sentinel","Sword Boomerang"],"picked":"True Grit+1","floor":35},{"not_picked":["Swift Strike","Mind Blast"],"picked":"Magnetism","floor":36},{"not_picked":["Havoc","Thunderclap"],"picked":"Heavy Blade","floor":38},{"not_picked":["Hemokinesis","Shockwave+1"],"picked":"Pommel Strike+1","floor":41},{"not_picked":["Havoc","Rupture+1"],"picked":"Warcry","floor":42},{"not_picked":["Carnage","Wild Strike+1","Anger"],"picked":"SKIP","floor":44},{"not_picked":["Infernal Blade","Dark Embrace"],"picked":"Burning Pact+1","floor":45},{"not_picked":["Rampage+1","Infernal Blade+1"],"picked":"Pummel+1","floor":49},{"not_picked":["Dark Embrace","Berserk"],"picked":"Rage","floor":54}],"player_experience":102108,"relics_obtained":[{"floor":6,"key":"Incense Burner"},{"floor":8,"key":"Happy Flower"},{"floor":9,"key":"Matryoshka"},{"floor":11,"key":"Paper Frog"},{"floor":13,"key":"Darkstone Periapt"},{"floor":14,"key":"Odd Mushroom"},{"floor":20,"key":"Nilry\u0027s Codex"},{"floor":24,"key":"Vajra"},{"floor":26,"key":"Strawberry"},{"floor":26,"key":"Shuriken"},{"floor":30,"key":"Red Mask"},{"floor":31,"key":"Anchor"},{"floor":37,"key":"Thread and Needle"},{"floor":38,"key":"Champion Belt"},{"floor":41,"key":"Dream Catcher"},{"floor":43,"key":"Oddly Smooth Stone"},{"floor":48,"key":"Letter Opener"},{"floor":54,"key":"TungstenRod"}],"event_choices":[{"cards_removed":["Strike_R"],"damage_healed":0,"gold_gain":0,"player_choice":"Forget","damage_taken":0,"max_hp_gain":0,"max_hp_loss":0,"event_name":"Living Wall","floor":4,"gold_loss":0},{"damage_healed":0,"gold_gain":0,"player_choice":"Fought Mushrooms","damage_taken":0,"max_hp_gain":0,"max_hp_loss":0,"event_name":"Mushrooms","floor":14,"gold_loss":0},{"damage_healed":0,"gold_gain":0,"player_choice":"Obtained Book","damage_taken":16,"max_hp_gain":0,"max_hp_loss":0,"event_name":"Cursed Tome","floor":20,"gold_loss":0},{"damage_healed":0,"gold_gain":0,"player_choice":"Fought Bandits","damage_taken":0,"max_hp_gain":0,"max_hp_loss":0,"event_name":"Masked Bandits","floor":30,"gold_loss":0},{"damage_healed":0,"gold_gain":0,"player_choice":"Memory 1","damage_taken":0,"max_hp_gain":0,"max_hp_loss":0,"event_name":"SensoryStone","floor":36,"gold_loss":0},{"damage_healed":0,"gold_gain":0,"player_choice":"Fight","damage_taken":0,"max_hp_gain":0,"max_hp_loss":0,"event_name":"MindBloom","floor":37,"gold_loss":0},{"damage_healed":0,"gold_gain":0,"player_choice":"Fight","damage_taken":0,"max_hp_gain":0,"max_hp_loss":0,"event_name":"Mysterious Sphere","floor":38,"gold_loss":0}],"is_beta":false,"boss_relics":[{"not_picked":["Sozu","Runic Cube"],"picked":"Cursed Key"},{"not_picked":["SacredBark","Tiny House"],"picked":"Philosopher\u0027s Stone"}],"items_purged_floors":[22],"is_endless":false,"potions_floor_spawned":[2,8,10,18,31,33,38,41,54],"ascension_level":1}}