{"host":"sdl5b0uiznq00owb","time":1611267978,"event":{"mods":["BaseMod","Minty Spire (QoL Compilation)","Permanent Neow","Relic Stats"],"gold_per_floor":[112,122,122,140,90,124,124,136,161,177,177,177,190,35,35,35,35],"floor_reached":16,"language":"ENG","playtime":752,"items_purged":[],"score":163,"play_id":"9712df11-21a3-463e-a45a-32e19262cbd2","local_time":"20210121162618","is_ascension_mode":true,"campfire_choices":[{"data":"Genetic Algorithm","floor":7,"key":"SMITH"},{"floor":11,"key":"REST"},{"data":"Ball Lightning","floor":15,"key":"SMITH"}],"circlet_count":0,"master_deck":["AscendersBane","Strike_B","Strike_B","Strike_B+1","Defend_B","Defend_B","Defend_B","Defend_B","Zap","Dualcast","Ball Lightning+1","Genetic Algorithm+1","Rebound+1","Glacier","Coolheaded+1","Sweeping Beam"],"relics":["Cracked Core","Boot","Akabeko","Whetstone","Membership Card"],"acts_visited":["Exordium"],"potions_floor_usage":[6,10,13],"damage_taken":[{"damage":4,"enemies":"Small Slimes","floor":1,"turns":3},{"damage":0,"enemies":"2 Louse","floor":2,"turns":3},{"damage":8,"enemies":"Jaw Worm","floor":4,"turns":3},{"damage":10,"enemies":"Gremlin Nob","floor":6,"turns":3},{"damage":32,"enemies":"Gremlin Gang","floor":8,"turns":5},{"damage":11,"enemies":"Large Slime","floor":10,"turns":3},{"damage":1,"enemies":"Blue Slaver","floor":13,"turns":3},{"damage":27,"enemies":"Hexaghost","floor":16,"turns":9}],"seed_played":"-6324449473980484701","potions_obtained":[{"floor":2,"key":"SkillPotion"},{"floor":4,"key":"AttackPotion"},{"floor":8,"key":"DistilledChaos"}],"is_trial":false,"path_per_floor":["M","M","?","M","?","E","R","M","T","M","R","?","M","$","R","B"],"character_chosen":"DEFECT","items_purchased":["Membership Card"],"campfire_rested":1,"item_purchase_floors":[14],"current_hp_per_floor":[64,64,64,56,56,46,46,14,14,3,25,25,24,24,24,0,0],"gold":35,"neow_bonus":"RANDOM_COMMON_RELIC","is_daily":false,"chose_seed":false,"campfire_upgraded":2,"win_rate":0.0,"timestamp":1611267978,"path_taken":["M","M","?","M","?","E","R","M","T","M","R","?","?","$","R","BOSS"],"items_purchased_type":["Relic"],"build_version":"2020-12-22","purchased_purges":0,"victory":false,"max_hp_per_floor":[75,75,75,75,75,75,75,75,75,75,75,75,75,75,75,75,75],"relic_stats":{"counters":[8,32],"Whetstone":["Strike_B","Rebound"],"Boot":[4],"obtain_stats":[{"Whetstone":9,"Membership Card":14,"Cracked Core":0,"Boot":0,"Akabeko":6},{"Whetstone":5,"Membership Card":7,"Cracked Core":0,"Boot":0,"Akabeko":4},{"Whetstone":17,"Membership Card":23,"Cracked Core":0,"Boot":0,"Akabeko":12}]},"card_choices":[{"not_picked":["Heatsinks","Leap"],"picked":"Ball Lightning","floor":1},{"not_picked":["Static Discharge","Barrage"],"picked":"Genetic Algorithm","floor":2},{"not_picked":["Redo","Hologram"],"picked":"Rebound","floor":4},{"not_picked":["Consume","Coolheaded"],"picked":"Glacier","floor":6},{"not_picked":["Recycle","Rebound"],"picked":"Coolheaded","floor":8},{"not_picked":["Hyperbeam","Conserve Battery","Streamline"],"picked":"SKIP","floor":10},{"not_picked":["Rip and Tear","Steam Power"],"picked":"Sweeping Beam","floor":13}],"player_experience":801077,"relics_obtained":[{"floor":6,"key":"Akabeko"},{"floor":9,"key":"Whetstone"}],"event_choices":[{"damage_healed":0,"gold_gain":0,"player_choice":"Ignored","damage_taken":0,"max_hp_gain":0,"max_hp_loss":0,"event_name":"Liars Game","floor":3,"gold_loss":0},{"cards_removed":["Strike_B"],"damage_healed":0,"gold_gain":0,"player_choice":"Card Removal","damage_taken":0,"max_hp_gain":0,"max_hp_loss":0,"event_name":"The Cleric","floor":5,"gold_loss":50},{"damage_healed":0,"gold_gain":0,"player_choice":"Upgraded","damage_taken":0,"max_hp_gain":0,"max_hp_loss":0,"event_name":"Upgrade Shrine","floor":12,"gold_loss":0,"cards_upgraded":["Coolheaded"]}],"is_beta":false,"boss_relics":[],"items_purged_floors":[],"is_endless":false,"potions_floor_spawned":[2,4,8],"killed_by":"Hexaghost","ascension_level":12}}