{"host":"j4g6ia6asvpyu2b0","time":1611245188,"event":{"mods":["BaseMod","Colored Map","Minty Spire (QoL Compilation)","Permanent Neow","Quick Restart","Relic Stats","StSLib","Unceasing Turn Reminder"],"gold_per_floor":[119,194,214,225,242,242,242],"floor_reached":6,"language":"ENG","playtime":178,"items_purged":[],"score":65,"play_id":"75e67646-0916-46b5-83a8-50dbdc3dc87f","local_time":"20210121090628","is_ascension_mode":true,"campfire_choices":[],"circlet_count":0,"master_deck":["AscendersBane","Strike_R","Strike_R","Strike_R","Strike_R","Strike_R","Defend_R","Defend_R","Defend_R","Defend_R","Bash","CurseOfTheBell","Rage","Headbutt","Battle Trance","Pummel"],"relics":["Calling Bell","Art of War","Kunai","Torii"],"acts_visited":["Exordium"],"potions_floor_usage":[4,6],"damage_taken":[{"damage":9,"enemies":"2 Louse","floor":1,"turns":3},{"damage":14,"enemies":"Jaw Worm","floor":3,"turns":4},{"damage":2,"enemies":"Cultist","floor":4,"turns":5},{"damage":1,"enemies":"Blue Slaver","floor":5,"turns":4},{"damage":50,"enemies":"Lagavulin","floor":6,"turns":6}],"seed_played":"3892198503465483159","potions_obtained":[{"floor":3,"key":"Regen Potion"},{"floor":5,"key":"Block Potion"}],"is_trial":false,"path_per_floor":["M","?","M","M","M","E"],"character_chosen":"IRONCLAD","items_purchased":[],"campfire_rested":0,"item_purchase_floors":[],"current_hp_per_floor":[59,48,34,46,45,0,0],"gold":242,"neow_bonus":"BOSS_RELIC","is_daily":false,"chose_seed":false,"campfire_upgraded":0,"win_rate":0.0,"timestamp":1611245188,"path_taken":["M","?","M","M","M","E"],"items_purchased_type":[],"build_version":"2020-12-22","purchased_purges":0,"victory":false,"max_hp_per_floor":[75,75,75,75,75,75,75],"relic_stats":{"Torii":6,"counters":[5,22],"Art of War":[1],"Kunai":[4],"obtain_stats":[{"Calling Bell":0,"Torii":0,"Art of War":0,"Kunai":0,"Burning Blood":0},{"Calling Bell":0,"Torii":0,"Art of War":0,"Kunai":0,"Burning Blood":0},{"Calling Bell":0,"Torii":0,"Art of War":0,"Kunai":0,"Burning Blood":0}]},"card_choices":[{"not_picked":["Warcry","Headbutt"],"picked":"Rage","floor":1},{"not_picked":["Heavy Blade","Searing Blow"],"picked":"Headbutt","floor":3},{"not_picked":["Clothesline","Exhume"],"picked":"Battle Trance","floor":4},{"not_picked":["Warcry","Wild Strike"],"picked":"Pummel","floor":5}],"player_experience":907174,"relics_obtained":[{"floor":0,"key":"Art of War"},{"floor":0,"key":"Kunai"},{"floor":0,"key":"Torii"}],"event_choices":[{"damage_healed":0,"gold_gain":75,"player_choice":"Gather Gold","damage_taken":11,"max_hp_gain":0,"max_hp_loss":0,"event_name":"World of Goop","floor":2,"gold_loss":0}],"is_beta":false,"boss_relics":[],"items_purged_floors":[],"is_endless":false,"potions_floor_spawned":[3,5],"killed_by":"Lagavulin","ascension_level":14}}