{"host":"vpaavrwbmey593fx","time":1611264481,"event":{"mods":["AchievementEnabler","BaseMod","Bestiary","Colored Map","Colored Powertips","DeckTracker","Minty Spire (QoL Compilation)","Relic Sorter"],"gold_per_floor":[113,128,140,140,153,153,193,193,219,219,238,276,290,314,314,314,314],"floor_reached":16,"language":"ENG","playtime":1006,"items_purged":[],"score":140,"play_id":"295ec431-8f0d-4cc0-b10c-1e95ac590e39","local_time":"20210121132801","is_ascension_mode":true,"campfire_choices":[{"data":"Double Tap","floor":6,"key":"SMITH"},{"data":"Havoc","floor":8,"key":"SMITH"},{"floor":10,"key":"REST"},{"floor":15,"key":"REST"}],"circlet_count":0,"master_deck":["Strike_R","Strike_R","Strike_R","Strike_R","Strike_R","Defend_R","Defend_R","Defend_R","Defend_R","Bash","Double Tap+1","Havoc+1","Cleave","Shrug It Off"],"relics":["Burning Blood","Golden Idol","PreservedInsect","Boot","Orichalcum"],"acts_visited":["Exordium"],"potions_floor_usage":[5,7,12,16],"damage_taken":[{"damage":0,"enemies":"Small Slimes","floor":1,"turns":3},{"damage":11,"enemies":"Jaw Worm","floor":2,"turns":4},{"damage":1,"enemies":"Cultist","floor":3,"turns":4},{"damage":7,"enemies":"Looter","floor":5,"turns":3},{"damage":45,"enemies":"3 Sentries","floor":7,"turns":10},{"damage":6,"enemies":"Lots of Slimes","floor":11,"turns":2},{"damage":22,"enemies":"Lagavulin","floor":12,"turns":6},{"damage":7,"enemies":"Large Slime","floor":13,"turns":5},{"damage":53,"enemies":"Hexaghost","floor":16,"turns":9}],"seed_played":"7545995425447633615","potions_obtained":[{"floor":3,"key":"BlessingOfTheForge"},{"floor":5,"key":"Energy Potion"},{"floor":7,"key":"Strength Potion"},{"floor":11,"key":"AttackPotion"},{"floor":13,"key":"Ancient Potion"}],"is_trial":false,"path_per_floor":["M","M","M","?","M","R","E","R","T","R","M","E","M","T","R","B"],"character_chosen":"IRONCLAD","items_purchased":[],"campfire_rested":2,"item_purchase_floors":[],"current_hp_per_floor":[80,75,80,60,59,59,20,20,20,44,44,28,27,27,51,0,0],"gold":314,"neow_bonus":"ONE_RANDOM_RARE_CARD","is_daily":false,"chose_seed":false,"campfire_upgraded":2,"win_rate":0.0,"timestamp":1611264481,"path_taken":["M","M","M","?","M","R","E","R","T","R","M","E","M","?","R","BOSS"],"items_purchased_type":[],"build_version":"2020-12-22","purchased_purges":0,"victory":false,"max_hp_per_floor":[80,80,80,80,80,80,80,80,80,80,80,80,80,80,80,80,80],"card_choices":[{"not_picked":["Headbutt","Flex","Twin Strike"],"picked":"SKIP","floor":1},{"not_picked":["Blood for Blood","Flex"],"picked":"Havoc","floor":2},{"not_picked":["Burning Pact","Pommel Strike"],"picked":"Cleave","floor":3},{"not_picked":["Body Slam","Sever Soul","Bloodletting"],"picked":"SKIP","floor":5},{"not_picked":["Body Slam","Blood for Blood"],"picked":"Shrug It Off","floor":7},{"not_picked":["Heavy Blade","Second Wind","Hemokinesis"],"picked":"SKIP","floor":11},{"not_picked":["Thunderclap","Clash","Brutality"],"picked":"SKIP","floor":12},{"not_picked":["Flex","Twin Strike","Carnage"],"picked":"SKIP","floor":13}],"player_experience":233635,"relics_obtained":[{"floor":7,"key":"PreservedInsect"},{"floor":12,"key":"Boot"},{"floor":14,"key":"Orichalcum"}],"event_choices":[{"damage_healed":0,"gold_gain":0,"player_choice":"Take Damage","damage_taken":20,"relics_obtained":["Golden Idol"],"max_hp_gain":0,"max_hp_loss":0,"event_name":"Golden Idol","floor":4,"gold_loss":0}],"is_beta":false,"boss_relics":[],"items_purged_floors":[],"is_endless":false,"potions_floor_spawned":[3,5,7,11,13],"killed_by":"Hexaghost","ascension_level":5}}