{"host":"rupmf8lnk599ormj","time":1611264972,"event":{"mods":["2.2 Compatiblity","AchievementEnabler","BaseMod","Better Match","Better Third Choice","BetterRewards","Colored Map","Colored Powertips","Conspire","Downfall","Evolution","Gold Saver","Googly Eyes","Hubris","Minty Spire (QoL Compilation)","Quick Restart","Rare Cards Sparkle","Shade Mod","Spicy Shops","StSLib","The Cursed"],"gold_per_floor":[1158,1173,1188,195,195,510,510,510,525,625,625,640,655,670,685,785,785,685,700,715,300,300,300,350,365,380,395,410,425,440,450,465,565,565,565,580,595,610,89,104,129,144,144,159,159,174,54,54,69,69],"floor_reached":51,"language":"ENG","playtime":3574,"items_purged":[],"score":903,"play_id":"b4adb526-8738-48ee-9af2-8c596afae87f","local_time":"20210121163612","daily_mods":["Allstar","Vintage","Terminal"],"is_ascension_mode":false,"campfire_choices":[{"floor":1.0,"key":"RECALL"},{"data":"Discovery","floor":18.0,"key":"SMITH"},{"data":"Guardian:CompilePackage","floor":23.0,"key":"SMITH"},{"data":"Guardian:ConstructionForm","floor":35,"key":"SMITH"}],"circlet_count":0,"master_deck":["Guardian:PrimingBeam","Guardian:PrimingBeam","Guardian:PrimingBeam","Guardian:Strike_Guardian","Guardian:Defend_Guardian","Guardian:Defend_Guardian+1","Guardian:Defend_Guardian+1","Guardian:CurlUp","Guardian:TwinSlam","Secret Technique","Apotheosis+1","Mind Blast+1","Discovery+1","Guardian:TemporalShield","Metamorphosis+1","Guardian:Incinerate","Guardian:CompilePackage+1","Guardian:ChargeCore","Guardian:SentryBeam","hubris:NaturalOne","Guardian:StasisStrike","Guardian:ShieldCharger","Guardian:ConstructionForm+1","Guardian:TemporalStrike+1","Guardian:SpikerProtocol"],"relics":["Guardian:ModeShifter","EVO:Axolotl","Boot","Smiling Mask","Chemical X","FossilizedHelix","Guardian:PocketSentry","Unceasing Top","hubris:BottledRain","Old Coin","Strawberry","hubris:Icosahedron","Matryoshka","Bird Faced Urn","conspire:DecoderRing","Question Card","Bottled Flame","conspire:SpecialSausage","downfall:HeartBlessingRed","Guardian:DefensiveModeMoreBlock","conspire:TopHat","hubris:PeanutButter","hexamod:BolsterEngine","Art of War","War Paint","The Courier","Boot","Dead Branch","PreservedInsect","hubris:SlimyHat","Regal Pillow","Blood Vial","hubris:ToyBattleship","expansioncontent:StudyCardRelic","Pen Nib","Kunai","hubris:Zylophone","Lee\u0027s Waffle","bronze:BronzeIdol","Bronze Scales","Anchor","Guardian:PickAxe","Ginger","hubris:TinFlute","Oddly Smooth Stone","hubris:CrystalStatue","hubris:DeckOfHolding","Bag of Marbles","hubris:HerbalPaste","hubris:ToyBattleship","sneckomod:BlankCard"],"acts_visited":["Exordium","TheCity","TheBeyond"],"potions_floor_usage":[],"damage_taken":[{"damage":2.0,"enemies":"2 Louse","floor":2.0,"turns":4.0},{"damage":5.0,"enemies":"Small Slimes","floor":3.0,"turns":3.0},{"damage":0.0,"enemies":"downfall:FleeingMerchant","floor":4.0,"turns":4.0},{"damage":0.0,"enemies":"Cultist","floor":6.0,"turns":3.0},{"damage":0.0,"enemies":"3 Louse","floor":9.0,"turns":3.0},{"damage":7.0,"enemies":"downfall:Heads","floor":10.0,"turns":8.0},{"damage":6.0,"enemies":"conspire:MimicChest","floor":12.0,"turns":6.0},{"damage":0.0,"enemies":"Red Slaver","floor":13.0,"turns":2.0},{"damage":0.0,"enemies":"2 Fungi Beasts","floor":14.0,"turns":1.0},{"damage":0.0,"enemies":"Exordium Thugs","floor":15.0,"turns":3.0},{"damage":0.0,"enemies":"DF_ARCHETYPE_STREAMLINE","floor":16.0,"turns":9.0},{"damage":2.0,"enemies":"Shell Parasite","floor":19.0,"turns":4.0},{"damage":0.0,"enemies":"Chosen and Byrds","floor":20.0,"turns":5.0},{"damage":9.0,"enemies":"downfall:FleeingMerchant","floor":21.0,"turns":4.0},{"damage":0.0,"enemies":"Centurion and Healer","floor":25.0,"turns":6.0},{"damage":0.0,"enemies":"Cultist and Chosen","floor":26.0,"turns":4.0},{"damage":0.0,"enemies":"Snecko","floor":27.0,"turns":4.0},{"damage":0.0,"enemies":"3 Cultists","floor":28.0,"turns":1.0},{"damage":0.0,"enemies":"Shelled Parasite and Fungi","floor":29.0,"turns":4.0},{"damage":0.0,"enemies":"Centurion and Healer","floor":30.0,"turns":3.0},{"damage":0.0,"enemies":"downfall:FleeingMerchant","floor":31.0,"turns":4.0},{"damage":0,"enemies":"Chosen and Byrds","floor":32,"turns":4},{"damage":0,"enemies":"WA_ARCHETYPE_CALM","floor":33,"turns":7},{"damage":0,"enemies":"3 Darklings","floor":36,"turns":3},{"damage":0,"enemies":"Orb Walker","floor":37,"turns":3},{"damage":0,"enemies":"Spire Growth","floor":38,"turns":4},{"damage":0,"enemies":"downfall:FleeingMerchant","floor":39,"turns":2},{"damage":0,"enemies":"Jaw Worm Horde","floor":40,"turns":3},{"damage":0,"enemies":"3 Darklings","floor":42,"turns":3},{"damage":0,"enemies":"Transient","floor":44,"turns":5},{"damage":0,"enemies":"4 Shapes","floor":46,"turns":3},{"damage":0,"enemies":"Jaw Worm Horde","floor":49,"turns":3},{"damage":20,"enemies":"SI_POISON_ARCHETYPE","floor":50,"turns":4}],"seed_played":"-1760728548950895142","potions_obtained":[{"floor":2.0,"key":"BlessingOfTheForge"},{"floor":6.0,"key":"BlessingOfTheForge"},{"floor":20.0,"key":"DuplicationPotion"},{"floor":28.0,"key":"sneckomod:MuddlingPotion"}],"is_trial":false,"path_per_floor":["R","M","M","$","?","M","T","?","M","?","?","?","M","M","M","B",null,"R","M","M","$","?","R","T","M","M","M","M","M","M","$","M","B",null,"R","M","M","M","$","M","T","M","?","M","?","M","$","?","M","B",null],"character_chosen":"GUARDIAN","items_purchased":["Chemical X","FossilizedHelix","Guardian:PocketSentry","Unceasing Top","Metamorphosis","Guardian:Gem_Cyan","Guardian:Incinerate","hubris:PeanutButter","hexamod:BolsterEngine","Lee\u0027s Waffle","bronze:BronzeIdol","Bronze Scales","Anchor","Guardian:SpikerProtocol","Guardian:PickAxe","Ginger","hubris:HerbalPaste"],"campfire_rested":0,"item_purchase_floors":[4,4,4,4,4,4,4,21,21,39,39,39,39,39,39,39,47],"current_hp_per_floor":[78,76,71,71,68,68,75,75,75,68,68,62,62,62,62,64,69,68,66,66,57,57,57,57,57,57,57,57,57,56,55,54,53,52,51,50,49,48,54,53,52,51,50,49,48,47,46,45,44,24],"gold":69,"neow_bonus":"","is_daily":true,"chose_seed":false,"campfire_upgraded":3,"win_rate":0.0,"timestamp":1611264972,"path_taken":["R","M","M","$","?","M","T","?","M","?","?","?","M","?","M","BOSS","R","M","M","$","?","R","T","M","M","?","M","M","M","?","M","BOSS","R","M","M","M","$","M","T","M","?","M","?","?","$","?","M","BOSS"],"items_purchased_type":["Relic","Relic","Relic","Relic","Card","Card","Card","Relic","Relic","Relic","Relic","Relic","Relic","Card","Relic","Relic","Relic"],"build_version":"2020-12-22","purchased_purges":0,"victory":true,"max_hp_per_floor":[78,77,76,75,74,73,79,78,77,76,75,74,73,72,71,70,69,68,67,66,65,64,63,62,61,60,59,58,57,56,55,54,53,52,51,50,49,48,54,53,52,51,50,49,48,47,46,45,44,43],"card_choices":[{"not_picked":["Guardian:CrystalBeam","Guardian:MultiBeam"],"picked":"Guardian:TemporalShield","floor":4.0},{"not_picked":["Guardian:Planning","Guardian:Gem_Cyan"],"picked":"Guardian:ChargeCore","floor":10.0},{"not_picked":["Guardian:Reroute","Guardian:Suspension"],"picked":"Guardian:SentryBeam","floor":12.0},{"not_picked":["Guardian:Gem_Synthetic","Guardian:StasisField","Guardian:FierceBash"],"picked":"Guardian:StasisStrike","floor":16.0},{"not_picked":["Guardian:Gem_Fragmented","Guardian:Gem_Cyan","Guardian:PrimingBeam+1"],"picked":"Guardian:ShieldCharger","floor":21.0},{"not_picked":["Guardian:GemFinder","Guardian:BaubleBeam","Guardian:ExploitGems"],"picked":"Guardian:ConstructionForm","floor":33},{"not_picked":["Guardian:DecasProtection+1","Guardian:Incinerate","Guardian:Gem_Green"],"picked":"Guardian:TemporalStrike+1","floor":39}],"player_experience":225758,"relics_obtained":[{"floor":2.0,"key":"Boot"},{"floor":3.0,"key":"Smiling Mask"},{"floor":6.0,"key":"Old Coin"},{"floor":7.0,"key":"Strawberry"},{"floor":9.0,"key":"Matryoshka"},{"floor":12.0,"key":"Bird Faced Urn"},{"floor":13.0,"key":"conspire:DecoderRing"},{"floor":14.0,"key":"Question Card"},{"floor":15.0,"key":"Bottled Flame"},{"floor":19.0,"key":"Guardian:DefensiveModeMoreBlock"},{"floor":20.0,"key":"conspire:TopHat"},{"floor":24.0,"key":"Art of War"},{"floor":24.0,"key":"War Paint"},{"floor":25.0,"key":"The Courier"},{"floor":26.0,"key":"Boot"},{"floor":27.0,"key":"Dead Branch"},{"floor":28.0,"key":"PreservedInsect"},{"floor":29.0,"key":"hubris:SlimyHat"},{"floor":30.0,"key":"Regal Pillow"},{"floor":31,"key":"Blood Vial"},{"floor":31,"key":"hubris:ToyBattleship"},{"floor":36,"key":"Pen Nib"},{"floor":37,"key":"Kunai"},{"floor":38,"key":"hubris:Zylophone"},{"floor":40,"key":"hubris:TinFlute"},{"floor":41,"key":"Oddly Smooth Stone"},{"floor":42,"key":"hubris:CrystalStatue"},{"floor":44,"key":"hubris:DeckOfHolding"},{"floor":46,"key":"Bag of Marbles"},{"floor":48,"key":"hubris:ToyBattleship"},{"floor":49,"key":"sneckomod:BlankCard"}],"event_choices":[{"damage_healed":0.0,"max_hp_gain":0.0,"max_hp_loss":0.0,"gold_gain":1.0,"event_name":"betterThird:BetterScrap","player_choice":"Relic ","floor":5.0,"gold_loss":0.0,"damage_taken":3.0,"cards_obtained":["hubris:SpecializedCircuitry"]},{"cards_removed":["Guardian:Defend_Guardian"],"damage_healed":0,"gold_gain":0,"player_choice":"Removed Skill","damage_taken":0,"max_hp_gain":0,"max_hp_loss":0,"event_name":"Falling","floor":43,"gold_loss":0}],"is_beta":false,"boss_relics":[{"not_picked":["SlaversCollar","Velvet Choker"],"picked":"conspire:SpecialSausage"},{"not_picked":["conspire:RoyalGoblet","hubris:Stopwatch"],"picked":"expansioncontent:StudyCardRelic"}],"items_purged_floors":[],"is_endless":false,"potions_floor_spawned":[2,6,9,20,25,26,28,30,37,40,46,49],"ascension_level":0}}