{"host":"sc0o2qwpf9j16a4i","time":1611265656,"event":{"mods":["AchievementEnabler","BaseMod","BetterRewards","Block Reminder","Colored Map","Colored Powertips","Custom Start","Highlight Path","Minty Spire (QoL Compilation)","Relic Stats"],"gold_per_floor":[115,115,127,58,70,70,103,118,173,173,188,200,212,243,243,315,315,329,329,329,86,101,101,126,145,145,155,172,172,172],"floor_reached":29,"language":"ENG","playtime":1321,"items_purged":["Strike_B"],"score":818,"play_id":"e1be5f06-bb1a-4e42-bde5-4b0880d6606e","local_time":"20210121234736","is_ascension_mode":true,"campfire_choices":[{"floor":6,"key":"REST"},{"data":"Cold Snap","floor":10,"key":"SMITH"},{"data":"Doom and Gloom","floor":15,"key":"SMITH"},{"data":"Capacitor","floor":23,"key":"SMITH"}],"circlet_count":0,"master_deck":["AscendersBane","Strike_B","Strike_B","Strike_B","Defend_B","Defend_B","Defend_B","Defend_B","Zap","Dualcast","Cold Snap","Leap","Cold Snap+1","Seek","Conserve Battery","Coolheaded","Doom and Gloom+1","Creative AI","Ghostly+1","Ghostly+1","Ghostly+1","Capacitor+1","Heatsinks+1","Barrage+1","Force Field+1","Barrage+1"],"relics":["Cracked Core","Lantern","Tiny Chest","ClockworkSouvenir","Letter Opener","Pear","Ancient Tea Set","Nunchaku","Toxic Egg 2","Snecko Eye","Matryoshka","Orrery","Orichalcum","Bag of Marbles","Meat on the Bone"],"acts_visited":["Exordium","TheCity"],"potions_floor_usage":[5,7,12,16,24,25,27,28,29],"damage_taken":[{"damage":2,"enemies":"Jaw Worm","floor":1,"turns":2},{"damage":0,"enemies":"Small Slimes","floor":3,"turns":2},{"damage":4,"enemies":"Cultist","floor":5,"turns":3},{"damage":2,"enemies":"3 Sentries","floor":7,"turns":8},{"damage":7,"enemies":"Large Slime","floor":8,"turns":5},{"damage":10,"enemies":"Exordium Wildlife","floor":11,"turns":2},{"damage":1,"enemies":"Gremlin Gang","floor":12,"turns":3},{"damage":0,"enemies":"2 Fungi Beasts","floor":13,"turns":3},{"damage":1,"enemies":"Lagavulin","floor":14,"turns":11},{"damage":0,"enemies":"Slime Boss","floor":16,"turns":7},{"damage":23,"enemies":"Shell Parasite","floor":18,"turns":8},{"damage":10,"enemies":"3 Byrds","floor":22,"turns":5},{"damage":21,"enemies":"Slavers","floor":24,"turns":7},{"damage":10,"enemies":"Snecko","floor":25,"turns":6},{"damage":1,"enemies":"Snake Plant","floor":27,"turns":5},{"damage":9,"enemies":"Centurion and Healer","floor":28,"turns":7},{"damage":19,"enemies":"Gremlin Leader","floor":29,"turns":6}],"seed_played":"1621236286872257279","potions_obtained":[{"floor":1,"key":"Fruit Juice"},{"floor":5,"key":"Energy Potion"},{"floor":8,"key":"PowerPotion"},{"floor":16,"key":"Explosive Potion"},{"floor":24,"key":"PowerPotion"},{"floor":25,"key":"DistilledChaos"},{"floor":27,"key":"Explosive Potion"},{"floor":28,"key":"Energy Potion"}],"is_trial":false,"path_per_floor":["M","?","M","?","M","R","E","M","T","R","M","M","M","E","R","B",null,"M","T","?","$","M","R","E","M","T","M","M","E"],"character_chosen":"DEFECT","items_purchased":["Lantern","Tiny Chest","ClockworkSouvenir","Letter Opener","FocusPotion","Orrery"],"campfire_rested":1,"item_purchase_floors":[0,0,0,0,0,21],"current_hp_per_floor":[32,32,32,42,43,68,66,59,59,59,49,48,48,47,47,47,76,53,53,43,43,33,33,12,2,2,13,16,0,0],"gold":172,"neow_bonus":"","is_daily":false,"chose_seed":false,"campfire_upgraded":3,"win_rate":0.0,"timestamp":1611265656,"path_taken":["M","?","M","?","M","R","E","M","T","R","M","M","?","E","R","BOSS","M","?","?","?","M","R","E","?","T","M","M","E"],"items_purchased_type":["Relic","Relic","Relic","Relic","Potion","Relic"],"build_version":"2020-12-22","purchased_purges":1,"victory":false,"max_hp_per_floor":[71,71,71,81,86,86,86,86,86,86,86,86,86,86,86,86,86,86,86,43,43,43,43,43,43,43,43,43,43,43],"relic_stats":{"Nunchaku":[17],"counters":[37,214],"Snecko Eye":[79,98,89,87],"Tiny Chest":1,"Letter Opener":[146],"Orichalcum":[48],"obtain_stats":[{"Lantern":9,"CeramicFish":30,"Ancient Tea Set":7,"Old Coin":0,"ClockworkSouvenir":0,"Centennial Puzzle":26,"Nunchaku":28,"Matryoshka":19,"DollysMirror":20,"Tiny Chest":0,"Toxic Egg 2":14,"Cracked Core":0,"Runic Pyramid":34,"Pear":4,"Letter Opener":0,"Odd Mushroom":14,"Orichalcum":24,"Question Card":40,"SlaversCollar":17,"Bronze Scales":10,"Snecko Eye":17,"Orrery":21,"Bag of Marbles":26,"Toy Ornithopter":22,"Meat on the Bone":26},{"Lantern":4,"CeramicFish":13,"Ancient Tea Set":24,"Old Coin":0,"ClockworkSouvenir":20,"Centennial Puzzle":10,"Nunchaku":11,"Matryoshka":31,"DollysMirror":9,"Tiny Chest":20,"Toxic Egg 2":29,"Cracked Core":0,"Runic Pyramid":14,"Pear":22,"Letter Opener":20,"Odd Mushroom":7,"Orichalcum":33,"Question Card":18,"SlaversCollar":8,"Bronze Scales":5,"Snecko Eye":30,"Orrery":31,"Bag of Marbles":34,"Toy Ornithopter":9,"Meat on the Bone":34},{"Lantern":11,"CeramicFish":59,"Ancient Tea Set":139,"Old Coin":0,"ClockworkSouvenir":124,"Centennial Puzzle":40,"Nunchaku":45,"Matryoshka":178,"DollysMirror":38,"Tiny Chest":124,"Toxic Egg 2":163,"Cracked Core":0,"Runic Pyramid":75,"Pear":128,"Letter Opener":124,"Odd Mushroom":25,"Orichalcum":190,"Question Card":107,"SlaversCollar":34,"Bronze Scales":18,"Snecko Eye":170,"Orrery":178,"Bag of Marbles":196,"Toy Ornithopter":38,"Meat on the Bone":196}],"Meat on the Bone":24},"card_choices":[{"not_picked":["Rebound","Ball Lightning"],"picked":"Cold Snap","floor":1},{"not_picked":["Aggregate","Fusion"],"picked":"Leap","floor":3},{"not_picked":["Fusion","BootSequence"],"picked":"Cold Snap","floor":5},{"not_picked":["Stack","Go for the Eyes"],"picked":"Seek","floor":7},{"not_picked":["Rebound","Stack","Turbo"],"picked":"SKIP","floor":8},{"not_picked":["Stack","Aggregate"],"picked":"Conserve Battery","floor":11},{"not_picked":["Glacier","Cold Snap","Conserve Battery"],"picked":"SKIP","floor":12},{"not_picked":["Go for the Eyes","Steam"],"picked":"Coolheaded","floor":13},{"not_picked":["Gash","Chill+1"],"picked":"Doom and Gloom","floor":14},{"not_picked":["Echo Form","Seek+1"],"picked":"Creative AI","floor":16},{"not_picked":["Streamline+1","Gash","Stack+1"],"picked":"SKIP","floor":18},{"not_picked":["Force Field+1","Cold Snap"],"picked":"Capacitor","floor":21},{"not_picked":["Multi-Cast+1","Lockon"],"picked":"Heatsinks+1","floor":21},{"not_picked":["Melter","Steam Power+1"],"picked":"Barrage+1","floor":21},{"not_picked":["Redo+1","Steam+1"],"picked":"Force Field+1","floor":22},{"not_picked":["Scrape","Hyperbeam","Streamline"],"picked":"SKIP","floor":24},{"not_picked":["Sweeping Beam","Go for the Eyes+1","Turbo+1"],"picked":"SKIP","floor":25},{"not_picked":["Conserve Battery+1","Sweeping Beam"],"picked":"Barrage+1","floor":27},{"not_picked":["Conserve Battery+1","Streamline","Redo+1"],"picked":"SKIP","floor":28}],"player_experience":864072,"relics_obtained":[{"floor":7,"key":"Ancient Tea Set"},{"floor":9,"key":"Nunchaku"},{"floor":14,"key":"Toxic Egg 2"},{"floor":19,"key":"Matryoshka"},{"floor":24,"key":"Orichalcum"},{"floor":26,"key":"Bag of Marbles"},{"floor":26,"key":"Meat on the Bone"}],"event_choices":[{"damage_healed":0,"gold_gain":0,"player_choice":"Ignored","damage_taken":0,"max_hp_gain":0,"max_hp_loss":0,"event_name":"Liars Game","floor":2,"gold_loss":0},{"damage_healed":0,"gold_gain":0,"player_choice":"Paid Gold","damage_taken":0,"relics_obtained":["Pear"],"max_hp_gain":0,"max_hp_loss":0,"event_name":"WeMeetAgain","floor":4,"gold_loss":69},{"damage_healed":0,"gold_gain":0,"player_choice":"Became a Ghost","damage_taken":0,"max_hp_gain":0,"max_hp_loss":43,"event_name":"Ghosts","floor":20,"gold_loss":0,"cards_obtained":["Ghostly","Ghostly","Ghostly"]}],"is_beta":false,"boss_relics":[{"not_picked":["SlaversCollar","Pandora\u0027s Box"],"picked":"Snecko Eye"}],"items_purged_floors":[21],"is_endless":false,"potions_floor_spawned":[1,5,8,11,16,24,25,27,28],"killed_by":"Gremlin Leader","ascension_level":20}}