{"host":"55tc37xg1wo9jlmy","time":1611252280,"event":{"mods":["BaseMod","GifTheSpireLib","Minty Spire (QoL Compilation)","StSLib","The Alterego","The Animator","The Runesmith"],"gold_per_floor":[109,109,125,142,142,170,170,201,201,227,6,23,33,47,47,47,47],"floor_reached":16,"language":"ZHS","playtime":595,"items_purged":["Strike_G"],"score":159,"play_id":"be254417-07ac-4f28-8e7f-601f662250f0","local_time":"20210122020440","is_ascension_mode":true,"campfire_choices":[{"floor":7,"key":"REST"},{"data":"Survivor","floor":15,"key":"SMITH"}],"circlet_count":0,"master_deck":["Strike_G","Strike_G","Strike_G","Strike_G","Defend_G","Defend_G","Defend_G","Defend_G","Survivor+1","Neutralize+1","Dagger Spray","Dagger Throw","Reflex","Storm of Steel","Expertise","Well Laid Plans","Cloak And Dagger","Blade Dance"],"relics":["Ring of the Snake","NeowsBlessing","Bronze Scales","Runesmith:Nanobots","Orichalcum","Eternal Feather","Medical Kit"],"acts_visited":["Exordium"],"potions_floor_usage":[8,10],"damage_taken":[{"damage":0,"enemies":"Small Slimes","floor":1,"turns":1},{"damage":0,"enemies":"Cultist","floor":3,"turns":1},{"damage":0,"enemies":"2 Louse","floor":4,"turns":1},{"damage":30,"enemies":"Gremlin Nob","floor":6,"turns":5},{"damage":35,"enemies":"Lagavulin","floor":8,"turns":8},{"damage":1,"enemies":"Gremlin Nob","floor":10,"turns":3},{"damage":0,"enemies":"Gremlin Gang","floor":12,"turns":3},{"damage":0,"enemies":"Blue Slaver","floor":13,"turns":3},{"damage":0,"enemies":"Lots of Slimes","floor":14,"turns":1},{"damage":35,"enemies":"Slime Boss","floor":16,"turns":5}],"seed_played":"-5763914779213980562","potions_obtained":[{"floor":4,"key":"Explosive Potion"},{"floor":6,"key":"Fire Potion"},{"floor":12,"key":"Regen Potion"},{"floor":13,"key":"BlessingOfTheForge"}],"is_trial":false,"path_per_floor":["M","?","M","M","?","E","R","E","T","E","$","M","M","M","R","B"],"character_chosen":"THE_SILENT","items_purchased":["Medical Kit"],"campfire_rested":1,"item_purchase_floors":[11],"current_hp_per_floor":[63,63,63,63,63,33,54,19,19,18,18,18,18,18,27,0,0],"gold":47,"neow_bonus":"THREE_ENEMY_KILL","is_daily":false,"chose_seed":false,"campfire_upgraded":1,"win_rate":0.0,"timestamp":1611252280,"path_taken":["M","?","M","?","?","E","R","E","T","E","$","M","M","?","R","BOSS"],"items_purchased_type":["Relic"],"build_version":"2020-12-22","purchased_purges":1,"victory":false,"max_hp_per_floor":[70,70,70,70,70,70,70,70,70,70,70,70,70,70,70,70,70],"card_choices":[{"not_picked":["Prepared","Heel Hook"],"picked":"Dagger Spray","floor":1},{"not_picked":["Flying Knee","Dodge and Roll"],"picked":"Dagger Throw","floor":3},{"not_picked":["Dagger Spray","Expertise"],"picked":"Reflex","floor":4},{"not_picked":["Eviscerate","Flechettes"],"picked":"Storm of Steel","floor":6},{"not_picked":["Bouncing Flask","PiercingWail"],"picked":"Expertise","floor":8},{"not_picked":["Setup","Bane"],"picked":"Well Laid Plans","floor":10},{"not_picked":["Crippling Poison","Deadly Poison"],"picked":"Cloak And Dagger","floor":12},{"not_picked":["Endless Agony","Dagger Spray"],"picked":"Blade Dance","floor":13},{"not_picked":["Poisoned Stab","Bane","Sucker Punch"],"picked":"SKIP","floor":14}],"player_experience":912894,"relics_obtained":[{"floor":6,"key":"Bronze Scales"},{"floor":8,"key":"Runesmith:Nanobots"},{"floor":9,"key":"Orichalcum"},{"floor":10,"key":"Eternal Feather"}],"event_choices":[{"damage_healed":0,"gold_gain":0,"player_choice":"Upgraded","damage_taken":0,"max_hp_gain":0,"max_hp_loss":0,"event_name":"Upgrade Shrine","floor":2,"gold_loss":0,"cards_upgraded":["Neutralize"]},{"cards_removed":["Defend_G"],"damage_healed":0,"gold_gain":0,"player_choice":"Offered Basic","damage_taken":0,"max_hp_gain":0,"max_hp_loss":0,"event_name":"Bonfire Elementals","floor":5,"gold_loss":0}],"is_beta":false,"boss_relics":[],"items_purged_floors":[11],"is_endless":false,"potions_floor_spawned":[4,6,12,13],"killed_by":"Slime Boss","ascension_level":6}}