{"host":"l2dnabsh5e0fsksb","time":1611194731,"event":{"mods":["2.2 Compatiblity","BaseMod","Downfall","Minty Spire (QoL Compilation)","Quick Restart","StSLib"],"gold_per_floor":[99,99,99,99,99,130,175,200,236,245,274,299,308,338,367,478,505,305,326,326,444,453,453,453,453],"floor_reached":23,"language":"ENG","playtime":707,"items_purged":[],"score":288,"play_id":"269a0bb0-0cc1-461d-971d-2fd148658996","local_time":"20210121123531","is_ascension_mode":true,"campfire_choices":[{"floor":1,"key":"RECALL"},{"data":"bronze:Library","floor":18,"key":"SMITH"}],"circlet_count":0,"master_deck":["bronze:Strike","bronze:Strike","bronze:Defend","bronze:Defend","bronze:Defend+1","bronze:Replicate","bronze:Goto","bronze:Iterate","Regret","bronze:Branch+1","bronze:WhirlingStrike+1","bronze:Iterate","bronze:Library+1","bronze:Library","bronze:Optimize","bronze:Flail","downfall:Malfunctioning","bronze:BitShift","bronze:CleanCode","bronze:ForceShield+1","bronze:FineTuning+1","bronze:DigitalCarnage+1","bronze:OilSpill+1","bronze:DonuBeam+1","bronze:WhirlingStrike+1","Pride"],"relics":["bronze:BronzeCore","downfall:HeartsMalice","Torii","downfall:BrokenWingStatue","White Beast Statue","CeramicFish","Peace Pipe","hexamod:BolsterEngine","Astrolabe","downfall:HeartBlessingRed","downfall:HeartBlessingGreen","Molten Egg 2","Regal Pillow"],"acts_visited":["Exordium","TheCity"],"potions_floor_usage":[14,15,16,16,16,23],"damage_taken":[{"damage":0,"enemies":"Cultist","floor":2,"turns":1},{"damage":0,"enemies":"Small Slimes","floor":5,"turns":1},{"damage":0,"enemies":"Gremlin Nob","floor":6,"turns":1},{"damage":9,"enemies":"2 Louse","floor":8,"turns":3},{"damage":16,"enemies":"3 Sentries","floor":9,"turns":7},{"damage":9,"enemies":"Gremlin Gang","floor":11,"turns":4},{"damage":3,"enemies":"Large Slime","floor":12,"turns":5},{"damage":19,"enemies":"Lagavulin","floor":14,"turns":5},{"damage":0,"enemies":"3 Louse","floor":15,"turns":1},{"damage":8,"enemies":"WA_ARCHETYPE_RETAIN","floor":16,"turns":4},{"damage":1,"enemies":"3 Byrds","floor":19,"turns":4},{"damage":13,"enemies":"3 Byrds","floor":21,"turns":4},{"damage":44,"enemies":"Book of Stabbing","floor":23,"turns":4}],"seed_played":"5178126663574005127","potions_obtained":[{"floor":6,"key":"DuplicationPotion"},{"floor":8,"key":"DuplicationPotion"},{"floor":9,"key":"hexamod:SoulburnPotion"},{"floor":11,"key":"CultistPotion"},{"floor":14,"key":"FearPotion"},{"floor":15,"key":"LiquidMemories"},{"floor":16,"key":"Ancient Potion"},{"floor":19,"key":"Explosive Potion"},{"floor":21,"key":"PowerPotion"}],"is_trial":false,"path_per_floor":["R","M","?","?","M","E","T","M","E","?","M","M","?","E","M","B",null,"R","M","?","?","?","E"],"character_chosen":"THE_AUTOMATON","items_purchased":[],"campfire_rested":0,"item_purchase_floors":[],"current_hp_per_floor":[70,70,70,70,70,70,70,61,45,45,36,33,33,14,14,6,54,54,53,53,40,40,0,0,0],"gold":453,"neow_bonus":"THREE_ENEMY_KILL","is_daily":false,"chose_seed":false,"campfire_upgraded":1,"win_rate":0.0,"timestamp":1611194731,"path_taken":["R","M","?","?","M","E","T","M","E","?","?","M","?","E","M","BOSS","R","M","?","?","?","E"],"items_purchased_type":[],"build_version":"2020-12-22","purchased_purges":0,"victory":false,"max_hp_per_floor":[70,70,70,70,70,70,70,70,70,70,70,70,70,70,70,70,70,70,70,70,70,70,70,70,70],"card_choices":[{"not_picked":["bronze:Backtrace","bronze:Overload"],"picked":"bronze:Iterate","floor":2},{"not_picked":["bronze:Shield","bronze:GetLatest"],"picked":"bronze:Branch","floor":5},{"not_picked":["bronze:MaxOutput","bronze:Deprecate"],"picked":"bronze:WhirlingStrike","floor":6},{"not_picked":["bronze:BuggyMess","bronze:Frontload"],"picked":"bronze:Iterate","floor":8},{"not_picked":["bronze:OilSpill","bronze:BitShift"],"picked":"bronze:Library","floor":9},{"not_picked":["bronze:Overheat","bronze:DelayedSlice"],"picked":"bronze:Optimize","floor":11},{"not_picked":["bronze:Backtrace","bronze:BugBarrage"],"picked":"bronze:Flail","floor":12},{"not_picked":["bronze:ChildClass","bronze:ThunderWave","bronze:Overheat"],"picked":"SKIP","floor":14},{"not_picked":["bronze:WhirlingStrike","bronze:Branch"],"picked":"bronze:BitShift","floor":15},{"not_picked":["bronze:BurnOut","bronze:SpaghettiCode"],"picked":"bronze:CleanCode","floor":16},{"not_picked":["bronze:FineTuning+1","bronze:Boost"],"picked":"bronze:OilSpill+1","floor":19},{"not_picked":[],"picked":"bronze:DonuBeam+1","floor":21},{"not_picked":["bronze:Return+1","bronze:Branch+1"],"picked":"bronze:WhirlingStrike+1","floor":21}],"player_experience":1815744,"relics_obtained":[{"floor":6,"key":"White Beast Statue"},{"floor":7,"key":"CeramicFish"},{"floor":9,"key":"Peace Pipe"},{"floor":14,"key":"hexamod:BolsterEngine"}],"event_choices":[{"damage_healed":0,"gold_gain":0,"player_choice":"Box","damage_taken":0,"relics_obtained":["Torii"],"max_hp_gain":0,"max_hp_loss":0,"event_name":"Big Fish","floor":3,"gold_loss":0,"cards_obtained":["Regret"]},{"damage_healed":0,"gold_gain":0,"player_choice":"Stole Relic","damage_taken":0,"relics_obtained":["Regal Pillow"],"max_hp_gain":0,"max_hp_loss":0,"event_name":"Addict","floor":22,"gold_loss":0,"cards_obtained":["Pride"]}],"is_beta":false,"boss_relics":[{"not_picked":["Velvet Choker","Pandora\u0027s Box"],"picked":"Astrolabe"}],"items_purged_floors":[],"is_endless":false,"potions_floor_spawned":[6,8,9,11,12,14,15,16,19,21],"killed_by":"Book of Stabbing","ascension_level":5}}