{"host":"bq4pt811tk9yrmjl","time":1611251903,"event":{"mods":["AchievementEnabler","BaseMod","Colored Map","Colored Powertips","Defuse TimeMaze Blight","Hermit","Minty Spire (QoL Compilation)","StSLib","SuperFastMode"],"gold_per_floor":[116,116,116,116,116,156,169,22,46,46,89,89,110,133,133,262,262,262,262],"floor_reached":18,"language":"ENG","playtime":214,"items_purged":[],"score":203,"play_id":"013e7bed-1cdb-42ea-8f7f-c55e843f4a78","local_time":"20210121155823","is_ascension_mode":true,"campfire_choices":[{"data":"Loop","floor":10,"key":"SMITH"},{"data":"Dualcast","floor":12,"key":"SMITH"},{"floor":15,"key":"RECALL"}],"circlet_count":0,"master_deck":["Strike_B","Strike_B","Strike_B","Strike_B","Defend_B","Defend_B","Defend_B","Defend_B","Zap+1","Dualcast+1","Loop+1","Self Repair","Auto Shields","Core Surge"],"relics":["Cracked Core","NeowsBlessing","Golden Idol","Pen Nib","Toy Ornithopter","SacredBark"],"acts_visited":["Exordium","TheCity"],"potions_floor_usage":[11,11,16,16],"damage_taken":[{"damage":0,"enemies":"2 Louse","floor":1,"turns":1},{"damage":0,"enemies":"Gremlin Nob","floor":6,"turns":1},{"damage":0,"enemies":"Small Slimes","floor":7,"turns":1},{"damage":10,"enemies":"Lagavulin","floor":11,"turns":7},{"damage":6,"enemies":"Jaw Worm","floor":13,"turns":3},{"damage":12,"enemies":"3 Louse","floor":14,"turns":3},{"damage":39,"enemies":"Slime Boss","floor":16,"turns":8},{"damage":0,"enemies":"2 Thieves","floor":18,"turns":1}],"seed_played":"8109962475184730056","potions_obtained":[{"floor":1,"key":"PotionOfCapacity"},{"floor":7,"key":"BlessingOfTheForge"},{"floor":11,"key":"FocusPotion"}],"is_trial":false,"path_per_floor":["M","?","?","?","?","E","M","$","T","R","E","R","M","M","R","B",null,"M"],"character_chosen":"DEFECT","items_purchased":["Self Repair","DistilledChaos"],"campfire_rested":0,"item_purchase_floors":[8,8],"current_hp_per_floor":[75,57,57,57,57,57,57,57,57,57,54,54,55,50,50,28,75,75,75],"gold":262,"neow_bonus":"THREE_ENEMY_KILL","is_daily":false,"chose_seed":false,"campfire_upgraded":2,"win_rate":0.0,"timestamp":1611251903,"path_taken":["M","?","?","?","?","E","M","$","T","R","E","R","M","M","R","BOSS","M"],"items_purchased_type":["Card","Potion"],"build_version":"2020-12-22","purchased_purges":0,"victory":false,"max_hp_per_floor":[75,75,75,75,75,75,75,75,75,75,75,75,75,75,75,75,75,75,75],"card_choices":[{"not_picked":["Steam","Force Field"],"picked":"Loop","floor":1},{"not_picked":["Sweeping Beam","Consume","Darkness"],"picked":"SKIP","floor":6},{"not_picked":["Steam","Rebound","Skim"],"picked":"SKIP","floor":7},{"not_picked":["Compile Driver","Reinforced Body"],"picked":"Auto Shields","floor":11},{"not_picked":["Hologram","Double Energy","Redo"],"picked":"SKIP","floor":13},{"not_picked":["Genetic Algorithm","Cold Snap","Hyperbeam"],"picked":"SKIP","floor":14},{"not_picked":["Seek","Fission"],"picked":"Core Surge","floor":16}],"player_experience":201622,"relics_obtained":[{"floor":6,"key":"Pen Nib"},{"floor":11,"key":"Toy Ornithopter"}],"event_choices":[{"damage_healed":0,"gold_gain":0,"player_choice":"Take Damage","damage_taken":18,"relics_obtained":["Golden Idol"],"max_hp_gain":0,"max_hp_loss":0,"event_name":"Golden Idol","floor":2,"gold_loss":0},{"damage_healed":0,"gold_gain":0,"player_choice":"Grow","damage_taken":0,"max_hp_gain":0,"max_hp_loss":0,"event_name":"Living Wall","floor":3,"gold_loss":0,"cards_upgraded":["Zap"]},{"damage_healed":0,"gold_gain":0,"player_choice":"Ignored","damage_taken":0,"max_hp_gain":0,"max_hp_loss":0,"event_name":"Liars Game","floor":4,"gold_loss":0},{"damage_healed":0,"gold_gain":0,"player_choice":"Ignored","damage_taken":0,"max_hp_gain":0,"max_hp_loss":0,"event_name":"Golden Wing","floor":5,"gold_loss":0}],"is_beta":false,"boss_relics":[{"not_picked":["Runic Dome","Pandora\u0027s Box"],"picked":"SacredBark"}],"items_purged_floors":[],"is_endless":false,"potions_floor_spawned":[1,7,11],"killed_by":"2 Thieves","ascension_level":1}}