{"host":"u9h06qdlnp3wgzsw","time":1611243423,"event":{"mods":["Act Like it!","BaseMod","Curses Come First","Downfall","Hallownest","Hermit","Minty Spire (QoL Compilation)","Quick Restart","Rare Cards Sparkle","Shop Mod","StSLib","The Disciple","The Hierophant","The Servant 0.9.4"],"gold_per_floor":[116,116,191,204,204,232,245,245,272,272,174,174,27,37,37,142,142,154,171,171,171,171,188,214,225,248,264,279,297,66,83,83,182,182,199,219,219,239,256,286,131,131,131,131,151,164,216,25,25,25],"floor_reached":51,"language":"ENG","playtime":7240,"items_purged":[],"score":751,"play_id":"90e9da6a-4cb2-46ac-89c9-ebbfafa09a7a","local_time":"20210121103703","is_ascension_mode":false,"campfire_choices":[{"data":"BiteCommand","floor":8.0,"key":"SMITH"},{"data":"ExoVibe","floor":10.0,"key":"SMITH"},{"data":"ResonantCall","floor":12.0,"key":"SMITH"},{"data":"SecondHand","floor":15.0,"key":"SMITH"},{"data":"ExoVibe","floor":32.0,"key":"SMITH"},{"floor":49,"key":"REST"}],"circlet_count":0,"master_deck":["Strike_Br","Strike_Br","Defend_Br","Defend_Br+1","Defend_Br","SecondHand+1","PatternShift+1","ResonantCall+1","WindUp","ExoVibe+20","BiteCommand+1","WindUp","OracleForm","Ghostly","Ghostly","Ghostly","Ghostly","Ghostly","LockedScales","LockedBlood","HandsUpC","BlueShift+1","BiteCommand+1","ExoVibe+6","Pendulum","BlueShift","ResonantCall","Ghostly","LockedAstrolabe","Bandage Up"],"relics":["Chronometer","NeowsBlessing","Pen Nib","Bag of Marbles","Strange Spoon","SlaversCollar","Lantern","War Paint","Velvet Choker","Cryopreserver","Membership Card","hexamod:CandleOfCauterizing","Centennial Puzzle","Art of War","Toy Ornithopter","MerchantsRug","Medical Kit"],"acts_visited":["Exordium","TheCity","TheBeyond"],"potions_floor_usage":[36,39,50],"damage_taken":[{"damage":0.0,"enemies":"Jaw Worm","floor":1.0,"turns":1.0},{"damage":0.0,"enemies":"Small Slimes","floor":4.0,"turns":1.0},{"damage":0.0,"enemies":"Lagavulin","floor":6.0,"turns":1.0},{"damage":3.0,"enemies":"Cultist","floor":7.0,"turns":4.0},{"damage":0.0,"enemies":"Red Slaver","floor":14.0,"turns":3.0},{"damage":35.0,"enemies":"The Guardian","floor":16.0,"turns":10.0},{"damage":25.0,"enemies":"Chosen","floor":18.0,"turns":4.0},{"damage":19.0,"enemies":"2 Thieves","floor":19.0,"turns":4.0},{"damage":1.0,"enemies":"Centurion and Healer","floor":23.0,"turns":8.0},{"damage":3.0,"enemies":"Book of Stabbing","floor":24.0,"turns":6.0},{"damage":25.0,"enemies":"3 Cultists","floor":25.0,"turns":7.0},{"damage":3.0,"enemies":"Snake Plant","floor":27.0,"turns":4.0},{"damage":6.0,"enemies":"Sentry and Sphere","floor":28.0,"turns":13.0},{"damage":1.0,"enemies":"Snecko","floor":29.0,"turns":8.0},{"damage":0.0,"enemies":"Snake Plant","floor":31.0,"turns":7.0},{"damage":0.0,"enemies":"Automaton","floor":33.0,"turns":11.0},{"damage":10.0,"enemies":"3 Darklings","floor":35.0,"turns":17.0},{"damage":8,"enemies":"Orb Walker","floor":36,"turns":6},{"damage":4,"enemies":"Sphere and 2 Shapes","floor":38,"turns":7},{"damage":1,"enemies":"Writhing Mass","floor":39,"turns":9},{"damage":5,"enemies":"Reptomancer","floor":40,"turns":9},{"damage":1,"enemies":"Transient","floor":45,"turns":5},{"damage":29,"enemies":"4 Shapes","floor":46,"turns":5},{"damage":20,"enemies":"Awakened One","floor":50,"turns":19}],"seed_played":"902777363394003298","potions_obtained":[{"floor":4.0,"key":"WardPotion"},{"floor":6.0,"key":"Strength Potion"},{"floor":14.0,"key":"Guardian:BlockOnCardUsePotion"},{"floor":16.0,"key":"SteroidPotion"},{"floor":19.0,"key":"Regen Potion"},{"floor":23.0,"key":"LiquidBronze"},{"floor":28.0,"key":"ColorlessPotion"},{"floor":33.0,"key":"HastePotion"},{"floor":35,"key":"GamblersBrew"},{"floor":39,"key":"WardPotion"},{"floor":45,"key":"Energy Potion"},{"floor":46,"key":"PowerPotion"}],"is_trial":false,"path_per_floor":["M","?","?","M","?","E","M","R","T","R","$","R","$","M","R","B",null,"M","M","?","?","?","M","E","M","T","M","M","M","$","M","R","B",null,"M","M","?","M","M","E","$","T","T","?","M","M","T","$","R","B",null],"character_chosen":"CHRONO_CLASS","items_purchased":["FairyPotion","Strange Spoon","EssenceOfSteel","War Paint","Membership Card","Toy Ornithopter","MerchantsRug","Medical Kit"],"campfire_rested":1,"item_purchase_floors":[11,13,30,30,41,48,48,48],"current_hp_per_floor":[65,58,47,47,65,65,62,62,62,62,62,62,62,62,62,27,65,40,21,21,21,21,32,32,11,11,8,8,13,13,25,25,31,32,28,26,26,28,32,32,32,32,32,32,32,15,15,15,24,21],"gold":25,"neow_bonus":"THREE_ENEMY_KILL","is_daily":false,"chose_seed":false,"campfire_upgraded":5,"win_rate":0.0,"timestamp":1611243423,"path_taken":["M","?","?","M","?","E","M","R","T","R","?","R","$","M","R","BOSS","M","M","?","?","?","M","E","M","T","M","M","M","$","M","R","BOSS","M","M","?","?","M","E","$","?","T","?","M","M","?","?","R","BOSS"],"items_purchased_type":["Potion","Relic","Potion","Relic","Relic","Relic","Relic","Relic"],"build_version":"2020-12-22","purchased_purges":0,"victory":true,"max_hp_per_floor":[65,65,65,65,65,65,65,65,65,65,65,65,65,65,65,65,65,65,65,65,32,32,32,32,32,32,32,32,32,32,32,32,32,32,32,32,32,32,32,32,32,32,32,32,32,32,32,32,32,32],"card_choices":[{"not_picked":["Tempo","BlueShift"],"picked":"ResonantCall","floor":1.0},{"not_picked":["ResonantCall","EscortCommand"],"picked":"WindUp","floor":4.0},{"not_picked":["Engulf","LockedBlood"],"picked":"ExoVibe","floor":6.0},{"not_picked":["Engulf","Echoward"],"picked":"BiteCommand","floor":7.0},{"not_picked":["BeatsPerMinute","SlimeSpray"],"picked":"WindUp","floor":14.0},{"not_picked":["Chronoelasticity","LockedLightning"],"picked":"OracleForm","floor":16.0},{"not_picked":["FormalWear+1","Recurrance","Echoward+1"],"picked":"SKIP","floor":18.0},{"not_picked":["Stagnate","Engulf","Echoward"],"picked":"SKIP","floor":19.0},{"not_picked":["BlueShift","LockedTornado+1"],"picked":"HandsUpC","floor":23.0},{"not_picked":["CrunchTime","BlueShift","LockedTurtyl"],"picked":"SKIP","floor":24.0},{"not_picked":["CrunchTime","ReapSow","HandsUpB"],"picked":"SKIP","floor":25.0},{"not_picked":["BiteCommand","Stagnate"],"picked":"BlueShift+1","floor":27.0},{"not_picked":["EscortCommand","LockedTornado+1","Facsimile"],"picked":"SKIP","floor":28.0},{"not_picked":["Parity","LockedPlans"],"picked":"BiteCommand+1","floor":29.0},{"not_picked":["WindUp","Chronoelasticity"],"picked":"ExoVibe","floor":31.0},{"not_picked":["Echonomics","LockedLightning"],"picked":"Pendulum","floor":33.0},{"not_picked":["ReapSow+1","LockedBlood+1"],"picked":"BlueShift","floor":35},{"not_picked":["BlueShift+1","HandsUpB"],"picked":"ResonantCall","floor":36},{"not_picked":["ReapSow","FormalWear+1","BiteCommand"],"picked":"SKIP","floor":38},{"not_picked":["CrunchTime","Stagnate","LockedOrichalcum"],"picked":"SKIP","floor":39},{"not_picked":["Break","ExoVibe"],"picked":"LockedAstrolabe","floor":40},{"not_picked":["Enlightenment","Secret Weapon"],"picked":"Bandage Up","floor":44},{"not_picked":["Recurrance+1","ShortSighted+1","LockedMedicine"],"picked":"SKIP","floor":45},{"not_picked":["HandsUpB+1","Accruing","Tempo"],"picked":"SKIP","floor":46}],"player_experience":850133,"relics_obtained":[{"floor":6.0,"key":"Pen Nib"},{"floor":9.0,"key":"Bag of Marbles"},{"floor":24.0,"key":"Lantern"},{"floor":26.0,"key":"Omamori"},{"floor":40,"key":"Cryopreserver"},{"floor":42,"key":"hexamod:CandleOfCauterizing"},{"floor":43,"key":"Centennial Puzzle"},{"floor":47,"key":"Art of War"}],"event_choices":[{"cards_removed":["Defend_Br"],"damage_healed":0.0,"max_hp_gain":0.0,"max_hp_loss":0.0,"gold_gain":0.0,"event_name":"Golden Wing","player_choice":"Card Removal","floor":2.0,"gold_loss":0.0,"damage_taken":7.0},{"damage_healed":0.0,"max_hp_gain":0.0,"max_hp_loss":0.0,"gold_gain":75.0,"event_name":"World of Goop","player_choice":"Gather Gold","floor":3.0,"gold_loss":0.0,"damage_taken":11.0},{"damage_healed":21.0,"max_hp_gain":0.0,"max_hp_loss":0.0,"gold_gain":0.0,"event_name":"Big Fish","player_choice":"Banana","floor":5.0,"gold_loss":0.0,"damage_taken":0.0},{"damage_healed":0.0,"max_hp_gain":0.0,"max_hp_loss":33.0,"gold_gain":0.0,"event_name":"Ghosts","player_choice":"Became a Ghost","floor":21.0,"gold_loss":0.0,"damage_taken":0.0,"cards_obtained":["Ghostly","Ghostly","Ghostly","Ghostly","Ghostly"]},{"damage_healed":0,"gold_gain":0,"player_choice":"Copied","damage_taken":0,"max_hp_gain":0,"max_hp_loss":0,"event_name":"Duplicator","floor":37,"gold_loss":0,"cards_obtained":["Ghostly"]},{"damage_healed":0,"gold_gain":0,"player_choice":"Memory 1","damage_taken":0,"max_hp_gain":0,"max_hp_loss":0,"event_name":"SensoryStone","floor":44,"gold_loss":0}],"is_beta":false,"boss_relics":[{"not_picked":["Busted Crown","Tiny House"],"picked":"SlaversCollar"},{"not_picked":["Philosopher\u0027s Stone","Astrolabe"],"picked":"Velvet Choker"}],"items_purged_floors":[],"is_endless":false,"potions_floor_spawned":[4,6,14,16,19,23,28,33,35,39,45,46],"ascension_level":0}}