{"host":"3498uni0c31c9bdm","time":1611212404,"event":{"mods":["BaseMod","Better Third Choice","Minty Spire (QoL Compilation)","Replay The Spire","StSLib"],"gold_per_floor":[118,34,0,0,10,41,54,54,103,103,11,30,48,60,60,156,156,176,176,16,35,35,35,65,65,91,91,12,12,28,28,28,28,28],"floor_reached":33,"language":"ENG","playtime":1191,"items_purged":["Pain"],"score":492,"play_id":"dfb09d85-1cbc-4b7f-ac0a-52f069889e64","local_time":"20210121180004","is_ascension_mode":true,"campfire_choices":[{"floor":10,"key":"REST"},{"floor":15,"key":"REST"},{"floor":23,"key":"REST"},{"floor":25,"key":"REST"},{"floor":27,"key":"REST"},{"floor":29,"key":"RECALL"},{"floor":32,"key":"REST"}],"circlet_count":0,"master_deck":["Strike_P","Strike_P","Strike_P","Strike_P","Defend_P","Defend_P+1","Defend_P","Defend_P","Eruption","Vigilance","ReachHeaven","ReplayTheSpireMod:IOU","ReplayTheSpireMod:IOU","Prostrate","Nirvana","Perseverance+1","Tantrum","Ragnarok","ReplayTheSpireMod:Uncanny Aura","Enlightenment","TalkToTheHand","Prostrate+1","FlyingSleeves","Burn","ReplayTheSpireMod:IOU","FollowUp","Replay:Battleflow","Replay:ManipulateFuture+1","LessonLearned","EmptyFist+1","ReplayTheSpireMod:IOU","FollowUp","Doubt","ThirdEye+1","DeceiveReality"],"relics":["PureWater","TungstenRod","Replay:Wax Seal","BargainBundle","betterThird:SlimedRelic","Pen Nib","Membership Card","Ring of Chaos","WarpedTongs","Blue Doll","Gremlin Food","Strange Spoon","Centennial Puzzle","Quantum Egg","Omamori","Damaru"],"acts_visited":["Exordium","TheCity"],"potions_floor_usage":[12,16,16,16,24,33,33],"damage_taken":[{"damage":4,"enemies":"Cultist","floor":1,"turns":4},{"damage":6,"enemies":"Jaw Worm","floor":5,"turns":3},{"damage":40,"enemies":"3 Sentries","floor":6,"turns":5},{"damage":0,"enemies":"2 Louse","floor":7,"turns":3},{"damage":10,"enemies":"Exordium Thugs","floor":12,"turns":5},{"damage":4,"enemies":"Looter","floor":13,"turns":3},{"damage":3,"enemies":"Red Slaver","floor":14,"turns":3},{"damage":41,"enemies":"Fading Forest","floor":16,"turns":11},{"damage":33,"enemies":"Chosen","floor":18,"turns":11},{"damage":14,"enemies":"Spheric Guardian","floor":21,"turns":4},{"damage":10,"enemies":"Replay:Snechameleon","floor":24,"turns":4},{"damage":29,"enemies":"Snake Plant","floor":30,"turns":5},{"damage":122,"enemies":"Collector","floor":33,"turns":13}],"seed_played":"5267682957359826954","potions_obtained":[{"floor":12,"key":"Elixir"},{"floor":14,"key":"CultistPotion"},{"floor":21,"key":"Strength Potion"},{"floor":24,"key":"Adrenaline Potion"},{"floor":30,"key":"Energy Potion"}],"is_trial":false,"path_per_floor":["M","$","?","?","M","E","M","?","T","R","$","M","M","M","R","B",null,"M","?","$","M","?","R","E","R","T","R","$","R","M","?","R","B"],"character_chosen":"WATCHER","items_purchased":["Replay:Wax Seal","BargainBundle","Prostrate","Nirvana","Perseverance","Tantrum","Ragnarok","ReplayTheSpireMod:Uncanny Aura","Weak Potion","Weak Potion","Elixir","Membership Card","Regen Potion","Blue Doll","Gremlin Food","Strange Spoon","Damaru"],"campfire_rested":6,"item_purchase_floors":[2,2,2,2,2,2,2,2,2,2,2,11,11,20,20,20,28],"current_hp_per_floor":[61,61,67,57,51,11,11,11,11,32,32,36,32,29,50,17,58,25,25,25,11,11,32,22,43,43,64,64,64,35,58,71,0,0],"gold":28,"neow_bonus":"ONE_RARE_RELIC","is_daily":false,"chose_seed":false,"campfire_upgraded":0,"win_rate":0.0,"timestamp":1611212404,"path_taken":["M","$","?","?","M","E","M","?","T","R","$","?","M","M","R","BOSS","M","?","$","?","?","R","E","R","T","R","?","R","M","?","R","BOSS"],"items_purchased_type":["Relic","Relic","Card","Card","Card","Card","Card","Card","Potion","Potion","Potion","Relic","Potion","Relic","Relic","Relic","Relic"],"build_version":"2020-12-22","purchased_purges":1,"victory":false,"max_hp_per_floor":[65,65,71,71,71,71,71,71,71,71,71,71,71,71,71,71,71,71,71,71,71,71,71,71,71,71,71,71,71,71,71,71,71,71],"card_choices":[{"not_picked":["Consecrate","ClearTheMind"],"picked":"ReachHeaven","floor":1},{"not_picked":["FollowUp","Consecrate"],"picked":"TalkToTheHand","floor":5},{"not_picked":["CrushJoints","BowlingBash"],"picked":"Prostrate","floor":6},{"not_picked":["Replay:AtTheReady","Nirvana"],"picked":"FlyingSleeves","floor":7},{"not_picked":["Nirvana","Replay:Vibes"],"picked":"FollowUp","floor":12},{"not_picked":["SignatureMove","ReachHeaven"],"picked":"Replay:Battleflow","floor":13},{"not_picked":["Swivel","SignatureMove"],"picked":"Replay:ManipulateFuture","floor":14},{"not_picked":["Replay:AllIn","Blasphemy"],"picked":"LessonLearned","floor":16},{"not_picked":["CrushJoints+1","Study+1"],"picked":"EmptyFist+1","floor":18},{"not_picked":["Adaptation","Replay:AtTheReady"],"picked":"FollowUp","floor":21},{"not_picked":["Replay:Vibes+1","Protect"],"picked":"ThirdEye+1","floor":24},{"not_picked":["ClearTheMind","Blasphemy"],"picked":"DeceiveReality","floor":30}],"player_experience":728179,"relics_obtained":[{"floor":6,"key":"Pen Nib"},{"floor":24,"key":"Quantum Egg"},{"floor":26,"key":"Omamori"}],"event_choices":[{"damage_healed":0,"gold_gain":0,"player_choice":"RENOUNCE","damage_taken":34,"max_hp_gain":0,"max_hp_loss":0,"event_name":"betterThird:BetterSerpent","floor":3,"gold_loss":34,"cards_obtained":["Enlightenment"]},{"damage_healed":0,"gold_gain":0,"player_choice":"Slimed","damage_taken":11,"max_hp_gain":0,"max_hp_loss":0,"event_name":"betterThird:BetterGoop","floor":4,"gold_loss":0},{"damage_healed":11,"gold_gain":0,"player_choice":"Embrace Burn","damage_taken":0,"max_hp_gain":0,"max_hp_loss":71,"event_name":"betterThird:BetterShining","floor":8,"gold_loss":0},{"damage_healed":0,"gold_gain":0,"player_choice":"Rummage","damage_taken":0,"relics_obtained":["WarpedTongs"],"max_hp_gain":0,"max_hp_loss":0,"event_name":"Accursed Blacksmith","floor":19,"gold_loss":0,"cards_obtained":["Pain"]},{"damage_healed":23,"gold_gain":0,"player_choice":"Heal","damage_taken":0,"max_hp_gain":0,"max_hp_loss":0,"event_name":"The Library","floor":31,"gold_loss":0}],"is_beta":false,"boss_relics":[{"not_picked":["Replay:Drink Me","Runic Dome"],"picked":"Ring of Chaos"}],"items_purged_floors":[20],"is_endless":false,"potions_floor_spawned":[6,12,14,21,24,30],"killed_by":"Collector","ascension_level":6}}