{"host":"uyrebrj0204enqpc","time":1611263249,"event":{"mods":["Act Like it!","Bard","BaseMod","Block Reminder","Challenge The Spire","Colored Map","Colored Powertips","DeckTracker","Downfall","GifTheSpireLib","HexUI Lib","Highlight Path","Hubris","Infinite Spire","Minty Spire (QoL Compilation)","Pale of the Ancients","Quick Restart","Random Character Button","Relic Sorter","Relic Stats","Shop Mod","StSLib","The Blue Laboratory","The Bug Knight","The Cursed","The Jungle","The Marked","Wandering Minibosses"],"gold_per_floor":[117,117,117,133,152,186,186,212,237,257,257,257,257,257],"floor_reached":13,"language":"ENG","playtime":715,"items_purged":[],"score":121,"play_id":"43b8156e-4c5f-4622-8582-39de35a6c647","local_time":"20210121160729","is_ascension_mode":true,"campfire_choices":[{"data":"infinitespire:Collect","floor":7.0,"key":"SMITH"},{"data":"theMarked:Defend","floor":12.0,"key":"SMITH"}],"circlet_count":0,"master_deck":["theMarked:Strike","theMarked:Strike","theMarked:Strike","theMarked:Strike","theMarked:Defend","theMarked:Defend","theMarked:Defend+1","theMarked:SoldierOfQuellstein","theMarked:Overcharge","infinitespire:Collect+1","theMarked:UnarmedFury","theMarked:ParalyzingBlade","theMarked:UnarmedFury"],"relics":["theMarked:ArtifactOfAir","NeowsBlessing","Orichalcum","infinitespire:Satchel","Guardian:PocketSentry"],"acts_visited":["Exordium"],"potions_floor_usage":[],"damage_taken":[{"damage":0.0,"enemies":"Jaw Worm","floor":1.0,"turns":1.0},{"damage":0.0,"enemies":"Small Slimes","floor":4.0,"turns":1.0},{"damage":0.0,"enemies":"Cultist","floor":5.0,"turns":1.0},{"damage":28.0,"enemies":"Lagavulin","floor":6.0,"turns":5.0},{"damage":1.0,"enemies":"Gremlin Nob","floor":8.0,"turns":3.0},{"damage":0.0,"enemies":"2 Fungi Beasts","floor":10.0,"turns":2.0},{"damage":13,"enemies":"Lagavulin","floor":13,"turns":3}],"seed_played":"-2720994334031802638","potions_obtained":[{"floor":10.0,"key":"blueLaboratory:LouseDecoction"}],"is_trial":false,"path_per_floor":["M","?","?","M","M","E","R","E","T","M","?","R","E"],"character_chosen":"THE_DEFAULT","items_purchased":[],"campfire_rested":0,"item_purchase_floors":[],"current_hp_per_floor":[63,46,46,46,46,18,18,17,17,17,10,10,0,0],"gold":257,"neow_bonus":"THREE_ENEMY_KILL","is_daily":false,"chose_seed":false,"campfire_upgraded":2,"win_rate":0.0,"timestamp":1611263249,"path_taken":["M","?","?","?","M","E","R","E","T","M","?","R","E"],"items_purchased_type":[],"build_version":"2020-12-22","purchased_purges":0,"victory":false,"max_hp_per_floor":[70,70,70,70,70,70,70,70,70,70,70,70,70,70],"relic_stats":{"counters":[7,16],"Orichalcum":[24],"obtain_stats":[{"theMarked:ArtifactOfAir":0,"NeowsBlessing":0,"infinitespire:Satchel":8,"Guardian:PocketSentry":9,"Orichalcum":6},{"theMarked:ArtifactOfAir":0,"NeowsBlessing":0,"infinitespire:Satchel":5,"Guardian:PocketSentry":5,"Orichalcum":4},{"theMarked:ArtifactOfAir":0,"NeowsBlessing":0,"infinitespire:Satchel":11,"Guardian:PocketSentry":11,"Orichalcum":8}]},"card_choices":[{"not_picked":["theMarked:ChainLightning","theMarked:ReduceFriction"],"picked":"theMarked:Overcharge","floor":1.0},{"not_picked":["infinitespire:Fortify","hubris:InfiniteBlow+467"],"picked":"infinitespire:Collect","floor":2.0},{"not_picked":["theMarked:LightningStrikesTwice","theMarked:Improvise","theMarked:TwofoldDefense"],"picked":"SKIP","floor":4.0},{"not_picked":["theMarked:Static","theMarked:SelfDefenseTraining"],"picked":"theMarked:ParalyzingBlade","floor":5.0},{"not_picked":["theMarked:HeightenedSenses","theMarked:SwordAndMagic","theMarked:Vacuum"],"picked":"SKIP","floor":6.0},{"not_picked":["theMarked:HeightenedSenses","theMarked:KeepCalmAndFightOn","theMarked:WastefulAttack"],"picked":"SKIP","floor":8.0},{"not_picked":["theMarked:WardOff","theMarked:Electrocute"],"picked":"theMarked:UnarmedFury","floor":10.0}],"player_experience":1091567,"relics_obtained":[{"floor":6.0,"key":"Orichalcum"},{"floor":8.0,"key":"infinitespire:Satchel"},{"floor":9.0,"key":"Guardian:PocketSentry"}],"event_choices":[{"damage_healed":0.0,"max_hp_gain":0.0,"max_hp_loss":0.0,"gold_gain":0.0,"cards_transformed":["theMarked:Defend"],"event_name":"Transmorgrifier","player_choice":"Transformed","floor":3.0,"gold_loss":0.0,"damage_taken":0.0,"cards_obtained":["theMarked:UnarmedFury"]},{"cards_removed":["theMarked:Strike"],"damage_healed":0.0,"max_hp_gain":0.0,"max_hp_loss":0.0,"gold_gain":0.0,"event_name":"Golden Wing","player_choice":"Card Removal","floor":11.0,"gold_loss":0.0,"damage_taken":7.0}],"is_beta":false,"boss_relics":[],"items_purged_floors":[],"is_endless":false,"potions_floor_spawned":[10],"killed_by":"Lagavulin","ascension_level":6}}