{"host":"bf9sa99gaumonoeu","time":1611250783,"event":{"mods":["AchievementEnabler","Act Like it!","Aspiration","BaseMod","Bestiary","Better Note","Block Reminder","Colored Map","Colored Powertips","Fox Events","Friendly Minions","Gensokyo","GifTheSpireLib","Googly Eyes","Hallownest","Hermit","Highlight Path","Jorbs\u0027s Wanderer Trilogy","KinomotoSakuraMod(????)","Koishi","Marisa????????","Minty Spire (QoL Compilation)","Rare Cards Sparkle","Relic Stats","Spire Arcade","StSLib","The Administrix","The Animator","The Bug Knight","The Construct","The Cursed","The Hierophant","The Mystic","The Necromancer","The Poker Player","The Runesmith","The Senshi","The Servant 0.9.4","ojb\u0027s Info Mod"],"gold_per_floor":[119,134,151,164,164,164,199,15,15,38,67,67,91,40,40,134,134,154,172,196,196,196,196,235,255,255,11,42,65,65,89,89,89,89],"floor_reached":33,"language":"ENG","playtime":3036,"items_purged":["Strike_G"],"score":594,"play_id":"79a1b85f-a254-4c7c-b464-afd423f72106","local_time":"20210121153943","is_ascension_mode":true,"campfire_choices":[{"data":"Predator","floor":6,"key":"SMITH"},{"floor":15,"key":"REST"},{"floor":23,"key":"REST"},{"floor":32,"key":"REST"}],"circlet_count":0,"master_deck":["AscendersBane","Strike_G","Strike_G","Strike_G","Defend_G","Defend_G","Defend_G","Defend_G","Defend_G","Survivor","Neutralize","Predator+1","Blade Dance","Concentrate+1","Endless Agony","Calculated Gamble","Dagger Spray","Backflip","Outmaneuver","Die Die Die","Deadly Poison","Deflect","Leg Sweep","Venomology","RitualDagger","Accuracy+1","Flying Knee+1","Acrobatics","Blade Dance","Tactician","Backflip"],"relics":["Ring of the Snake","Question Card","Shuriken","Odd Mushroom","Bag of Marbles","Golden Idol","construct:WeddingRing","HollowMod:PaleOreRelic","Letter Opener","Nunchaku"],"acts_visited":["Exordium","TheCity"],"potions_floor_usage":[7,16,16,24,25,25,27,28,28,31,31,31,33],"damage_taken":[{"damage":1,"enemies":"2 Louse","floor":1,"turns":5},{"damage":2,"enemies":"Small Slimes","floor":2,"turns":4},{"damage":1,"enemies":"Cultist","floor":3,"turns":4},{"damage":7,"enemies":"Blue Slaver","floor":4,"turns":4},{"damage":27,"enemies":"Lagavulin","floor":7,"turns":9},{"damage":3,"enemies":"The Mushroom Lair","floor":10,"turns":4},{"damage":6,"enemies":"Gremlin Nob","floor":11,"turns":3},{"damage":0,"enemies":"Large Slime","floor":13,"turns":2},{"damage":35,"enemies":"Slime Boss","floor":16,"turns":10},{"damage":8,"enemies":"Shell Parasite","floor":18,"turns":3},{"damage":12,"enemies":"2 Thieves","floor":19,"turns":4},{"damage":4,"enemies":"Snecko","floor":20,"turns":4},{"damage":2,"enemies":"Slavers","floor":24,"turns":2},{"damage":0,"enemies":"Snake Plant","floor":25,"turns":2},{"damage":20,"enemies":"Book of Stabbing","floor":28,"turns":2},{"damage":9,"enemies":"Centurion and Healer","floor":29,"turns":8},{"damage":9,"enemies":"Shelled Parasite and Fungi","floor":31,"turns":3},{"damage":29,"enemies":"Champ","floor":33,"turns":10}],"seed_played":"6855266774936112271","potions_obtained":[{"floor":1,"key":"LiquidBronze"},{"floor":10,"key":"AttackPotion"},{"floor":11,"key":"Block Potion"},{"floor":16,"key":"LiquidMemories"},{"floor":18,"key":"DuplicationPotion"},{"floor":25,"key":"SteroidPotion"},{"floor":29,"key":"SteroidPotion"}],"is_trial":false,"path_per_floor":["M","M","M","M","?","R","E","$","T","?","E","?","M","?","R","B",null,"M","M","M","?","?","R","E","M","T","$","E","M","?","M","R","B"],"character_chosen":"THE_SILENT","items_purchased":["Dexterity Potion","SpeedPotion","Acrobatics","Fruit Juice","DuplicationPotion"],"campfire_rested":3,"item_purchase_floors":[8,8,27,27,27],"current_hp_per_floor":[64,62,61,54,54,54,27,27,27,24,18,18,18,18,37,2,49,41,29,25,25,19,38,36,36,36,41,21,12,12,3,24,0,0],"gold":89,"neow_bonus":"TEN_PERCENT_HP_BONUS","is_daily":false,"chose_seed":false,"campfire_upgraded":1,"win_rate":0.0,"timestamp":1611250783,"path_taken":["M","M","M","M","?","R","E","$","T","?","E","?","M","?","R","BOSS","M","M","M","?","?","R","E","M","T","$","E","M","?","M","R","BOSS"],"items_purchased_type":["Potion","Potion","Card","Potion","Potion"],"build_version":"2020-12-22","purchased_purges":1,"victory":false,"max_hp_per_floor":[72,72,72,72,72,72,72,72,72,72,72,65,65,65,65,65,65,65,65,65,65,65,65,65,65,65,70,70,70,70,70,70,70,70],"relic_stats":{"Nunchaku":[6],"counters":[18,83],"Shuriken":[41],"Golden Idol":65,"Letter Opener":[46],"Question Card":12,"obtain_stats":[{"Nunchaku":28,"construct:WeddingRing":17,"Shuriken":9,"Golden Idol":12,"Bag of Marbles":11,"HollowMod:PaleOreRelic":24,"Letter Opener":26,"Odd Mushroom":10,"Question Card":7,"Ring of the Snake":0},{"Nunchaku":15,"construct:WeddingRing":9,"Shuriken":5,"Golden Idol":7,"Bag of Marbles":7,"HollowMod:PaleOreRelic":13,"Letter Opener":14,"Odd Mushroom":6,"Question Card":5,"Ring of the Snake":0},{"Nunchaku":62,"construct:WeddingRing":45,"Shuriken":26,"Golden Idol":33,"Bag of Marbles":33,"HollowMod:PaleOreRelic":58,"Letter Opener":60,"Odd Mushroom":30,"Question Card":26,"Ring of the Snake":0}],"Ring of the Snake":[36]},"card_choices":[{"not_picked":["Sucker Punch","Quick Slash"],"picked":"Predator","floor":1},{"not_picked":["Flechettes","Quick Slash"],"picked":"Blade Dance","floor":2},{"not_picked":["Acrobatics","Quick Slash"],"picked":"Concentrate","floor":3},{"not_picked":["Prepared","Caltrops"],"picked":"Endless Agony","floor":4},{"not_picked":["Deadly Poison","Flechettes"],"picked":"Calculated Gamble","floor":7},{"not_picked":["Outmaneuver","All Out Attack","Caltrops"],"picked":"Dagger Spray","floor":10},{"not_picked":["Concentrate","Escape Plan","Masterful Stab"],"picked":"Backflip","floor":11},{"not_picked":["A Thousand Cuts","Dagger Throw","Underhanded Strike"],"picked":"Outmaneuver","floor":13},{"not_picked":["Unload","Doppelganger","Phantasmal Killer"],"picked":"Die Die Die","floor":16},{"not_picked":["Sucker Punch","Flying Knee","Underhanded Strike"],"picked":"Deadly Poison","floor":18},{"not_picked":["Reflex","Backflip","Sucker Punch"],"picked":"Deflect","floor":19},{"not_picked":["Reflex","Tactician","Slice"],"picked":"Leg Sweep","floor":20},{"not_picked":["Dagger Spray","Well Laid Plans","Backflip"],"picked":"Accuracy+1","floor":24},{"not_picked":["Quick Slash","Backflip","Choke"],"picked":"Flying Knee+1","floor":25},{"not_picked":["Dodge and Roll","Poisoned Stab","Prepared","Bane"],"picked":"SKIP","floor":28},{"not_picked":["Escape Plan","Bane","Masterful Stab"],"picked":"Blade Dance","floor":29},{"not_picked":["A Thousand Cuts","Reflex","Poisoned Stab"],"picked":"Backflip","floor":31}],"player_experience":1063383,"relics_obtained":[{"floor":7,"key":"Question Card"},{"floor":9,"key":"Shuriken"},{"floor":10,"key":"Odd Mushroom"},{"floor":11,"key":"Bag of Marbles"},{"floor":24,"key":"HollowMod:PaleOreRelic"},{"floor":26,"key":"Letter Opener"},{"floor":28,"key":"Nunchaku"}],"event_choices":[{"damage_healed":0,"gold_gain":0,"player_choice":"Grow","damage_taken":0,"max_hp_gain":0,"max_hp_loss":0,"event_name":"Living Wall","floor":5,"gold_loss":0,"cards_upgraded":["Concentrate"]},{"damage_healed":0,"gold_gain":0,"player_choice":"Fought Mushrooms","damage_taken":0,"max_hp_gain":0,"max_hp_loss":0,"event_name":"Mushrooms","floor":10,"gold_loss":0},{"damage_healed":0,"gold_gain":0,"player_choice":"Lose Max HP","damage_taken":0,"relics_obtained":["Golden Idol"],"max_hp_gain":0,"max_hp_loss":7,"event_name":"Golden Idol","floor":12,"gold_loss":0},{"damage_healed":0,"gold_gain":0,"player_choice":"Left Gold","damage_taken":0,"max_hp_gain":0,"max_hp_loss":0,"event_name":"World of Goop","floor":14,"gold_loss":51},{"cards_removed":["Die Die Die"],"damage_healed":0,"gold_gain":0,"player_choice":"Take \u0026 Give","damage_taken":0,"max_hp_gain":0,"max_hp_loss":0,"event_name":"betterNote:BetterNote","floor":21,"gold_loss":0,"cards_obtained":["Venomology"]},{"damage_healed":0,"gold_gain":0,"player_choice":"Joined the Cult","damage_taken":6,"max_hp_gain":0,"max_hp_loss":0,"event_name":"Nest","floor":22,"gold_loss":0,"cards_obtained":["RitualDagger"]},{"damage_healed":0,"gold_gain":0,"cards_transformed":["Strike_G"],"player_choice":"Transformed","damage_taken":0,"max_hp_gain":0,"max_hp_loss":0,"event_name":"Transmorgrifier","floor":30,"gold_loss":0,"cards_obtained":["Tactician"]}],"is_beta":false,"boss_relics":[{"not_picked":["Empty Cage","Black Star"],"picked":"construct:WeddingRing"}],"items_purged_floors":[8],"is_endless":false,"potions_floor_spawned":[1,10,11,16,18,19,25,29],"killed_by":"Champ","ascension_level":20}}