{"host":"4myl0piycjadqnwl","time":1611192753,"event":{"mods":["BaseMod","Colored Map","Downfall","Minty Spire (QoL Compilation)","StSLib"],"gold_per_floor":[0,18,193,22,22,7,57,70,98,114,140,140,140,158,176,176,176,176],"floor_reached":16,"language":"ENG","playtime":1126,"items_purged":[],"score":116,"play_id":"76d3bc68-f5c2-4b6c-9b3f-45479d662a6d","local_time":"20210121023233","is_ascension_mode":true,"campfire_choices":[{"data":"bronze:Strike","floor":1.0,"key":"PURGE"},{"data":"downfall:Bewildered","floor":13.0,"key":"PURGE"}],"circlet_count":0,"master_deck":["bronze:Strike+1","bronze:Strike","bronze:Defend","bronze:Defend","bronze:Defend","bronze:Defend+1","bronze:Replicate","bronze:Goto+1","bronze:Boost","bronze:Optimize","bronze:Separator","bronze:BuggyMess","bronze:FineTuning","bronze:Mutator","bronze:Flail","bronze:Invalidate"],"relics":["bronze:BronzeCore","Peace Pipe","OrangePellets","Bag of Preparation","Omamori","Darkstone Periapt"],"acts_visited":["Exordium"],"potions_floor_usage":[16,16],"damage_taken":[{"damage":3.0,"enemies":"2 Louse","floor":2.0,"turns":4.0},{"damage":0.0,"enemies":"downfall:FleeingMerchant","floor":4.0,"turns":4.0},{"damage":0.0,"enemies":"downfall:FleeingMerchant","floor":6.0,"turns":4.0},{"damage":15.0,"enemies":"Small Slimes","floor":8.0,"turns":5.0},{"damage":19.0,"enemies":"Gremlin Nob","floor":9.0,"turns":5.0},{"damage":0.0,"enemies":"Jaw Worm","floor":10.0,"turns":5.0},{"damage":23.0,"enemies":"Lagavulin","floor":11.0,"turns":8.0},{"damage":0.0,"enemies":"Lots of Slimes","floor":14.0,"turns":1.0},{"damage":2.0,"enemies":"Exordium Thugs","floor":15.0,"turns":3.0},{"damage":17,"enemies":"SI_SHIV_ARCHETYPE","floor":16,"turns":7}],"seed_played":"-6370906390971565612","potions_obtained":[{"floor":8.0,"key":"Fire Potion"},{"floor":9.0,"key":"bronze:BuildAFunctionPotion"},{"floor":11.0,"key":"Energy Potion"}],"is_trial":false,"path_per_floor":["R","M","?","$","?","$","T","M","E","M","E","?","R","M","M","B"],"character_chosen":"THE_AUTOMATON","items_purchased":["OrangePellets"],"campfire_rested":0,"item_purchase_floors":[4],"current_hp_per_floor":[70,67,67,67,67,67,67,52,33,33,10,16,16,16,14,0,0,0],"gold":176,"neow_bonus":"ONE_RARE_RELIC","is_daily":false,"chose_seed":false,"campfire_upgraded":0,"win_rate":0.0,"timestamp":1611192753,"path_taken":["R","M","?","$","?","$","T","?","E","M","E","?","R","M","M","BOSS"],"items_purchased_type":["Relic"],"build_version":"2020-12-22","purchased_purges":0,"victory":false,"max_hp_per_floor":[70,70,70,70,70,70,70,70,70,70,70,76,76,76,76,76,76,76],"card_choices":[{"not_picked":["bronze:Turbo","bronze:WhirlingStrike"],"picked":"bronze:Boost","floor":2.0},{"not_picked":["bronze:Deprecate","bronze:Separator","bronze:Allocate"],"picked":"SKIP","floor":4.0},{"not_picked":["bronze:ForLoop","bronze:Constructor"],"picked":"bronze:Optimize","floor":6.0},{"not_picked":["bronze:Backtrace","bronze:DelayedGuard"],"picked":"bronze:Separator","floor":8.0},{"not_picked":["bronze:Mutator","bronze:BugBarrage"],"picked":"bronze:BuggyMess","floor":9.0},{"not_picked":["bronze:DigitalCarnage","bronze:Invalidate"],"picked":"bronze:FineTuning","floor":10.0},{"not_picked":["bronze:Flail","bronze:Return"],"picked":"bronze:Mutator","floor":11.0},{"not_picked":["bronze:CutThrough","bronze:Return"],"picked":"bronze:Invalidate","floor":14.0},{"not_picked":["bronze:WhirlingStrike","bronze:DarkDash","bronze:DelayedSlice"],"picked":"SKIP","floor":15.0}],"player_experience":1443207,"relics_obtained":[{"floor":7.0,"key":"Bag of Preparation"},{"floor":9.0,"key":"Omamori"},{"floor":11.0,"key":"Darkstone Periapt"}],"event_choices":[],"is_beta":false,"boss_relics":[],"items_purged_floors":[],"is_endless":false,"potions_floor_spawned":[8,9,11,15],"killed_by":"SI_SHIV_ARCHETYPE","ascension_level":1}}