{"host":"swphzoo6hmc78epl","time":1611198637,"event":{"mods":["BaseMod","Highlight Path","Minty Spire (QoL Compilation)","Quick Restart"],"gold_per_floor":[113,124,137,151,165,165,183,183,183,183,183,183,218,20,20,150,150,168,168,168,5,15,15,40,1,1,17,40,40,57,57,57,159,159,170,182,182,201,201,228,228,254,254,283,296,307,317,365,365,365,365,365,12,44,44,44],"floor_reached":55,"language":"ENG","playtime":4535,"items_purged":["Injury","Strike_G","Night Terror+1"],"score":915,"play_id":"e4b7d44f-9aa1-4e17-ba0d-f4c20e084fba","local_time":"20210120221036","is_ascension_mode":true,"campfire_choices":[{"data":"Glass Knife","floor":6,"key":"SMITH"},{"data":"Dagger Spray","floor":8,"key":"SMITH"},{"data":"Poisoned Stab","floor":10,"key":"SMITH"},{"data":"Deadly Poison","floor":12,"key":"SMITH"},{"data":"Quick Slash","floor":15,"key":"SMITH"},{"data":"Endless Agony","floor":23,"key":"SMITH"},{"data":"Neutralize","floor":29,"key":"SMITH"},{"floor":32,"key":"REST"},{"floor":41,"key":"RECALL"},{"data":"Venomology","floor":49,"key":"SMITH"},{"data":"Cloak And Dagger","floor":52,"key":"SMITH"}],"circlet_count":0,"master_deck":["Defend_G","Defend_G","Defend_G","Defend_G","Defend_G","Survivor","Neutralize+1","Glass Knife+1","Quick Slash+1","Flying Knee","Deadly Poison+1","Dagger Spray+1","Slice","Poisoned Stab+1","Tools of the Trade+1","Caltrops+1","After Image+1","Caltrops+1","Adrenaline+1","Noxious Fumes+1","Footwork+1","Endless Agony+1","Well Laid Plans+1","Slice+1","Cloak And Dagger+1","Venomology+1","Finisher+1","Escape Plan","Calculated Gamble+1","Violence","Backstab+1","Reflex+1","Heel Hook","Panache+1","Infinite Blades+1"],"relics":["Ring of the Snake","Matryoshka","Bloody Idol","Frozen Egg 2","Membership Card","Astrolabe","Ninja Scroll","InkBottle","Medical Kit","Pear","Akabeko","Shuriken","Strawberry","Nilry\u0027s Codex","SlaversCollar","Sundial","Paper Crane","Darkstone Periapt","FossilizedHelix","Lantern","Toolbox","HornCleat"],"acts_visited":["Exordium","TheCity","TheBeyond","TheEnding"],"potions_floor_usage":[13,30,35,38,38,38,40,40,42,45,45,47,48,50,50,50,54,55,55,55],"damage_taken":[{"damage":0,"enemies":"Small Slimes","floor":1,"turns":3},{"damage":1,"enemies":"Jaw Worm","floor":2,"turns":4},{"damage":1,"enemies":"Cultist","floor":3,"turns":3},{"damage":9,"enemies":"Red Slaver","floor":4,"turns":3},{"damage":0,"enemies":"2 Fungi Beasts","floor":5,"turns":3},{"damage":3,"enemies":"Looter","floor":7,"turns":2},{"damage":2,"enemies":"Gremlin Nob","floor":13,"turns":3},{"damage":13,"enemies":"Hexaghost","floor":16,"turns":7},{"damage":20,"enemies":"Shell Parasite","floor":18,"turns":4},{"damage":18,"enemies":"Spheric Guardian","floor":22,"turns":3},{"damage":35,"enemies":"Book of Stabbing","floor":24,"turns":4},{"damage":12,"enemies":"Snake Plant","floor":27,"turns":2},{"damage":2,"enemies":"Snecko","floor":30,"turns":4},{"damage":15,"enemies":"Champ","floor":33,"turns":10},{"damage":7,"enemies":"3 Darklings","floor":35,"turns":5},{"damage":7,"enemies":"Orb Walker","floor":36,"turns":3},{"damage":0,"enemies":"Sphere and 2 Shapes","floor":38,"turns":4},{"damage":11,"enemies":"Giant Head","floor":40,"turns":6},{"damage":8,"enemies":"Nemesis","floor":42,"turns":5},{"damage":0,"enemies":"Giant Head","floor":44,"turns":5},{"damage":0,"enemies":"Maw","floor":45,"turns":5},{"damage":6,"enemies":"4 Shapes","floor":46,"turns":4},{"damage":4,"enemies":"Spire Growth","floor":47,"turns":4},{"damage":11,"enemies":"2 Orb Walkers","floor":48,"turns":5},{"damage":59,"enemies":"Time Eater","floor":50,"turns":10},{"damage":43,"enemies":"Shield and Spear","floor":54,"turns":4},{"damage":62,"enemies":"The Heart","floor":55,"turns":3}],"seed_played":"-2836239167621743799","potions_obtained":[{"floor":1,"key":"DistilledChaos"},{"floor":3,"key":"EssenceOfSteel"},{"floor":27,"key":"DistilledChaos"},{"floor":30,"key":"Block Potion"},{"floor":33,"key":"EntropicBrew"},{"floor":35,"key":"CunningPotion"},{"floor":42,"key":"ColorlessPotion"},{"floor":45,"key":"GhostInAJar"},{"floor":54,"key":"Strength Potion"}],"is_trial":false,"path_per_floor":["M","M","M","M","M","R","M","R","T","R","?","R","E","$","R","B",null,"M","?","T","$","M","R","E","$","T","M","T","R","M","?","R","B",null,"M","M","?","M","?","E","R","E","T","E","M","M","M","?","R","B",null,"R","$","E","B"],"character_chosen":"THE_SILENT","items_purchased":["Membership Card","Caltrops+1","Medical Kit","Footwork+1","Well Laid Plans+1","Panache+1","Lantern","Toolbox","SteroidPotion","Strength Potion"],"campfire_rested":1,"item_purchase_floors":[14,14,21,21,25,53,53,53,53,53],"current_hp_per_floor":[49,48,47,38,38,38,35,35,35,35,35,35,33,33,33,20,70,50,50,50,50,37,37,17,17,17,10,22,22,25,9,35,25,87,85,83,83,87,87,81,81,78,78,83,87,86,87,81,81,22,87,87,87,49,0,0],"gold":44,"neow_bonus":"THREE_RARE_CARDS","is_daily":false,"chose_seed":false,"campfire_upgraded":9,"win_rate":0.0,"timestamp":1611198636,"path_taken":["M","M","M","M","M","R","M","R","T","R","?","R","E","$","R","BOSS","M","?","?","?","?","R","E","$","T","M","?","R","M","?","R","BOSS","M","M","?","?","?","E","R","E","T","E","M","M","M","?","R","BOSS","R","$","E","BOSS"],"items_purchased_type":["Relic","Card","Relic","Card","Card","Card","Relic","Relic","Potion","Potion"],"build_version":"2020-12-22","purchased_purges":3,"victory":false,"max_hp_per_floor":[70,70,70,70,70,70,70,70,70,70,70,70,70,70,70,70,70,70,70,70,70,70,70,80,80,80,80,87,87,87,87,87,87,87,87,87,87,87,87,87,87,87,87,87,87,87,87,87,87,87,87,87,87,87,87,87],"card_choices":[{"not_picked":["Burst","Malaise"],"picked":"Glass Knife","floor":0},{"not_picked":["Backflip","Prepared"],"picked":"Quick Slash","floor":1},{"not_picked":["Outmaneuver","Deadly Poison"],"picked":"Flying Knee","floor":2},{"not_picked":["Blur","Sucker Punch"],"picked":"Deadly Poison","floor":3},{"not_picked":["Crippling Poison","Dodge and Roll"],"picked":"Dagger Spray","floor":4},{"not_picked":["Prepared","Blade Dance"],"picked":"Slice","floor":5},{"not_picked":["Catalyst","Accuracy"],"picked":"Poisoned Stab","floor":7},{"not_picked":["Blur","Noxious Fumes+1"],"picked":"Tools of the Trade+1","floor":13},{"not_picked":["Corpse Explosion","Storm of Steel"],"picked":"After Image+1","floor":16},{"not_picked":["Bouncing Flask+1","Bane"],"picked":"Noxious Fumes+1","floor":18},{"not_picked":["Expertise","Blur"],"picked":"Endless Agony","floor":22},{"not_picked":["Sucker Punch","Dagger Spray","Eviscerate"],"picked":"SKIP","floor":24},{"not_picked":["Eviscerate","Terror+1"],"picked":"Slice+1","floor":27},{"not_picked":["Dagger Throw","Deadly Poison+1"],"picked":"Cloak And Dagger","floor":30},{"not_picked":["Unload","Bullet Time"],"picked":"Venomology","floor":33},{"not_picked":["Acrobatics","Slice+1"],"picked":"Finisher+1","floor":35},{"not_picked":["Acrobatics","Quick Slash+1","Reflex"],"picked":"SKIP","floor":36},{"not_picked":["PiercingWail+1","Blade Dance+1"],"picked":"Calculated Gamble+1","floor":38},{"not_picked":["Secret Technique","Bandage Up"],"picked":"Violence","floor":39},{"not_picked":["Acrobatics+1","Eviscerate+1"],"picked":"Backstab+1","floor":40},{"not_picked":["Acrobatics","Dagger Spray+1","Quick Slash+1"],"picked":"SKIP","floor":42},{"not_picked":["Grand Finale","Acrobatics","Predator"],"picked":"SKIP","floor":44},{"not_picked":["Quick Slash+1","PiercingWail"],"picked":"Reflex+1","floor":45},{"not_picked":["Heel Hook","Acrobatics","Dodge and Roll"],"picked":"SKIP","floor":46},{"not_picked":["Flying Knee+1","Poisoned Stab+1","PiercingWail"],"picked":"SKIP","floor":47},{"not_picked":["Deflect+1","Dagger Spray+1"],"picked":"Heel Hook","floor":48},{"not_picked":["Flying Knee+1","Flechettes+1"],"picked":"Infinite Blades+1","floor":54}],"player_experience":792177,"relics_obtained":[{"floor":9,"key":"Matryoshka"},{"floor":13,"key":"Frozen Egg 2"},{"floor":20,"key":"Ninja Scroll"},{"floor":20,"key":"InkBottle"},{"floor":24,"key":"Pear"},{"floor":26,"key":"Akabeko"},{"floor":26,"key":"Shuriken"},{"floor":28,"key":"Strawberry"},{"floor":31,"key":"Nilry\u0027s Codex"},{"floor":40,"key":"Sundial"},{"floor":42,"key":"Paper Crane"},{"floor":44,"key":"Darkstone Periapt"},{"floor":48,"key":"FossilizedHelix"},{"floor":54,"key":"HornCleat"}],"event_choices":[{"damage_healed":0,"gold_gain":0,"player_choice":"Take Wound","damage_taken":0,"relics_obtained":["Golden Idol"],"max_hp_gain":0,"max_hp_loss":0,"event_name":"Golden Idol","floor":11,"gold_loss":0,"cards_obtained":["Injury"]},{"damage_healed":0,"gold_gain":0,"player_choice":"Gave Idol","damage_taken":0,"relics_obtained":["Bloody Idol"],"max_hp_gain":0,"max_hp_loss":0,"event_name":"Forgotten Altar","floor":19,"relics_lost":["Golden Idol"],"gold_loss":0},{"damage_healed":0,"gold_gain":0,"player_choice":"Obtained Book","damage_taken":16,"max_hp_gain":0,"max_hp_loss":0,"event_name":"Cursed Tome","floor":31,"gold_loss":0},{"damage_healed":0,"gold_gain":0,"cards_transformed":["Strike_G"],"player_choice":"Transformed","damage_taken":0,"max_hp_gain":0,"max_hp_loss":0,"event_name":"Transmorgrifier","floor":37,"gold_loss":0,"cards_obtained":["Escape Plan"]},{"damage_healed":0,"gold_gain":0,"player_choice":"Memory 1","damage_taken":0,"max_hp_gain":0,"max_hp_loss":0,"event_name":"SensoryStone","floor":39,"gold_loss":0},{"damage_healed":0,"gold_gain":0,"player_choice":"Fight","damage_taken":0,"max_hp_gain":0,"max_hp_loss":0,"event_name":"Mysterious Sphere","floor":48,"gold_loss":0}],"is_beta":false,"boss_relics":[{"not_picked":["SacredBark","Cursed Key"],"picked":"Astrolabe"},{"not_picked":["Empty Cage","Black Star"],"picked":"SlaversCollar"}],"items_purged_floors":[14,21,53],"is_endless":false,"potions_floor_spawned":[1,3,27,30,33,35,38,42,45,46,54],"killed_by":"The Heart","ascension_level":3}}