{"host":"ci7ivtocgfxh0ueo","time":1611241033,"event":{"mods":["BaseMod","GifTheSpireLib","Minty Spire (QoL Compilation)","StSLib"],"gold_per_floor":[113,113,388,400,417,417,417,417,417,433,444,44,61,81,81,155,205,217,217,217,2,2,2],"floor_reached":22,"language":"ZHT","playtime":520,"items_purged":[],"score":334,"play_id":"60061b5e-9f68-4934-821d-c673e3673947","local_time":"20210121225713","is_ascension_mode":true,"campfire_choices":[{"floor":6,"key":"REST"},{"data":"Heavy Blade","floor":8,"key":"SMITH"},{"data":"Inflame","floor":15,"key":"SMITH"}],"circlet_count":0,"master_deck":["AscendersBane","Strike_R","Strike_R","Strike_R+1","Strike_R","Strike_R","Defend_R+1","Defend_R","Defend_R","Defend_R","Bash","Inflame+1","Clash+1","Heavy Blade+1","Juggernaut","Iron Wave","Infernal Blade","Heavy Blade","Double Tap","Armaments","Spot Weakness+1","Writhe","Enlightenment"],"relics":["Burning Blood","Nunchaku","The Courier","Orichalcum","Matryoshka","Tiny House","Omamori","Strawberry"],"acts_visited":["Exordium","TheCity"],"potions_floor_usage":[4,5,16,16,18,22],"damage_taken":[{"damage":26,"enemies":"Jaw Worm","floor":1,"turns":5},{"damage":11,"enemies":"Cultist","floor":4,"turns":4},{"damage":6,"enemies":"2 Louse","floor":5,"turns":2},{"damage":15,"enemies":"Gremlin Gang","floor":10,"turns":5},{"damage":6,"enemies":"Looter","floor":11,"turns":4},{"damage":14,"enemies":"Blue Slaver","floor":13,"turns":3},{"damage":0,"enemies":"Exordium Wildlife","floor":14,"turns":2},{"damage":39,"enemies":"Hexaghost","floor":16,"turns":9},{"damage":42,"enemies":"Shell Parasite","floor":18,"turns":5},{"damage":46,"enemies":"3 Byrds","floor":22,"turns":4}],"seed_played":"1920548573573205973","potions_obtained":[{"floor":1,"key":"ElixirPotion"},{"floor":4,"key":"DuplicationPotion"},{"floor":11,"key":"BloodPotion"},{"floor":17,"key":"Swift Potion"},{"floor":18,"key":"Swift Potion"}],"is_trial":false,"path_per_floor":["M","?","?","M","M","R","?","R","T","M","M","$","M","M","R","B",null,"M","?","?","$","M"],"character_chosen":"IRONCLAD","items_purchased":["LiquidBronze","Orichalcum","Matryoshka","Enlightenment","Strawberry"],"campfire_rested":1,"item_purchase_floors":[12,12,12,21,21],"current_hp_per_floor":[48,25,25,20,20,42,42,42,42,33,33,33,25,31,31,13,65,29,29,29,36,0,0],"gold":2,"neow_bonus":"RANDOM_COMMON_RELIC","is_daily":false,"chose_seed":false,"campfire_upgraded":2,"win_rate":0.0,"timestamp":1611241033,"path_taken":["M","?","?","M","?","R","?","R","T","M","M","$","M","?","R","BOSS","M","?","?","$","M"],"items_purchased_type":["Potion","Relic","Relic","Card","Relic"],"build_version":"2020-12-22","purchased_purges":0,"victory":false,"max_hp_per_floor":[75,75,75,75,75,75,75,75,75,75,75,75,75,75,75,75,80,80,80,80,87,87,87],"card_choices":[{"not_picked":["Cleave","Anger"],"picked":"Inflame","floor":1},{"not_picked":["Havoc","Pommel Strike"],"picked":"Clash","floor":4},{"not_picked":["True Grit","Havoc"],"picked":"Heavy Blade","floor":5},{"not_picked":["Perfected Strike","Headbutt"],"picked":"Juggernaut","floor":10},{"not_picked":["Body Slam","Havoc"],"picked":"Iron Wave","floor":11},{"not_picked":["Twin Strike","Seeing Red"],"picked":"Infernal Blade","floor":13},{"not_picked":["Sword Boomerang","Wild Strike"],"picked":"Heavy Blade","floor":14},{"not_picked":["Demon Form","Feed"],"picked":"Double Tap","floor":16},{"not_picked":["Bloodletting","Clothesline"],"picked":"Armaments","floor":17},{"not_picked":["True Grit","Twin Strike"],"picked":"Spot Weakness+1","floor":18}],"player_experience":1344780,"relics_obtained":[{"floor":9,"key":"The Courier"}],"event_choices":[{"damage_healed":0,"gold_gain":0,"player_choice":"Entered Light","damage_taken":23,"max_hp_gain":0,"max_hp_loss":0,"event_name":"Shining Light","floor":2,"gold_loss":0,"cards_upgraded":["Defend_R","Strike_R"]},{"damage_healed":0,"gold_gain":275,"player_choice":"Desecrate","damage_taken":0,"max_hp_gain":0,"max_hp_loss":0,"event_name":"Golden Shrine","floor":3,"gold_loss":0,"cards_obtained":["Regret"]},{"cards_removed":["Regret"],"damage_healed":0,"gold_gain":0,"player_choice":"Card Removal","damage_taken":0,"max_hp_gain":0,"max_hp_loss":0,"event_name":"Wheel of Change","floor":7,"gold_loss":0},{"damage_healed":0,"gold_gain":0,"player_choice":"Opened","damage_taken":0,"relics_obtained":["Omamori"],"max_hp_gain":0,"max_hp_loss":0,"event_name":"The Mausoleum","floor":19,"gold_loss":0,"cards_obtained":["Writhe"]},{"damage_healed":0,"gold_gain":0,"player_choice":"Ignored","damage_taken":0,"max_hp_gain":0,"max_hp_loss":0,"event_name":"Vampires","floor":20,"gold_loss":0}],"is_beta":false,"boss_relics":[{"not_picked":["Runic Dome","SlaversCollar"],"picked":"Tiny House"}],"items_purged_floors":[],"is_endless":false,"potions_floor_spawned":[1,4,11,18],"killed_by":"3 Byrds","ascension_level":18}}