{"host":"d42v9a78iaxjks5w","time":1611259792,"event":{"mods":["BaseMod","Colored Map","Colored Powertips","Downfall","Minty Spire (QoL Compilation)","StSLib"],"gold_per_floor":[113,125,125,125,145,145,156,174,174,174,190,190,216,231,231,332,382,396,412,412,425,425,425],"floor_reached":22,"language":"ENG","playtime":1726,"items_purged":[],"score":198,"play_id":"857da0d2-4150-4eb9-b866-7dfb6cf0eb1e","local_time":"20210121140952","is_ascension_mode":true,"campfire_choices":[{"data":"Well Laid Plans","floor":6,"key":"SMITH"},{"data":"Poisoned Stab","floor":10,"key":"SMITH"},{"floor":12,"key":"REST"},{"data":"After Image","floor":15,"key":"SMITH"}],"circlet_count":0,"master_deck":["Strike_G","Strike_G","Strike_G","Strike_G+1","Strike_G","Defend_G","Defend_G","Defend_G","Defend_G","Defend_G","Survivor","Neutralize+1","Trip+1","Reflex","Well Laid Plans+1","Escape Plan","Poisoned Stab+1","Prepared","After Image+1","Blur","Venomology","Heel Hook","Blur+1","Good Instincts","Trip","Dagger Throw+1"],"relics":["Ring of the Snake","Art of War","Odd Mushroom","Tiny House"],"acts_visited":["Exordium","TheCity"],"potions_floor_usage":[5,8,11,13,13,13,16,16,18,18,18,21,21,22,22],"damage_taken":[{"damage":4,"enemies":"Small Slimes","floor":1,"turns":4},{"damage":1,"enemies":"Jaw Worm","floor":2,"turns":3},{"damage":0,"enemies":"Cultist","floor":5,"turns":3},{"damage":4,"enemies":"Large Slime","floor":7,"turns":6},{"damage":3,"enemies":"Blue Slaver","floor":8,"turns":4},{"damage":9,"enemies":"Gremlin Gang","floor":11,"turns":3},{"damage":6,"enemies":"The Mushroom Lair","floor":13,"turns":4},{"damage":0,"enemies":"2 Fungi Beasts","floor":14,"turns":4},{"damage":10,"enemies":"The Guardian","floor":16,"turns":12},{"damage":2,"enemies":"Spheric Guardian","floor":18,"turns":6},{"damage":3,"enemies":"Shell Parasite","floor":19,"turns":7},{"damage":28,"enemies":"3 Cultists","floor":21,"turns":8},{"damage":23,"enemies":"Cultist and Chosen","floor":22,"turns":10}],"seed_played":"-8646406904467849734","potions_obtained":[{"floor":4,"key":"SpeedPotion"},{"floor":4,"key":"CultistPotion"},{"floor":4,"key":"Swift Potion"},{"floor":5,"key":"FearPotion"},{"floor":7,"key":"Fire Potion"},{"floor":11,"key":"EntropicBrew"},{"floor":16,"key":"GhostInAJar"},{"floor":17,"key":"CultistPotion"},{"floor":21,"key":"Dexterity Potion"}],"is_trial":false,"path_per_floor":["M","M","?","?","M","R","M","M","T","R","M","R","?","M","R","B",null,"M","M","?","M","M"],"character_chosen":"THE_SILENT","items_purchased":[],"campfire_rested":1,"item_purchase_floors":[],"current_hp_per_floor":[66,65,51,51,51,51,47,44,44,44,35,56,50,50,50,40,75,73,70,51,23,0,0],"gold":425,"neow_bonus":"RANDOM_COLORLESS","is_daily":false,"chose_seed":false,"campfire_upgraded":3,"win_rate":0.0,"timestamp":1611259792,"path_taken":["M","M","?","?","?","R","M","M","T","R","M","R","?","M","R","BOSS","M","M","?","M","?"],"items_purchased_type":[],"build_version":"2020-12-22","purchased_purges":0,"victory":false,"max_hp_per_floor":[70,70,70,70,70,70,70,70,70,70,70,70,70,70,70,70,75,75,75,75,75,75,75],"card_choices":[{"not_picked":["Deep Breath","PanicButton"],"picked":"Trip","floor":0},{"not_picked":["PiercingWail","Choke"],"picked":"Reflex","floor":1},{"not_picked":["Deadly Poison","Slice"],"picked":"Well Laid Plans","floor":2},{"not_picked":["Slice","Cloak And Dagger"],"picked":"Escape Plan","floor":5},{"not_picked":["Deadly Poison","Setup","Night Terror"],"picked":"SKIP","floor":7},{"not_picked":["Sucker Punch","Deadly Poison"],"picked":"Poisoned Stab","floor":8},{"not_picked":["Acrobatics","Cloak And Dagger"],"picked":"Prepared","floor":11},{"not_picked":["Tactician","Flying Knee"],"picked":"After Image","floor":13},{"not_picked":["Backflip","Slice"],"picked":"Blur","floor":14},{"not_picked":["Wraith Form v2","Tools of the Trade"],"picked":"Venomology","floor":16},{"not_picked":["Blade Dance","Infinite Blades"],"picked":"Heel Hook","floor":17},{"not_picked":["Concentrate","Acrobatics"],"picked":"Blur+1","floor":18},{"not_picked":["Choke+1","Expertise+1","Backstab"],"picked":"SKIP","floor":19},{"not_picked":["Slice","Deflect+1"],"picked":"Dagger Throw+1","floor":21}],"player_experience":92268,"relics_obtained":[{"floor":9,"key":"Art of War"},{"floor":13,"key":"Odd Mushroom"}],"event_choices":[{"damage_healed":0,"gold_gain":0,"player_choice":"Entered Light","damage_taken":14,"max_hp_gain":0,"max_hp_loss":0,"event_name":"Shining Light","floor":3,"gold_loss":0,"cards_upgraded":["Trip","Strike_G"]},{"damage_healed":0,"gold_gain":0,"player_choice":"Got Potions","damage_taken":0,"max_hp_gain":0,"max_hp_loss":0,"event_name":"Lab","floor":4,"gold_loss":0},{"damage_healed":0,"gold_gain":0,"player_choice":"Fought Mushrooms","damage_taken":0,"max_hp_gain":0,"max_hp_loss":0,"event_name":"Mushrooms","floor":13,"gold_loss":0},{"damage_healed":0,"gold_gain":0,"player_choice":"CARD CARD ","damage_taken":19,"max_hp_gain":0,"max_hp_loss":0,"event_name":"Knowing Skull","floor":20,"potions_obtained":[],"gold_loss":0,"cards_obtained":["Good Instincts","Trip"]}],"is_beta":false,"boss_relics":[{"not_picked":["bronze:MakeshiftBattery","Runic Dome"],"picked":"Tiny House"}],"items_purged_floors":[],"is_endless":false,"potions_floor_spawned":[5,7,11,16,21],"killed_by":"Cultist and Chosen","ascension_level":2}}