{"host":"Jinnai","time":1611208582,"event":{"mods":["BaseMod","Bestiary","Block Reminder","Colored Map","Colored Powertips","Highlight Path","Minty Spire (QoL Compilation)","Quick Restart","Relic Stats","StSLib"],"gold_per_floor":[111,52,68,82,102,102,102,129,129,147,147,181,181,201,201,275,275,227,253,272,286,314,314,345,357,383,383,383,49,49,63,63,137,137,153,168,187,187,25,25,25,25,25,25,25,25,25,44,44,44],"floor_reached":51,"language":"ENG","playtime":8132,"items_purged":[],"score":1235,"play_id":"6a149ee4-19d4-48fd-a83e-e45135e29e71","local_time":"20210121005622","is_ascension_mode":true,"campfire_choices":[{"data":"Riddle With Holes","floor":6.0,"key":"SMITH"},{"floor":11.0,"key":"REST"},{"data":"Choke","floor":13.0,"key":"SMITH"},{"data":"Cloak And Dagger","floor":15.0,"key":"SMITH"},{"floor":23.0,"key":"REST"},{"floor":27.0,"key":"REST"},{"floor":30.0,"key":"REST"},{"floor":32.0,"key":"REST"},{"floor":41,"key":"REST"},{"floor":44,"key":"RECALL"},{"floor":46,"key":"REST"},{"floor":49,"key":"REST"}],"circlet_count":0,"master_deck":["AscendersBane","Strike_G+1","Strike_G+1","Strike_G+1","Strike_G+1","Defend_G+1","Defend_G+1","Defend_G+1","Defend_G+1","Defend_G+1","Survivor+1","Riddle With Holes+1","Choke+1","Cloak And Dagger+1","Underhanded Strike+1","Noxious Fumes+1","Cloak And Dagger+1","Accuracy+1","Wraith Form v2+1","Crippling Poison+1","Blade Dance+1","Venomology+1","Backflip+1","Wraith Form v2+1","PiercingWail+1","Riddle With Holes+1","Blade Dance"],"relics":["Snecko Eye","Kunai","StrikeDummy","Juzu Bracelet","SlaversCollar","Potion Belt","Red Mask","Darkstone Periapt","Orichalcum","Enchiridion","Thread and Needle","Fusion Hammer","ClockworkSouvenir","Mark of the Bloom","Blue Candle"],"acts_visited":["Exordium","TheCity","TheBeyond"],"potions_floor_usage":[50,50,50,50],"damage_taken":[{"damage":2.0,"enemies":"Jaw Worm","floor":1.0,"turns":5.0},{"damage":7.0,"enemies":"Small Slimes","floor":3.0,"turns":2.0},{"damage":0.0,"enemies":"Cultist","floor":4.0,"turns":4.0},{"damage":7.0,"enemies":"3 Louse","floor":5.0,"turns":4.0},{"damage":25.0,"enemies":"Lagavulin","floor":8.0,"turns":5.0},{"damage":0.0,"enemies":"Looter","floor":10.0,"turns":1.0},{"damage":14.0,"enemies":"3 Sentries","floor":12.0,"turns":6.0},{"damage":7.0,"enemies":"Lots of Slimes","floor":14.0,"turns":4.0},{"damage":7.0,"enemies":"Hexaghost","floor":16.0,"turns":8.0},{"damage":3.0,"enemies":"2 Thieves","floor":18.0,"turns":5.0},{"damage":15.0,"enemies":"Shell Parasite","floor":20.0,"turns":2.0},{"damage":11.0,"enemies":"Shelled Parasite and Fungi","floor":21.0,"turns":4.0},{"damage":21.0,"enemies":"Masked Bandits","floor":22.0,"turns":5.0},{"damage":0.0,"enemies":"Book of Stabbing","floor":24.0,"turns":4.0},{"damage":13.0,"enemies":"Snecko","floor":25.0,"turns":4.0},{"damage":2.0,"enemies":"Chosen and Byrds","floor":31.0,"turns":4.0},{"damage":44.0,"enemies":"Automaton","floor":33.0,"turns":10.0},{"damage":2,"enemies":"3 Darklings","floor":35,"turns":6},{"damage":6,"enemies":"3 Shapes","floor":36,"turns":4},{"damage":0,"enemies":"3 Darklings","floor":37,"turns":8},{"damage":0,"enemies":"Maw","floor":48,"turns":5},{"damage":15,"enemies":"Time Eater","floor":50,"turns":10}],"seed_played":"-5787626164014638476","potions_obtained":[{"floor":4.0,"key":"SkillPotion"},{"floor":8.0,"key":"Ancient Potion"},{"floor":10.0,"key":"Ancient Potion"},{"floor":16.0,"key":"SteroidPotion"},{"floor":21.0,"key":"EssenceOfSteel"},{"floor":25.0,"key":"SmokeBomb"},{"floor":31.0,"key":"Block Potion"},{"floor":35,"key":"Fire Potion"},{"floor":37,"key":"Ancient Potion"}],"is_trial":false,"path_per_floor":["M","?","M","M","M","R","?","E","T","M","R","E","R","M","R","B",null,"M","T","M","M","?","R","E","M","T","R","?","$","R","M","R","B",null,"M","M","M","?","$","?","R","?","T","R","$","R","?","M","R","B",null],"character_chosen":"THE_SILENT","items_purchased":["Thread and Needle","ClockworkSouvenir"],"campfire_rested":8,"item_purchase_floors":[29,39],"current_hp_per_floor":[57,57,50,50,43,43,43,18,18,18,37,23,23,16,16,9,52,49,49,34,23,2,21,21,8,8,27,6,6,25,23,42,13,53,51,45,45,45,45,45,63,63,63,63,63,63,63,63,63,48],"gold":44,"neow_bonus":"BOSS_RELIC","is_daily":false,"chose_seed":false,"campfire_upgraded":3,"win_rate":0.0,"timestamp":1611208582,"path_taken":["M","?","M","M","M","R","?","E","T","M","R","E","R","M","R","BOSS","M","?","M","M","?","R","E","M","T","R","?","$","R","M","R","BOSS","M","M","M","?","$","?","R","?","T","R","?","R","?","M","R","BOSS"],"items_purchased_type":["Relic","Relic"],"build_version":"2020-12-18","purchased_purges":0,"victory":true,"max_hp_per_floor":[66,66,66,66,66,66,66,66,66,66,66,66,66,66,66,66,66,66,66,66,66,66,66,66,66,66,66,66,66,66,66,66,66,66,66,66,66,66,66,63,63,63,63,63,63,63,63,63,63,63],"relic_stats":{"Darkstone Periapt":0,"Mark of the Bloom":36,"counters":[22,110],"Blue Candle":[0],"Snecko Eye":[188,184,164,202],"Juzu Bracelet":2,"Kunai":[50],"Orichalcum":[120],"obtain_stats":[{"Potion Belt":19,"Darkstone Periapt":24,"Mark of the Bloom":42,"Blue Candle":43,"Enchiridion":28,"Thread and Needle":29,"Juzu Bracelet":12,"Orichalcum":26,"ClockworkSouvenir":39,"SlaversCollar":17,"Snecko Eye":0,"Fusion Hammer":34,"Red Mask":22,"Kunai":8,"StrikeDummy":9,"Ring of the Snake":0},{"Potion Belt":10,"Darkstone Periapt":14,"Mark of the Bloom":20,"Blue Candle":20,"Enchiridion":15,"Thread and Needle":15,"Juzu Bracelet":7,"Orichalcum":15,"ClockworkSouvenir":20,"SlaversCollar":9,"Snecko Eye":0,"Fusion Hammer":17,"Red Mask":13,"Kunai":5,"StrikeDummy":5,"Ring of the Snake":0},{"Potion Belt":44,"Darkstone Periapt":59,"Mark of the Bloom":95,"Blue Candle":95,"Enchiridion":63,"Thread and Needle":63,"Juzu Bracelet":27,"Orichalcum":63,"ClockworkSouvenir":95,"SlaversCollar":39,"Snecko Eye":0,"Fusion Hammer":77,"Red Mask":55,"Kunai":20,"StrikeDummy":20,"Ring of the Snake":0}]},"card_choices":[{"not_picked":["Backflip","Accuracy"],"picked":"Riddle With Holes","floor":1.0},{"not_picked":["Quick Slash","Endless Agony","Deadly Poison"],"picked":"SKIP","floor":3.0},{"not_picked":["Terror","Outmaneuver"],"picked":"Choke","floor":4.0},{"not_picked":["Deflect","Caltrops"],"picked":"Cloak And Dagger","floor":5.0},{"not_picked":["Deflect","Dagger Throw"],"picked":"Underhanded Strike","floor":8.0},{"not_picked":["Dagger Spray","Outmaneuver"],"picked":"Noxious Fumes","floor":10.0},{"not_picked":["Prepared","PiercingWail"],"picked":"Cloak And Dagger","floor":12.0},{"not_picked":["Reflex","Dodge and Roll"],"picked":"Accuracy","floor":14.0},{"not_picked":["Grand Finale","Die Die Die"],"picked":"Wraith Form v2","floor":16.0},{"not_picked":["Expertise","Flying Knee","Tactician"],"picked":"SKIP","floor":18.0},{"not_picked":["Deadly Poison","Dagger Throw"],"picked":"Crippling Poison","floor":20.0},{"not_picked":["Poisoned Stab","PiercingWail"],"picked":"Blade Dance","floor":21.0},{"not_picked":["Well Laid Plans","Dagger Spray"],"picked":"Venomology","floor":24.0},{"not_picked":["Poisoned Stab","Deadly Poison","Quick Slash"],"picked":"SKIP","floor":25.0},{"not_picked":["Bane+1","Dagger Spray"],"picked":"Backflip","floor":31.0},{"not_picked":["Adrenaline","Unload"],"picked":"Wraith Form v2","floor":33.0},{"not_picked":["Underhanded Strike","Endless Agony","Distraction"],"picked":"SKIP","floor":35},{"not_picked":["Prepared","Underhanded Strike"],"picked":"PiercingWail+1","floor":36},{"not_picked":["Acrobatics","Slice"],"picked":"Riddle With Holes+1","floor":37},{"not_picked":["Reflex","Escape Plan"],"picked":"Blade Dance","floor":48}],"player_experience":1532919,"relics_obtained":[{"floor":8.0,"key":"Kunai"},{"floor":9.0,"key":"StrikeDummy"},{"floor":12.0,"key":"Juzu Bracelet"},{"floor":19.0,"key":"Potion Belt"},{"floor":22.0,"key":"Red Mask"},{"floor":24.0,"key":"Darkstone Periapt"},{"floor":26.0,"key":"Orichalcum"},{"floor":28.0,"key":"Enchiridion"},{"floor":43,"key":"Blue Candle"}],"event_choices":[{"damage_healed":0.0,"max_hp_gain":0.0,"max_hp_loss":0.0,"gold_gain":0.0,"event_name":"World of Goop","player_choice":"Left Gold","floor":2.0,"gold_loss":59.0,"damage_taken":0.0},{"cards_removed":["Neutralize"],"damage_healed":0.0,"max_hp_gain":0.0,"max_hp_loss":0.0,"gold_gain":0.0,"event_name":"Bonfire Elementals","player_choice":"Offered Basic","floor":7.0,"gold_loss":0.0,"damage_taken":0.0},{"damage_healed":0.0,"max_hp_gain":0.0,"max_hp_loss":0.0,"gold_gain":0.0,"event_name":"Masked Bandits","player_choice":"Fought Bandits","floor":22.0,"gold_loss":0.0,"damage_taken":0.0},{"damage_healed":0.0,"max_hp_gain":0.0,"max_hp_loss":0.0,"gold_gain":0.0,"event_name":"Cursed Tome","player_choice":"Obtained Book","floor":28.0,"gold_loss":0.0,"damage_taken":21.0},{"damage_healed":0,"gold_gain":0,"player_choice":"0 cards matched","damage_taken":0,"max_hp_gain":0,"max_hp_loss":0,"event_name":"Match and Keep!","floor":38,"gold_loss":0,"cards_obtained":[]},{"damage_healed":0,"gold_gain":0,"player_choice":"Max HP","damage_taken":0,"max_hp_gain":0,"max_hp_loss":3,"event_name":"Winding Halls","floor":40,"gold_loss":0},{"damage_healed":0,"gold_gain":0,"player_choice":"Upgrade","damage_taken":0,"relics_obtained":["Mark of the Bloom"],"max_hp_gain":0,"max_hp_loss":0,"event_name":"MindBloom","floor":42,"gold_loss":0,"cards_upgraded":["Strike_G","Strike_G","Strike_G","Strike_G","Strike_G","Defend_G","Defend_G","Defend_G","Defend_G","Defend_G","Survivor","Cloak And Dagger","Underhanded Strike","Noxious Fumes","Accuracy","Wraith Form v2","Crippling Poison","Blade Dance","Venomology","Backflip","Wraith Form v2"]},{"cards_removed":["Strike_G"],"damage_healed":0,"gold_gain":0,"player_choice":"Removed Attack","damage_taken":0,"max_hp_gain":0,"max_hp_loss":0,"event_name":"Falling","floor":47,"gold_loss":0}],"is_beta":true,"boss_relics":[{"not_picked":["Philosopher\u0027s Stone","Cursed Key"],"picked":"SlaversCollar"},{"not_picked":["Empty Cage","WristBlade"],"picked":"Fusion Hammer"}],"items_purged_floors":[],"is_endless":false,"potions_floor_spawned":[4,8,10,16,21,25,31,35,37],"ascension_level":18}}