{"host":"p1xsuo25udtrkbq2","time":1611209063,"event":{"mods":["BaseMod","Colored Map","Highlight Path","Minty Spire (QoL Compilation)","Quick Restart","Rare Cards Sparkle","Relic Stats","Slay the Relics Exporter","StSLib","everything is the same but u backflip on backflip"],"gold_per_floor":[118,118,129,129,139,139,22,22,45,75,75,109,122,138,138,138,138],"floor_reached":16,"language":"ENG","playtime":1009,"items_purged":[],"score":187,"play_id":"bee83293-e16a-4001-875e-6e25aade163e","local_time":"20210121010423","is_ascension_mode":true,"campfire_choices":[{"data":"Whirlwind","floor":6.0,"key":"SMITH"},{"data":"Bash","floor":8.0,"key":"SMITH"},{"data":"Flex","floor":11.0,"key":"SMITH"},{"data":"Disarm","floor":15.0,"key":"SMITH"}],"circlet_count":0,"master_deck":["AscendersBane","Strike_R","Strike_R","Strike_R","Strike_R","Defend_R","Defend_R","Defend_R","Defend_R","Bash+1","Flex+1","Limit Break","Disarm+1","Shrug It Off","Whirlwind+1","Reaper","Fire Breathing","Power Through","Pommel Strike","Limit Break"],"relics":["Burning Blood","NeowsBlessing","Ancient Tea Set","PreservedInsect","Dream Catcher"],"acts_visited":["Exordium"],"potions_floor_usage":[],"damage_taken":[{"damage":0.0,"enemies":"2 Louse","floor":1.0,"turns":1.0},{"damage":0.0,"enemies":"Cultist","floor":3.0,"turns":1.0},{"damage":0.0,"enemies":"Small Slimes","floor":5.0,"turns":1.0},{"damage":34.0,"enemies":"Gremlin Nob","floor":10.0,"turns":4.0},{"damage":20.0,"enemies":"3 Sentries","floor":12.0,"turns":3.0},{"damage":13.0,"enemies":"Blue Slaver","floor":13.0,"turns":3.0},{"damage":30.0,"enemies":"Gremlin Gang","floor":14.0,"turns":4.0},{"damage":0,"enemies":"Slime Boss","floor":16,"turns":1}],"seed_played":"-8567151251250725751","potions_obtained":[{"floor":1.0,"key":"BloodPotion"},{"floor":12.0,"key":"ElixirPotion"},{"floor":14.0,"key":"LiquidBronze"}],"is_trial":false,"path_per_floor":["M","?","M","?","M","R","$","R","T","E","R","E","M","M","R","B"],"character_chosen":"IRONCLAD","items_purchased":["Reaper","SteroidPotion"],"campfire_rested":0,"item_purchase_floors":[7,7],"current_hp_per_floor":[74,74,75,75,75,75,75,75,75,47,47,45,50,41,41,41,41],"gold":138,"neow_bonus":"THREE_ENEMY_KILL","is_daily":false,"chose_seed":false,"campfire_upgraded":4,"win_rate":0.0,"timestamp":1611209063,"path_taken":["M","?","?","?","M","R","$","R","T","E","R","E","M","M","R","BOSS"],"items_purchased_type":["Card","Potion"],"build_version":"2020-12-22","purchased_purges":0,"victory":false,"max_hp_per_floor":[75,75,75,75,75,75,75,75,75,75,75,75,75,75,75,75,75],"relic_stats":{"Dream Catcher":0,"counters":[8,17],"PreservedInsect":33,"obtain_stats":[{"Dream Catcher":12,"NeowsBlessing":0,"PreservedInsect":10,"Ancient Tea Set":9,"Burning Blood":0},{"Dream Catcher":5,"NeowsBlessing":0,"PreservedInsect":4,"Ancient Tea Set":3,"Burning Blood":0},{"Dream Catcher":10,"NeowsBlessing":0,"PreservedInsect":7,"Ancient Tea Set":3,"Burning Blood":0}],"Burning Blood":31},"card_choices":[{"not_picked":["Searing Blow","Clash"],"picked":"Flex","floor":1.0},{"not_picked":["Havoc","Feel No Pain"],"picked":"Disarm","floor":3.0},{"not_picked":["Ghostly Armor","Perfected Strike"],"picked":"Whirlwind","floor":5.0},{"not_picked":["Clash","Body Slam"],"picked":"Fire Breathing","floor":10.0},{"not_picked":["Flex","Dark Embrace"],"picked":"Power Through","floor":12.0},{"not_picked":["Clash","Heavy Blade"],"picked":"Pommel Strike","floor":13.0},{"not_picked":["Cleave","Havoc"],"picked":"Limit Break","floor":14.0}],"player_experience":937714,"relics_obtained":[{"floor":9.0,"key":"Ancient Tea Set"},{"floor":10.0,"key":"PreservedInsect"},{"floor":12.0,"key":"Dream Catcher"}],"event_choices":[{"damage_healed":0.0,"max_hp_gain":0.0,"max_hp_loss":0.0,"gold_gain":0.0,"event_name":"Match and Keep!","player_choice":"1 cards matched","floor":2.0,"gold_loss":0.0,"damage_taken":0.0,"cards_obtained":["Limit Break"]},{"damage_healed":0.0,"max_hp_gain":0.0,"max_hp_loss":0.0,"gold_gain":0.0,"cards_transformed":["Strike_R"],"event_name":"Living Wall","player_choice":"Change","floor":4.0,"gold_loss":0.0,"damage_taken":0.0,"cards_obtained":["Shrug It Off"]}],"is_beta":false,"boss_relics":[],"items_purged_floors":[],"is_endless":false,"potions_floor_spawned":[1,12,14],"killed_by":"Slime Boss","ascension_level":14}}