{"host":"yuoancq4cku3x8wq","time":1611212215,"event":{"mods":["AchievementEnabler","BaseMod","Downfall","Minty Spire (QoL Compilation)","Quick Restart","StSLib","SuperFastMode"],"gold_per_floor":[99,114,114,132,432,451,474,486,511,94,104,114,114,129,149,149,149,149],"floor_reached":16,"language":"ZHS","playtime":1044,"items_purged":["downfall:Icky"],"score":131,"play_id":"11b3ce3e-ad82-4b50-97bf-32ee9cc05a60","local_time":"20210121145655","is_ascension_mode":false,"campfire_choices":[{"data":"hexamod:Float","floor":1.0,"key":"SMITH"},{"data":"hexamod:SoulSteal","floor":13,"key":"SMITH"}],"circlet_count":0,"master_deck":["hexamod:Strike+1","hexamod:Defend","hexamod:Defend","hexamod:Defend+1","hexamod:Defend+1","hexamod:Sear","hexamod:Float+1","hexamod:Haunt+1","hexamod:SwordOfDarkness+1","hexamod:RadiantFlame+1","hexamod:FirstSeal","hexamod:FastForward","downfall:Icky","hexamod:SoulSteal+1","hexamod:SkipABeat","hexamod:FastForward+1","hexamod:FastForward","hexamod:SixthSeal","hexamod:FastForward"],"relics":["Astrolabe","Anchor","Calipers","Membership Card","Sundial","War Paint"],"acts_visited":["Exordium"],"potions_floor_usage":[],"damage_taken":[{"damage":2.0,"enemies":"2 Louse","floor":2.0,"turns":3.0},{"damage":1.0,"enemies":"Jaw Worm","floor":4.0,"turns":3.0},{"damage":1.0,"enemies":"Cultist","floor":6.0,"turns":3.0},{"damage":9.0,"enemies":"Blue Slaver","floor":8.0,"turns":3.0},{"damage":14,"enemies":"3 Sentries","floor":9,"turns":4},{"damage":6,"enemies":"downfall:FleeingMerchant","floor":10,"turns":4},{"damage":0,"enemies":"Red Slaver","floor":11,"turns":3},{"damage":1,"enemies":"2 Fungi Beasts","floor":12,"turns":4},{"damage":0,"enemies":"Large Slime","floor":14,"turns":3},{"damage":8,"enemies":"3 Louse","floor":15,"turns":3},{"damage":69,"enemies":"IC_STATUS_ARCHETYPE","floor":16,"turns":8}],"seed_played":"-2622152305826263965","potions_obtained":[{"floor":8.0,"key":"BlessingOfTheForge"},{"floor":11,"key":"EssenceOfSteel"},{"floor":15,"key":"Energy Potion"}],"is_trial":false,"path_per_floor":["R","M","?","M","?","M","T","M","E","$","M","M","R","M","M","B"],"character_chosen":"THE_SPIRIT","items_purchased":["Membership Card","Sundial","War Paint"],"campfire_rested":0,"item_purchase_floors":[10,10,10],"current_hp_per_floor":[70,68,68,67,67,70,70,68,61,62,62,68,68,70,69,0,0,0],"gold":149,"neow_bonus":"BOSS_RELIC","is_daily":false,"chose_seed":false,"campfire_upgraded":2,"win_rate":0.0,"timestamp":1611212215,"path_taken":["R","M","?","M","?","M","T","M","E","$","M","M","R","M","M","BOSS"],"items_purchased_type":["Relic","Relic","Relic"],"build_version":"2020-12-22","purchased_purges":1,"victory":false,"max_hp_per_floor":[70,70,70,70,70,70,70,70,70,70,70,70,70,70,70,70,70,70],"card_choices":[{"not_picked":["hexamod:AdvancingGuard","hexamod:NightmareStrike"],"picked":"hexamod:FirstSeal","floor":2.0},{"not_picked":["hexamod:NightmareGuise","hexamod:SwordOfDarkness"],"picked":"hexamod:FastForward","floor":4.0},{"not_picked":["hexamod:Incineration","hexamod:RainOfEmbers"],"picked":"hexamod:SoulSteal","floor":6.0},{"not_picked":["hexamod:EtherealExpedition","hexamod:GhostShield"],"picked":"hexamod:SkipABeat","floor":8.0},{"not_picked":["hexamod:HeatShield","hexamod:GhostShield","hexamod:Incineration"],"picked":"SKIP","floor":9},{"not_picked":["hexamod:HauntingEcho","hexamod:HeatMetal"],"picked":"hexamod:FastForward","floor":10},{"not_picked":["hexamod:BacktrackSmack","hexamod:Incineration"],"picked":"hexamod:FastForward","floor":11},{"not_picked":["hexamod:BacktrackSmack","hexamod:SpectersWail"],"picked":"hexamod:SixthSeal","floor":12},{"not_picked":["hexamod:InspiringFlames","hexamod:HauntingEcho","hexamod:HeatMetal"],"picked":"SKIP","floor":14},{"not_picked":["hexamod:Firestarter","hexamod:ShieldOfDarkness"],"picked":"hexamod:FastForward","floor":15}],"player_experience":309848,"relics_obtained":[{"floor":7.0,"key":"Anchor"},{"floor":9,"key":"Calipers"}],"event_choices":[],"is_beta":false,"boss_relics":[],"items_purged_floors":[10],"is_endless":false,"potions_floor_spawned":[8,11,15],"killed_by":"IC_STATUS_ARCHETYPE","ascension_level":0}}