{"host":"1a3cjta80tad0aqj","time":1611254430,"event":{"mods":["2.2 Compatiblity","AchievementEnabler","BaseMod","Colored Map","DeckTracker","KOR Keyword Fix","Keyboard Shortcuts","Minty Spire (QoL Compilation)","Permanent Neow","Quick Restart","Random Character Button","StSLib","SuperFastMode","everything is the same but u backflip on backflip"],"gold_per_floor":[115,65,65,83,8,41,41,116,191,91,91,111,59,77,77,182,182,195,214,4,15,15,15,46,46,72,72,86,106,106,117,117,217,217,233,233,46,64,82,82,114,134,134,153,153,171,171,171,171,171],"floor_reached":51,"language":"KOR","playtime":1890,"items_purged":["Defend_R","Regret","Strike_R","Strike_R"],"score":921,"play_id":"63919ff4-0420-4905-b756-2bc430d29233","local_time":"20210122034030","is_ascension_mode":true,"campfire_choices":[{"data":"Inflame","floor":7.0,"key":"SMITH"},{"data":"Rampage","floor":15.0,"key":"SMITH"},{"data":"J.A.X.","floor":23.0,"key":"SMITH"},{"floor":25.0,"key":"REST"},{"floor":30.0,"key":"REST"},{"data":"Bash","floor":32.0,"key":"SMITH"},{"floor":40.0,"key":"REST"},{"floor":47.0,"key":"REST"},{"floor":49.0,"key":"REST"}],"circlet_count":0,"master_deck":["Strike_R","Strike_R","Defend_R","Bash+1","Spot Weakness","Inflame+1","Twin Strike","Cleave","Rampage+1","Impervious","Pommel Strike+1","Flame Barrier","J.A.X.+1","Shrug It Off+1","Disarm","Power Through","Double Tap","Heavy Blade","Heavy Blade+1","True Grit+1","Offering"],"relics":["Burning Blood","NeowsBlessing","Pantograph","TungstenRod","Singing Bowl","Eternal Feather","Odd Mushroom","Black Star","Membership Card","Centennial Puzzle","Unceasing Top","Art of War","Velvet Choker","Juzu Bracelet","Boot","Question Card","Prayer Wheel","Blood Vial"],"acts_visited":["Exordium","TheCity","TheBeyond"],"potions_floor_usage":[50,50,50],"damage_taken":[{"damage":0.0,"enemies":"Cultist","floor":1.0,"turns":1.0},{"damage":0.0,"enemies":"Small Slimes","floor":4.0,"turns":1.0},{"damage":3.0,"enemies":"3 Sentries","floor":6.0,"turns":2.0},{"damage":23.0,"enemies":"The Mushroom Lair","floor":12.0,"turns":4.0},{"damage":11.0,"enemies":"Jaw Worm","floor":14.0,"turns":2.0},{"damage":50.0,"enemies":"Slime Boss","floor":16.0,"turns":7.0},{"damage":24.0,"enemies":"Spheric Guardian","floor":18.0,"turns":4.0},{"damage":0.0,"enemies":"3 Byrds","floor":19.0,"turns":4.0},{"damage":10.0,"enemies":"Snecko","floor":21.0,"turns":4.0},{"damage":51.0,"enemies":"Gremlin Leader","floor":24.0,"turns":6.0},{"damage":12.0,"enemies":"Snake Plant","floor":28.0,"turns":3.0},{"damage":7.0,"enemies":"Shelled Parasite and Fungi","floor":29.0,"turns":4.0},{"damage":20.0,"enemies":"Snecko","floor":31.0,"turns":6.0},{"damage":95.0,"enemies":"Champ","floor":33.0,"turns":11.0},{"damage":2.0,"enemies":"3 Shapes","floor":35.0,"turns":7.0},{"damage":2.0,"enemies":"Orb Walker","floor":38.0,"turns":3.0},{"damage":37.0,"enemies":"Sphere and 2 Shapes","floor":39.0,"turns":5.0},{"damage":49.0,"enemies":"Reptomancer","floor":41.0,"turns":6.0},{"damage":8.0,"enemies":"Maw","floor":42.0,"turns":4.0},{"damage":30.0,"enemies":"Spire Growth","floor":44.0,"turns":4.0},{"damage":25.0,"enemies":"Sphere and 2 Shapes","floor":46.0,"turns":5.0},{"damage":82,"enemies":"Donu and Deca","floor":50,"turns":7}],"seed_played":"2231613955254593859","potions_obtained":[{"floor":12.0,"key":"Fire Potion"},{"floor":14.0,"key":"LiquidBronze"},{"floor":16.0,"key":"DistilledChaos"},{"floor":24.0,"key":"DistilledChaos"},{"floor":28.0,"key":"ColorlessPotion"},{"floor":29.0,"key":"Regen Potion"},{"floor":33.0,"key":"DuplicationPotion"},{"floor":35.0,"key":"Energy Potion"},{"floor":39.0,"key":"DuplicationPotion"},{"floor":41.0,"key":"Regen Potion"},{"floor":46.0,"key":"BloodPotion"}],"is_trial":false,"path_per_floor":["M","?","?","M","$","E","R","T","T","$","?","?","$","M","R","B",null,"M","M","$","M","?","R","E","R","T","?","M","M","R","M","R","B",null,"M","?","$","M","M","R","E","M","T","M","?","M","R","?","R","B",null],"character_chosen":"IRONCLAD","items_purchased":["Strength Potion","Membership Card","Juzu Bracelet","LiquidMemories"],"campfire_rested":5,"item_purchase_floors":[13,20,37,37],"current_hp_per_floor":[78,78,78,80,80,80,80,80,80,80,74,57,57,52,58,36,69,53,59,59,55,55,64,19,52,52,37,31,30,65,53,62,13,70,74,74,74,80,49,85,44,54,54,32,32,19,60,60,94,36],"gold":171,"neow_bonus":"THREE_ENEMY_KILL","is_daily":false,"chose_seed":false,"campfire_upgraded":4,"win_rate":0.0,"timestamp":1611254430,"path_taken":["M","?","?","M","$","E","R","?","T","$","?","?","$","M","R","BOSS","M","M","$","M","?","R","E","R","T","?","M","M","R","M","R","BOSS","M","?","$","M","M","R","E","M","T","M","?","M","R","?","R","BOSS"],"items_purchased_type":["Potion","Relic","Relic","Potion"],"build_version":"2020-12-22","purchased_purges":4,"victory":true,"max_hp_per_floor":[80,80,80,80,80,80,80,80,80,80,80,80,80,80,80,80,80,82,82,82,82,82,82,82,82,82,87,87,87,87,89,89,89,89,89,89,89,91,91,91,93,93,93,95,95,99,99,94,94,94],"card_choices":[{"not_picked":["Perfected Strike","Burning Pact"],"picked":"Spot Weakness","floor":1.0},{"not_picked":["Headbutt","Bloodletting"],"picked":"Inflame","floor":4.0},{"not_picked":["Clothesline","Searing Blow"],"picked":"Twin Strike","floor":6.0},{"not_picked":["Sentinel","Bludgeon"],"picked":"Cleave","floor":12.0},{"not_picked":["Sever Soul","Warcry"],"picked":"Rampage","floor":14.0},{"not_picked":["Limit Break","Exhume"],"picked":"Impervious","floor":16.0},{"not_picked":["Thunderclap","Intimidate","Body Slam+1"],"picked":"Singing Bowl","floor":18.0},{"not_picked":["Havoc","Cleave"],"picked":"Pommel Strike+1","floor":19.0},{"not_picked":["Clash","Sword Boomerang"],"picked":"Flame Barrier","floor":21.0},{"not_picked":["Armaments","True Grit"],"picked":"Shrug It Off+1","floor":24.0},{"not_picked":["Burning Pact","Anger"],"picked":"Disarm","floor":28.0},{"not_picked":["Second Wind","Sever Soul+1"],"picked":"Power Through","floor":29.0},{"not_picked":["Warcry","Havoc","Clothesline+1"],"picked":"Singing Bowl","floor":31.0},{"not_picked":["Brutality","Juggernaut"],"picked":"Double Tap","floor":33.0},{"not_picked":["Bloodletting+1","Warcry+1"],"picked":"Heavy Blade","floor":35.0},{"not_picked":["Twin Strike+1","Rampage","Pommel Strike"],"picked":"Singing Bowl","floor":38.0},{"not_picked":["Rampage+1","Anger+1"],"picked":"Heavy Blade+1","floor":39.0},{"not_picked":["Clash","Evolve","Wild Strike"],"picked":"Singing Bowl","floor":41.0},{"not_picked":["Dual Wield","Clothesline","Iron Wave+1"],"picked":"True Grit+1","floor":42.0},{"not_picked":["Twin Strike","Anger","Blood for Blood","Clash"],"picked":"Singing Bowl","floor":44.0},{"not_picked":["Twin Strike+1","Disarm+1","Sword Boomerang+1"],"picked":"Offering","floor":44.0},{"not_picked":["Spot Weakness+1","Pummel","Havoc","Clothesline+1"],"picked":"Singing Bowl","floor":46.0},{"not_picked":["Pommel Strike","Dark Embrace+1","Thunderclap+1","Heavy Blade"],"picked":"Singing Bowl","floor":46.0}],"player_experience":857049,"relics_obtained":[{"floor":6.0,"key":"TungstenRod"},{"floor":8.0,"key":"Singing Bowl"},{"floor":9.0,"key":"Eternal Feather"},{"floor":12.0,"key":"Odd Mushroom"},{"floor":24.0,"key":"Centennial Puzzle"},{"floor":24.0,"key":"Unceasing Top"},{"floor":26.0,"key":"Art of War"},{"floor":41.0,"key":"Boot"},{"floor":41.0,"key":"Question Card"},{"floor":43.0,"key":"Prayer Wheel"},{"floor":45.0,"key":"Blood Vial"}],"event_choices":[{"cards_removed":["Defend_R"],"damage_healed":0.0,"max_hp_gain":0.0,"max_hp_loss":0.0,"gold_gain":0.0,"event_name":"The Cleric","player_choice":"Card Removal","floor":2.0,"gold_loss":50.0,"damage_taken":0.0},{"damage_healed":0.0,"max_hp_gain":0.0,"max_hp_loss":0.0,"gold_gain":0.0,"event_name":"Big Fish","player_choice":"Box","floor":3.0,"gold_loss":0.0,"damage_taken":0.0,"relics_obtained":["Pantograph"],"cards_obtained":["Regret"]},{"cards_removed":["Strike_R"],"damage_healed":0.0,"max_hp_gain":0.0,"max_hp_loss":0.0,"gold_gain":0.0,"event_name":"Golden Wing","player_choice":"Card Removal","floor":11.0,"gold_loss":0.0,"damage_taken":7.0},{"damage_healed":0.0,"max_hp_gain":0.0,"max_hp_loss":0.0,"gold_gain":0.0,"event_name":"Mushrooms","player_choice":"Fought Mushrooms","floor":12.0,"gold_loss":0.0,"damage_taken":0.0},{"damage_healed":0.0,"max_hp_gain":0.0,"max_hp_loss":0.0,"gold_gain":0.0,"event_name":"Drug Dealer","player_choice":"Obtain J.A.X.","floor":22.0,"gold_loss":0.0,"damage_taken":0.0,"cards_obtained":["J.A.X."]},{"damage_healed":0.0,"max_hp_gain":5.0,"max_hp_loss":0.0,"gold_gain":0.0,"event_name":"Forgotten Altar","player_choice":"Shed Blood","floor":27.0,"gold_loss":0.0,"damage_taken":21.0},{"cards_removed":["Defend_R"],"damage_healed":0.0,"max_hp_gain":0.0,"max_hp_loss":0.0,"gold_gain":0.0,"event_name":"Falling","player_choice":"Removed Skill","floor":36.0,"gold_loss":0.0,"damage_taken":0.0},{"damage_healed":0.0,"max_hp_gain":0.0,"max_hp_loss":0.0,"gold_gain":0.0,"event_name":"Wheel of Change","player_choice":"Relic","floor":45.0,"gold_loss":0.0,"damage_taken":0.0},{"damage_healed":0.0,"max_hp_gain":0.0,"max_hp_loss":5.0,"gold_gain":0.0,"event_name":"Winding Halls","player_choice":"Max HP","floor":48.0,"gold_loss":0.0,"damage_taken":0.0}],"is_beta":false,"boss_relics":[{"not_picked":["Ectoplasm","Cursed Key"],"picked":"Black Star"},{"not_picked":["Coffee Dripper","Snecko Eye"],"picked":"Velvet Choker"}],"items_purged_floors":[5,10,20,37],"is_endless":false,"potions_floor_spawned":[12,14,16,24,28,29,33,35,39,41,46],"ascension_level":6}}