{"host":"u7lm8z2rvb4dg2oo","time":1611244152,"event":{"mods":["AchievementEnabler","BaseMod","Bestiary","Block Reminder","Colored Map","Colored Powertips","Curses Come First","DeckTracker","Googly Eyes","Highlight Path","Minty Spire (QoL Compilation)","Quick Restart","StSLib"],"gold_per_floor":[116,127,137,153,38,38,71,71,71,97,163,163,173,188,188,289,289,306,319,117,131,131,131],"floor_reached":22,"language":"ENG","playtime":1693,"items_purged":[],"score":297,"play_id":"22414b57-b246-4bef-a9dd-93fb16f71015","local_time":"20210121104912","is_ascension_mode":true,"campfire_choices":[{"data":"Footwork","floor":6.0,"key":"SMITH"},{"floor":12.0,"key":"REST"},{"floor":15.0,"key":"REST"}],"circlet_count":0,"master_deck":["AscendersBane","Strike_G","Strike_G","Defend_G","Defend_G","Defend_G","Defend_G","Defend_G","Survivor","Neutralize","Backstab","Crippling Poison","Bane","Flying Knee","Footwork+1","Poisoned Stab","Catalyst","Phantasmal Killer","Endless Agony","Bullet Time","Blur","Blade Dance+1","Apotheosis","Footwork"],"relics":["Ring of the Snake","Unceasing Top","Blue Candle","Kunai","Empty Cage"],"acts_visited":["Exordium","TheCity"],"potions_floor_usage":[],"damage_taken":[{"damage":1.0,"enemies":"Jaw Worm","floor":1.0,"turns":5.0},{"damage":0.0,"enemies":"2 Louse","floor":2.0,"turns":3.0},{"damage":0.0,"enemies":"Small Slimes","floor":3.0,"turns":3.0},{"damage":0.0,"enemies":"3 Louse","floor":4.0,"turns":3.0},{"damage":11.0,"enemies":"3 Sentries","floor":7.0,"turns":12.0},{"damage":35.0,"enemies":"Gremlin Nob","floor":10.0,"turns":5.0},{"damage":8.0,"enemies":"Lots of Slimes","floor":13.0,"turns":4.0},{"damage":12.0,"enemies":"Exordium Wildlife","floor":14.0,"turns":5.0},{"damage":34.0,"enemies":"Slime Boss","floor":16.0,"turns":12.0},{"damage":8.0,"enemies":"Chosen","floor":18.0,"turns":4.0},{"damage":2.0,"enemies":"3 Byrds","floor":19.0,"turns":7.0},{"damage":25.0,"enemies":"Centurion and Healer","floor":21.0,"turns":7.0},{"damage":21,"enemies":"Sentry and Sphere","floor":22,"turns":6}],"seed_played":"-5671736118757206221","potions_obtained":[{"floor":1.0,"key":"DistilledChaos"},{"floor":3.0,"key":"AttackPotion"},{"floor":10.0,"key":"LiquidMemories"},{"floor":16.0,"key":"SkillPotion"},{"floor":19.0,"key":"SpeedPotion"}],"is_trial":false,"path_per_floor":["M","M","M","M","$","R","E","?","T","E","?","R","M","M","R","B",null,"M","M","$","M","M"],"character_chosen":"THE_SILENT","items_purchased":["Footwork","Poisoned Stab","Apotheosis","Footwork"],"campfire_rested":2,"item_purchase_floors":[5,5,20,20],"current_hp_per_floor":[62,62,62,62,62,62,51,56,56,21,21,43,35,23,45,11,59,51,49,49,24,3,3],"gold":131,"neow_bonus":"REMOVE_CARD","is_daily":false,"chose_seed":false,"campfire_upgraded":1,"win_rate":0.0,"timestamp":1611244152,"path_taken":["M","M","M","M","$","R","E","?","T","E","?","R","M","M","R","BOSS","M","M","$","M","M"],"items_purchased_type":["Card","Card","Card","Card"],"build_version":"2020-12-22","purchased_purges":0,"victory":false,"max_hp_per_floor":[70,70,70,70,70,70,70,75,75,75,75,75,75,75,75,75,75,75,75,75,75,75,75],"card_choices":[{"not_picked":["PiercingWail","Expertise"],"picked":"Backstab","floor":1.0},{"not_picked":["Deflect","Quick Slash"],"picked":"Crippling Poison","floor":2.0},{"not_picked":["Quick Slash","Calculated Gamble"],"picked":"Bane","floor":3.0},{"not_picked":["Deadly Poison","Concentrate"],"picked":"Flying Knee","floor":4.0},{"not_picked":["Finisher","Sucker Punch"],"picked":"Catalyst","floor":7.0},{"not_picked":["Acrobatics","Infinite Blades","Flying Knee"],"picked":"SKIP","floor":10.0},{"not_picked":["Flying Knee","Bane"],"picked":"Phantasmal Killer","floor":13.0},{"not_picked":["Tactician","Dagger Throw"],"picked":"Endless Agony","floor":14.0},{"not_picked":["A Thousand Cuts","Die Die Die"],"picked":"Bullet Time","floor":16.0},{"not_picked":["Cloak And Dagger","Dagger Throw"],"picked":"Blur","floor":18.0},{"not_picked":["Skewer","All Out Attack"],"picked":"Blade Dance+1","floor":19.0},{"not_picked":["Underhanded Strike","Sucker Punch","Setup+1"],"picked":"SKIP","floor":21.0}],"player_experience":1028203,"relics_obtained":[{"floor":7.0,"key":"Unceasing Top"},{"floor":9.0,"key":"Blue Candle"},{"floor":10.0,"key":"Kunai"}],"event_choices":[{"damage_healed":0.0,"max_hp_gain":5.0,"max_hp_loss":0.0,"gold_gain":0.0,"event_name":"Big Fish","player_choice":"Donut","floor":8.0,"gold_loss":0.0,"damage_taken":0.0},{"damage_healed":0.0,"max_hp_gain":0.0,"max_hp_loss":0.0,"gold_gain":66.0,"event_name":"Golden Wing","player_choice":"Gained Gold","floor":11.0,"gold_loss":0.0,"damage_taken":0.0}],"is_beta":false,"boss_relics":[{"not_picked":["Velvet Choker","Busted Crown"],"picked":"Empty Cage"}],"items_purged_floors":[],"is_endless":false,"potions_floor_spawned":[1,3,10,16,19],"killed_by":"Sentry and Sphere","ascension_level":10}}