{"host":"rwzz6mk6bpmb57ql","time":1611264899,"event":{"mods":["AchievementEnabler","BaseMod","Better Third Choice","BetterRewards","Colored Map","Highlight Path","Hubris","Infinite Spire","Minty Spire (QoL Compilation)","Replay The Spire","StSLib","Wandering Minibosses"],"gold_per_floor":[5615,5084,5103,5118,5118,5118,5134,5134,5134,5161,5176,5193,5222,5233,5233,5308,5308,5327,5344,5355,5372,5372,5372,5382,5382,5407,5418,5434,5434,5451,3631,3631,3946,3946,4221,4506,4506,4814,5142,5510,5021,5021,5021,3620,3620,3645,3645,3915,3915,3915,3915,3915,2732,2936,2936],"floor_reached":56,"language":"ENG","playtime":3611,"items_purged":["Defend_G","Defend_G","Defend_G","Strike_G","Defend_G","Parasite"],"score":2522,"play_id":"bfd79df6-8ffa-4758-ac94-0836a24a4b49","local_time":"20210121153459","is_ascension_mode":true,"campfire_choices":[{"floor":6,"key":"RECALL"},{"data":"Infinite Blades","floor":8,"key":"SMITH"},{"data":"Outmaneuver","floor":15,"key":"SMITH"},{"data":"Finisher","floor":23,"key":"SMITH"},{"data":"Night Terror","floor":32,"key":"SMITH"},{"data":"ReplayTheSpireMod:??????????????????????","floor":42,"key":"SMITH"},{"data":"Phantasmal Killer","floor":45,"key":"SMITH"},{"data":"Prepared","floor":47,"key":"SMITH"},{"data":"Underhanded Strike","floor":49,"key":"SMITH"},{"data":"Blade Dance","floor":52,"key":"SMITH"}],"circlet_count":0,"master_deck":["AscendersBane","Strike_G+1","Strike_G+1","Strike_G","Strike_G","Defend_G","Survivor","Neutralize","Master of Strategy","Riddle With Holes","Finisher+1","Infinite Blades+1","Hidden Blade","Unload","Blade Dance+1","Outmaneuver+1","Dagger Spray","Underhanded Strike+1","Night Terror+1","Flying Knee","Dodge and Roll+1","Infinite Blades+1","Phantasmal Killer+1","Prepared+1","Endless Agony","ReplayTheSpireMod:??????????????????????+1","Eviscerate","Backstab","Flying Knee+1","hubris:EnhanceAbility+1","PanicButton"],"relics":["Ring of the Serpent","Blood Vial","MealTicket","infinitespire:Satchel","wanderingMiniBosses:Inkheart","Replay:WaspNest","hubris:Backtick","The Courier","MutagenicStrength","infinitespire:Lucky Rock","hubris:Potato","infinitespire:EmpoweringShard","Toolbox","White Beast Statue","Snack Pack","Juzu Bracelet","Oddly Smooth Stone","TungstenRod","Frozen Egg 2","infinitespire:EvilPickle","hubris:ToyBattleship","Meat on the Bone","Ninja Scroll","Simple Rune","hubris:TinFlute","infinitespire:FocusingShard","Anchor","Replay:Bottled Snecko","Lantern","Shovel","Regal Pillow","Counterbalance","hubris:AncientText","Pondfish Scales","hubris:TenFootPole"],"acts_visited":["Exordium","TheCity","TheBeyond","TheEnding"],"potions_floor_usage":[7,10,11,16,20,28,30,33,33,36,38,40,48,50,50,54,55,55],"damage_taken":[{"damage":2,"enemies":"Small Slimes","floor":1,"turns":4},{"damage":0,"enemies":"Cultist","floor":3,"turns":3},{"damage":12,"enemies":"Jaw Worm","floor":4,"turns":2},{"damage":15,"enemies":"2 Fungi Beasts","floor":7,"turns":3},{"damage":32,"enemies":"3 Sentries","floor":10,"turns":6},{"damage":28,"enemies":"Exordium Thugs","floor":11,"turns":3},{"damage":20,"enemies":"Lots of Slimes","floor":12,"turns":3},{"damage":31,"enemies":"Lagavulin","floor":13,"turns":4},{"damage":10,"enemies":"Exordium Wildlife","floor":14,"turns":2},{"damage":50,"enemies":"The Guardian","floor":16,"turns":9},{"damage":3,"enemies":"Chosen","floor":18,"turns":3},{"damage":11,"enemies":"Spheric Guardian","floor":19,"turns":3},{"damage":55,"enemies":"3 Cultists","floor":20,"turns":4},{"damage":14,"enemies":"Chosen and Byrds","floor":21,"turns":4},{"damage":0,"enemies":"Shelled Parasite and Fungi","floor":24,"turns":1},{"damage":14,"enemies":"Centurion and Healer","floor":27,"turns":3},{"damage":22,"enemies":"3 Cultists","floor":28,"turns":4},{"damage":10,"enemies":"Snecko","floor":30,"turns":3},{"damage":23,"enemies":"Pondfish","floor":33,"turns":7},{"damage":7,"enemies":"Orb Walker","floor":35,"turns":2},{"damage":13,"enemies":"3 Shapes","floor":36,"turns":3},{"damage":33,"enemies":"Maw","floor":38,"turns":6},{"damage":24,"enemies":"Writhing Mass","floor":39,"turns":4},{"damage":44,"enemies":"Nemesis","floor":40,"turns":3},{"damage":24,"enemies":"Mind Bloom Boss Battle","floor":46,"turns":3},{"damage":4,"enemies":"R_Hoarder","floor":48,"turns":3},{"damage":24,"enemies":"infinitespire:MassOfShapes","floor":50,"turns":5},{"damage":0,"enemies":"Shield and Spear","floor":54,"turns":4},{"damage":63,"enemies":"The Heart","floor":55,"turns":6}],"seed_played":"5254545242350115979","potions_obtained":[{"floor":1,"key":"SpeedPotion"},{"floor":3,"key":"Swift Potion"},{"floor":7,"key":"Languid Potion"},{"floor":12,"key":"Explosive Potion"},{"floor":18,"key":"Milkshake"},{"floor":19,"key":"Poison Potion"},{"floor":27,"key":"DuplicationPotion"},{"floor":28,"key":"Energy Potion"},{"floor":33,"key":"ColorlessPotion"},{"floor":35,"key":"Dexterity Potion"},{"floor":36,"key":"Swift Potion"},{"floor":38,"key":"PowerPotion"},{"floor":40,"key":"ColorlessPotion"},{"floor":46,"key":"AttackPotion"},{"floor":48,"key":"Toxic Potion"},{"floor":54,"key":"Swift Potion"}],"is_trial":false,"path_per_floor":["M","$","M","M","?","R","M","R","T","E","M","M","E","M","R","B",null,"M","M","M","M","?","R","M","AVR","T","M","M","?","M","$","R","B",null,"M","M","AVR","M","M","E","?","R","T","$","R","?","R","E","R","B",null,"R","$","E","B",null],"character_chosen":"THE_SILENT","items_purchased":["Finisher","Blood Vial","MealTicket","Infinite Blades","hubris:Potato","infinitespire:EmpoweringShard","Toolbox","White Beast Statue","Snack Pack","Juzu Bracelet","Oddly Smooth Stone","TungstenRod","Frozen Egg 2","Infinite Blades+1","SkillPotion","Ninja Scroll","Simple Rune","hubris:TinFlute","infinitespire:FocusingShard","Anchor","Eviscerate","Backstab","Replay:Bottled Snecko","Lantern","Flying Knee+1","hubris:EnhanceAbility+1","PanicButton","Counterbalance","hubris:AncientText","Pondfish Scales","Elixir","LifebloodPotion","FearPotion","ColorlessPotion","Adrenaline Potion","DistilledChaos"],"campfire_rested":0,"item_purchase_floors":[2,2,2,2,31,31,31,31,31,31,31,31,31,31,31,44,44,44,44,44,44,44,44,44,44,53,53,53,53,53,53,53,53,53,53,53],"current_hp_per_floor":[112,112,114,104,104,104,91,91,91,61,35,17,88,80,80,32,110,109,100,47,35,35,35,136,136,136,122,102,96,88,103,103,96,126,125,120,120,103,91,53,53,53,53,68,68,66,66,76,76,72,120,120,133,133,84],"gold":2936,"neow_bonus":"RANDOM_COLORLESS_2","is_daily":false,"chose_seed":false,"campfire_upgraded":9,"win_rate":0.0,"timestamp":1611264899,"path_taken":["M","$","M","M","?","R","M","R","T","E","M","M","E","M","R","BOSS","M","M","?","M","?","R","M","AVR","T","M","M","?","?","$","R","BOSS","M","M","AVR","M","M","E","?","R","T","$","R","?","R","E","R","BOSS","R","$","E","BOSS"],"items_purchased_type":["Card","Relic","Relic","Card","Relic","Relic","Relic","Relic","Relic","Relic","Relic","Relic","Relic","Card","Potion","Relic","Relic","Relic","Relic","Relic","Card","Card","Relic","Relic","Card","Card","Card","Relic","Relic","Relic","Potion","Potion","Potion","Potion","Potion","Potion"],"build_version":"2020-12-22","purchased_purges":6,"victory":true,"max_hp_per_floor":[136,136,136,136,136,136,136,136,136,136,136,136,136,136,136,136,136,136,136,136,136,136,136,136,136,136,136,136,136,136,136,136,136,136,136,136,136,136,136,136,136,136,136,136,136,136,136,136,136,136,136,136,133,133,133],"card_choices":[{"not_picked":["Crow Ritual","Mayhem"],"picked":"Master of Strategy","floor":0},{"not_picked":["Dagger Throw","Catalyst"],"picked":"Riddle With Holes","floor":1},{"not_picked":["Backflip","Expertise","Well Laid Plans"],"picked":"SKIP","floor":3},{"not_picked":["Cloak And Dagger","Choke"],"picked":"Hidden Blade","floor":4},{"not_picked":["Bane","Prepared"],"picked":"Unload","floor":7},{"not_picked":["Deadly Poison","All Out Attack","Reflex"],"picked":"SKIP","floor":10},{"not_picked":["Acrobatics","Concentrate"],"picked":"Blade Dance","floor":11},{"not_picked":["Sucker Punch","Footwork"],"picked":"Outmaneuver","floor":12},{"not_picked":["Deflect","Flechettes"],"picked":"Dagger Spray","floor":13},{"not_picked":["ReplayTheSpireMod:Shiv Toss","Dagger Spray"],"picked":"Underhanded Strike","floor":14},{"not_picked":["infinitespire:Neurotoxin","Corpse Explosion"],"picked":"Night Terror","floor":16},{"not_picked":["Bane","Caltrops","Escape Plan"],"picked":"SKIP","floor":18},{"not_picked":["Flechettes+1","Bane","Blade Dance"],"picked":"SKIP","floor":19},{"not_picked":["Outmaneuver","Masterful Stab","Sneak Up"],"picked":"SKIP","floor":20},{"not_picked":["PiercingWail","Catalyst","Poisoned Stab"],"picked":"SKIP","floor":21},{"not_picked":["Deflect","Heel Hook","PiercingWail"],"picked":"SKIP","floor":24},{"not_picked":["Finisher","hubris:Sniper"],"picked":"Flying Knee","floor":27},{"not_picked":["Storm of Steel","Endless Agony"],"picked":"Dodge and Roll+1","floor":28},{"not_picked":["Quick Slash","Bane","Underhanded Strike"],"picked":"SKIP","floor":30},{"not_picked":["Replay:Bag of Tricks","infinitespire:Neurotoxin"],"picked":"Phantasmal Killer","floor":33},{"not_picked":["hubris:SlightOfHand+1","PiercingWail"],"picked":"Prepared","floor":35},{"not_picked":["Dodge and Roll","Footwork+1","Poisoned Stab"],"picked":"SKIP","floor":36},{"not_picked":["Acrobatics","Deflect"],"picked":"Endless Agony","floor":38},{"not_picked":["Dodge and Roll+1","Caltrops+1","Poisoned Stab"],"picked":"SKIP","floor":39},{"not_picked":["Cloak And Dagger","PiercingWail","Eviscerate+1"],"picked":"SKIP","floor":40},{"not_picked":["infinitespire:Starlight","infinitespire:NeuralNetwork"],"picked":"ReplayTheSpireMod:??????????????????????","floor":41},{"not_picked":["ReplayTheSpireMod:Scrap Shanks+1","ReplayTheSpireMod:Exploit Weakness","Expertise"],"picked":"SKIP","floor":48},{"not_picked":["Deadly Poison+1","Poisoned Stab","Footwork+1"],"picked":"SKIP","floor":54}],"player_experience":177030,"relics_obtained":[{"floor":10,"key":"infinitespire:Satchel"},{"floor":11,"key":"wanderingMiniBosses:Inkheart"},{"floor":13,"key":"Replay:WaspNest"},{"floor":26,"key":"infinitespire:Lucky Rock"},{"floor":40,"key":"hubris:ToyBattleship"},{"floor":43,"key":"Meat on the Bone"},{"floor":46,"key":"Shovel"},{"floor":48,"key":"Regal Pillow"},{"floor":54,"key":"hubris:TenFootPole"}],"event_choices":[{"damage_healed":0,"gold_gain":0,"player_choice":"0 cards matched","damage_taken":0,"max_hp_gain":0,"max_hp_loss":0,"event_name":"Match and Keep!","floor":5,"gold_loss":0,"cards_obtained":[]},{"damage_healed":0,"gold_gain":0,"player_choice":"Inject Mutagens","damage_taken":0,"relics_obtained":["MutagenicStrength"],"max_hp_gain":0,"max_hp_loss":0,"event_name":"Drug Dealer","floor":22,"gold_loss":0},{"damage_healed":0,"gold_gain":0,"player_choice":"","damage_taken":6,"max_hp_gain":0,"max_hp_loss":0,"event_name":"Knowing Skull","floor":29,"potions_obtained":[],"gold_loss":0,"cards_obtained":[]},{"damage_healed":0,"gold_gain":0,"player_choice":"Fight","damage_taken":0,"max_hp_gain":0,"max_hp_loss":0,"event_name":"MindBloom","floor":46,"gold_loss":0}],"is_beta":false,"boss_relics":[{"not_picked":["hubris:CrackedHourglass","Cursed Key"],"picked":"hubris:Backtick"},{"not_picked":["Astrolabe","Empty Cage"],"picked":"Ring of the Serpent"}],"items_purged_floors":[2,25,31,37,44,53],"is_endless":false,"potions_floor_spawned":[1,3,7,12,18,19,27,28,33,35,36,38,39,40,46,48,54],"ascension_level":15}}