{"host":"i58uscbei3sy5089","time":1611241560,"event":{"mods":["ATMod(°¢èªMod)","Act Like it!","BaseMod","Challenge The Spire","Colored Powertips","Conspire","Gensokyo","Infinite Spire","KinomotoSakuraMod(Ä¾Ö®±¾Ó£)","Lobotomy","LobotomyExtend","Minty Spire (QoL Compilation)","MostiFishMod","Quick Restart","Remilia£¨ÀÙÃ×ÀòÑÇ£©","Replay The Spire","Shop Mod","Spicy Shops","StSLib","TestMod","The Alterego","UnlockEverythingMod","[IsaacMod]ÒÔÈö¼âËþ","vexMod","¡¾¹¦ÄÜMod¡¿»ìãçÖ®»·ÐÞ¸´²¹¶¡","¡¾ÒÅÎï¿¨ÅÆ¡¿REMEMod","óô»ðÖ¸ÄÏ"],"gold_per_floor":[110,120,77,118,118,150,150,150,150,150,237,275,303,303,303,366,366],"floor_reached":16,"language":"ZHS","playtime":2826,"items_purged":[],"score":160,"play_id":"04156dec-44c0-47ba-81f3-2a4e63020d72","local_time":"20210121230600","is_ascension_mode":false,"campfire_choices":[{"data":"alterego_mod:Impale","floor":10,"key":"SMITH"},{"data":"alterego_mod:Clones","floor":15,"key":"SMITH"}],"circlet_count":0,"master_deck":["alterego_mod:Strike","alterego_mod:Strike","alterego_mod:Defend","alterego_mod:Defend","alterego_mod:Defend","alterego_mod:Defend","alterego_mod:BigMeatyClaws","alterego_mod:BrynhildrsRune","AT_ShadowStep+1","MostiFishMod:SparklingWater+1","MostiFishMod:FantasySummer+1","MostiFishMod:NightSea+1","OSAHOGD","Dazed","MHz","alterego_mod:ChallengeComplete+1","alterego_mod:ChallengeComplete+1","alterego_mod:Clones+1","BodiesMountain"],"relics":["alterego_mod:MasochisticConstitution","testmod-TestBox","HushsDoor","KeepersGift","DaveBox","AT_ATBox","REME_ComplimentaryCards","testmod-Temperance","MoonlightInvasionPlan","CogitoBucket","RabbitCall","SynthV:TestCard","LetterFromLob","REME_HandOfSuture","Heaven_r","MagicBullet_r","Lizard Tail","Gensokyo:NagashiBinaDoll","REME_ArchaeologicalTools","Meat on the Bone","Gensokyo:Mercy"],"acts_visited":["Exordium"],"potions_floor_usage":[4],"damage_taken":[{"damage":13.0,"enemies":"Gensokyo:Python","floor":1.0,"turns":3.0},{"damage":9.0,"enemies":"Gensokyo:2_Kodama","floor":2.0,"turns":3.0},{"damage":1,"enemies":"Gensokyo:3_Fairies","floor":4,"turns":7},{"damage":24,"enemies":"Gensokyo:Kitsune","floor":5,"turns":60},{"damage":0,"enemies":"Gensokyo:Aya","floor":6,"turns":7},{"damage":0,"enemies":"Gensokyo:Cirno","floor":11,"turns":5},{"damage":8,"enemies":"Gensokyo:Kitsune","floor":12,"turns":2},{"damage":0,"enemies":"Gensokyo:2_Rabbits","floor":13,"turns":3},{"damage":159,"enemies":"Gensokyo:Yukari","floor":16,"turns":16}],"seed_played":"-4678314367183039887","potions_obtained":[{"floor":2.0,"key":"REME_GoldPotion"},{"floor":4,"key":"Ancient Potion"},{"floor":13,"key":"AttackPotion"}],"is_trial":false,"path_per_floor":["M","M","COS","M","M","E","?","?","T","R","E","M","M","?","R","B"],"character_chosen":"The_Alterego","items_purchased":[],"campfire_rested":0,"item_purchase_floors":[],"current_hp_per_floor":[58,50,50,50,34,34,34,34,34,34,34,39,46,46,46,0,0],"gold":366,"neow_bonus":"","is_daily":false,"chose_seed":false,"campfire_upgraded":2,"win_rate":0.0,"timestamp":1611241560,"path_taken":["M","M","COS","M","M","E","?","?","T","R","E","M","M","?","R","BOSS"],"items_purchased_type":[],"build_version":"2020-12-22","purchased_purges":0,"victory":false,"max_hp_per_floor":[71,72,72,73,74,74,74,74,74,74,74,75,75,75,75,75,75],"card_choices":[{"not_picked":["SingingMachine","BlackSwan","Alriune"],"picked":"Singing Bowl","floor":1.0},{"not_picked":["alterego_mod:MagicResistance","alterego_mod:Complex","alterego_mod:DeftHands"],"picked":"SKIP","floor":1.0},{"not_picked":["VoidDream","CherryBlossoms","CrumblingArmor"],"picked":"Singing Bowl","floor":2.0},{"not_picked":["BeautyBeast","UniverseFragment"],"picked":"OSAHOGD","floor":2.0},{"not_picked":["alterego_mod:GachaTicket","alterego_mod:Complex","alterego_mod:Cycle","alterego_mod:Punishment"],"picked":"alterego_mod:Palingenesis","floor":2.0},{"not_picked":["PunishingBird","Scorched","CherryBlossoms"],"picked":"Singing Bowl","floor":4},{"not_picked":["BigBadWolf","CrumblingArmor"],"picked":"MHz","floor":4},{"not_picked":["alterego_mod:Cycle","alterego_mod:RocketPunch","alterego_mod:Mirror","alterego_mod:SuperDuperMasochism"],"picked":"alterego_mod:ChallengeComplete","floor":4},{"not_picked":["BeautyBeast","Scorched","GalaxyChild"],"picked":"Singing Bowl","floor":6},{"not_picked":["alterego_mod:SakuraLabyrinth","alterego_mod:Jiggle","alterego_mod:BusterCard","alterego_mod:Bloomers","alterego_mod:PainIsPleasure"],"picked":"SKIP","floor":6},{"not_picked":["QueenBee","UniverseFragment","VoidDream"],"picked":"Singing Bowl","floor":11},{"not_picked":["alterego_mod:ChallengeComplete","alterego_mod:ClassAdvantage","alterego_mod:HighServant","alterego_mod:Santa"],"picked":"alterego_mod:Clones","floor":11},{"not_picked":["Murderer","Scorched","Porccubus"],"picked":"Singing Bowl","floor":12},{"not_picked":["LittleHelper","Bloodbath"],"picked":"BodiesMountain","floor":12},{"not_picked":["alterego_mod:DiscoLights","alterego_mod:Maid","alterego_mod:Cooking","alterego_mod:Complex","alterego_mod:TrashNCrash"],"picked":"SKIP","floor":12},{"not_picked":["CherryBlossoms","CrumblingArmor","PunishingBird"],"picked":"Singing Bowl","floor":13},{"not_picked":["alterego_mod:GoddessCore","alterego_mod:Jiggle","alterego_mod:DeftHands","alterego_mod:Schoolgirl","alterego_mod:ChallengeComplete"],"picked":"SKIP","floor":13}],"player_experience":649329,"relics_obtained":[{"floor":1.0,"key":"SynthV:TestCard"},{"floor":1.0,"key":"LetterFromLob"},{"floor":6,"key":"Lizard Tail"},{"floor":9,"key":"REME_ArchaeologicalTools"},{"floor":11,"key":"Meat on the Bone"}],"event_choices":[],"is_beta":false,"boss_relics":[],"items_purged_floors":[],"is_endless":false,"potions_floor_spawned":[2,4,13],"killed_by":"Gensokyo:Yukari","ascension_level":0}}