{"host":"xofguaajdv1n6kut","time":1611242712,"event":{"mods":["AchievementEnabler","AlwaysNeverKeys","BaseMod","Better Altar","Better Match","Better Note","Better Sensory Stone","Better Skull","Better Third Choice","Better Vampires","BetterRewards","Colored Map","Colored Powertips","Custom Start","Downfall","Googly Eyes","Hermit","Highlight Path","Marisa????????","Minty Spire (QoL Compilation)","Relic Stats","StSLib","SuperFastMode"],"gold_per_floor":[116,116,133,153,153,187,187,207,254,13,13,32,67,16,16,111,111,111,111],"floor_reached":18,"language":"RUS","playtime":6026,"items_purged":[],"score":170,"play_id":"a97d4b2e-f319-4f53-a6bf-e60d2149d460","local_time":"20210121182512","is_ascension_mode":false,"campfire_choices":[{"floor":7,"key":"REST"},{"floor":15,"key":"REST"}],"circlet_count":0,"master_deck":["Strike_G+1","Strike_G+1","Strike_G","Strike_G","Strike_G","Defend_G","Defend_G","Defend_G","Defend_G","Defend_G","Survivor","Neutralize","Bane","Deflect","Dodge and Roll","Slice","Enlightenment","Sucker Punch","Poisoned Stab","Envenom","Noxious Fumes+1","Escape Plan+1","Choke+1"],"relics":["Ring of the Snake","NeowsBlessing","HornCleat","Pen Nib","Bag of Marbles","Whetstone","Girya","Astrolabe"],"acts_visited":["Exordium","TheCity"],"potions_floor_usage":[6,6,6,12,13],"damage_taken":[{"damage":0,"enemies":"Cultist","floor":1,"turns":1},{"damage":0,"enemies":"Jaw Worm","floor":3,"turns":1},{"damage":0,"enemies":"Small Slimes","floor":4,"turns":1},{"damage":44,"enemies":"3 Sentries","floor":6,"turns":9},{"damage":9,"enemies":"Exordium Thugs","floor":8,"turns":8},{"damage":0,"enemies":"3 Louse","floor":12,"turns":3},{"damage":6,"enemies":"Lagavulin","floor":13,"turns":6},{"damage":15,"enemies":"Hexaghost","floor":16,"turns":8},{"damage":45,"enemies":"3 Byrds","floor":18,"turns":6}],"seed_played":"-6787714985982261012","potions_obtained":[{"floor":2,"key":"bronze:BurnAndBuffPotion"},{"floor":2,"key":"bronze:BurnAndBuffPotion"},{"floor":2,"key":"hexamod:SoulburnPotion"},{"floor":3,"key":"SneckoOil"},{"floor":8,"key":"DistilledChaos"}],"is_trial":false,"path_per_floor":["M","?","M","M","T","E","R","M","T","$","?","M","E","$","R","B",null,"M"],"character_chosen":"THE_SILENT","items_purchased":["Slice","Whetstone","Block Potion","Poisoned Stab"],"campfire_rested":2,"item_purchase_floors":[10,10,10,14],"current_hp_per_floor":[70,70,70,70,70,26,47,38,38,38,38,38,32,32,53,38,70,25,25],"gold":111,"neow_bonus":"THREE_ENEMY_KILL","is_daily":false,"chose_seed":false,"campfire_upgraded":0,"win_rate":0.0,"timestamp":1611242712,"path_taken":["M","?","?","M","?","E","R","M","T","?","?","M","E","$","R","BOSS","M"],"items_purchased_type":["Card","Relic","Potion","Card"],"build_version":"2020-12-22","purchased_purges":0,"victory":false,"max_hp_per_floor":[70,70,70,70,70,70,70,70,70,70,70,70,70,70,70,70,70,70,70],"relic_stats":{"counters":[9,43],"Astrolabe":["Noxious Fumes","Escape Plan","Choke"],"Pen Nib":[6],"Whetstone":["Strike_G","Strike_G"],"obtain_stats":[{"Girya":13,"HornCleat":5,"NeowsBlessing":0,"Astrolabe":17,"Pen Nib":6,"Bag of Marbles":9,"Whetstone":10,"Ring of the Snake":0},{"Girya":7,"HornCleat":3,"NeowsBlessing":0,"Astrolabe":8,"Pen Nib":4,"Bag of Marbles":5,"Whetstone":5,"Ring of the Snake":0},{"Girya":29,"HornCleat":3,"NeowsBlessing":0,"Astrolabe":37,"Pen Nib":12,"Bag of Marbles":20,"Whetstone":20,"Ring of the Snake":0}],"Ring of the Snake":[18]},"card_choices":[{"not_picked":["Acrobatics","Outmaneuver"],"picked":"Bane","floor":1},{"not_picked":["Blade Dance","Dodge and Roll"],"picked":"Terror","floor":3},{"not_picked":["Sucker Punch","Dagger Throw"],"picked":"Deflect","floor":4},{"not_picked":["Sucker Punch","Prepared"],"picked":"Dodge and Roll","floor":6},{"not_picked":["Calculated Gamble","Slice"],"picked":"Backstab","floor":8},{"not_picked":["Madness","Deep Breath"],"picked":"Enlightenment","floor":11},{"not_picked":["Blur","Leg Sweep"],"picked":"Sucker Punch","floor":12},{"not_picked":["Wraith Form v2","Corpse Explosion"],"picked":"Deadly Poison","floor":13},{"not_picked":["Bullet Time","After Image"],"picked":"Envenom","floor":16}],"player_experience":8462,"relics_obtained":[{"floor":5,"key":"HornCleat"},{"floor":6,"key":"Pen Nib"},{"floor":9,"key":"Bag of Marbles"},{"floor":13,"key":"Girya"}],"event_choices":[{"damage_healed":0,"gold_gain":0,"player_choice":"Got Potions","damage_taken":0,"max_hp_gain":0,"max_hp_loss":0,"event_name":"Lab","floor":2,"gold_loss":0},{"damage_healed":0,"gold_gain":1,"player_choice":"1","damage_taken":0,"max_hp_gain":0,"max_hp_loss":0,"event_name":"betterStone:BetterStone","floor":11,"gold_loss":0}],"is_beta":false,"boss_relics":[{"not_picked":["SlaversCollar","Runic Dome"],"picked":"Astrolabe"}],"items_purged_floors":[],"is_endless":false,"potions_floor_spawned":[3,4,8],"killed_by":"3 Byrds","ascension_level":0}}