{"host":"og6lam4kt3nibbw0","time":1611254863,"event":{"mods":["AchievementEnabler","BaseMod","Colored Map","DeckTracker","Highlight Path","Keyboard Shortcuts","Minty Spire (QoL Compilation)","Permanent Neow","Quick Restart","StSLib","SuperFastMode"],"gold_per_floor":[119,119,119,132,151,151,170,8,8,8,23,23,41,59,59,136,136,151,169,19,19,30,30,56,56,56,56,56],"floor_reached":27,"language":"KOR","playtime":1048,"items_purged":["Defend_P"],"score":450,"play_id":"1dfdd00e-87b8-45a9-ad8a-072a439d2927","local_time":"20210122034743","is_ascension_mode":true,"campfire_choices":[{"data":"Eruption","floor":6.0,"key":"SMITH"},{"floor":12.0,"key":"REST"},{"data":"Perseverance","floor":15.0,"key":"SMITH"},{"data":"Scrawl","floor":23,"key":"SMITH"}],"circlet_count":0,"master_deck":["AscendersBane","Strike_P","Strike_P","Strike_P","Defend_P","Defend_P","Eruption+1","Vigilance","ReachHeaven","Swivel","Perseverance+1","Halt","CrushJoints","FlyingSleeves","Scrawl+1","WindmillStrike","Study","Ghostly+1","Ghostly+1","Ghostly+1"],"relics":["PureWater","Membership Card","Bag of Preparation","Pantograph","Coffee Dripper","TheAbacus","Toxic Egg 2","Juzu Bracelet","Torii"],"acts_visited":["Exordium","TheCity"],"potions_floor_usage":[24,24],"damage_taken":[{"damage":0.0,"enemies":"Cultist","floor":1.0,"turns":4.0},{"damage":0.0,"enemies":"2 Louse","floor":4.0,"turns":3.0},{"damage":13.0,"enemies":"Jaw Worm","floor":5.0,"turns":5.0},{"damage":0.0,"enemies":"Large Slime","floor":7.0,"turns":3.0},{"damage":12.0,"enemies":"Gremlin Gang","floor":11.0,"turns":5.0},{"damage":1.0,"enemies":"Looter","floor":13.0,"turns":4.0},{"damage":0.0,"enemies":"2 Fungi Beasts","floor":14.0,"turns":2.0},{"damage":44.0,"enemies":"Hexaghost","floor":16.0,"turns":9.0},{"damage":10.0,"enemies":"Shell Parasite","floor":18.0,"turns":3.0},{"damage":0.0,"enemies":"Chosen","floor":19.0,"turns":2.0},{"damage":5,"enemies":"Centurion and Healer","floor":22,"turns":7},{"damage":26,"enemies":"Gremlin Leader","floor":24,"turns":4},{"damage":40,"enemies":"Slavers","floor":27,"turns":4}],"seed_played":"-4676728872312168989","potions_obtained":[{"floor":1.0,"key":"LiquidBronze"},{"floor":7.0,"key":"Regen Potion"},{"floor":22,"key":"Regen Potion"}],"is_trial":false,"path_per_floor":["M","?","?","M","M","R","M","$","T","?","M","R","M","M","R","B",null,"M","M","$","T","M","R","E","?","T","E"],"character_chosen":"WATCHER","items_purchased":["Membership Card","TheAbacus","Strength Potion"],"campfire_rested":1,"item_purchase_floors":[8,20,20],"current_hp_per_floor":[43,36,36,36,23,23,23,23,23,23,11,31,30,30,30,26,58,48,48,48,48,43,43,26,26,26,0,0],"gold":56,"neow_bonus":"TRANSFORM_TWO_CARDS","is_daily":false,"chose_seed":false,"campfire_upgraded":3,"win_rate":0.0,"timestamp":1611254863,"path_taken":["M","?","?","M","?","R","M","$","T","?","M","R","M","M","R","BOSS","M","M","?","?","?","R","E","?","T","E"],"items_purchased_type":["Relic","Relic","Potion"],"build_version":"2020-12-22","purchased_purges":1,"victory":false,"max_hp_per_floor":[68,68,68,68,68,68,68,68,68,68,68,68,68,68,68,68,68,68,68,68,68,68,68,68,34,34,34,34],"card_choices":[{"not_picked":["ReachHeaven","Meditate"],"picked":"Swivel","floor":1.0},{"not_picked":["JustLucky","FlurryOfBlows"],"picked":"Perseverance","floor":4.0},{"not_picked":["Weave","FlurryOfBlows","BowlingBash"],"picked":"SKIP","floor":5.0},{"not_picked":["JustLucky","SashWhip"],"picked":"CutThroughFate","floor":7.0},{"not_picked":["ReachHeaven","EmptyBody"],"picked":"Halt","floor":11.0},{"not_picked":["Swivel","FlurryOfBlows"],"picked":"CrushJoints","floor":13.0},{"not_picked":["Halt","CrushJoints"],"picked":"FlyingSleeves","floor":14.0},{"not_picked":["MasterReality","Judgement"],"picked":"Scrawl","floor":16.0},{"not_picked":["Halt","FlyingSleeves","SashWhip"],"picked":"SKIP","floor":18.0},{"not_picked":["Swivel","BowlingBash+1"],"picked":"WindmillStrike","floor":19.0},{"not_picked":["FlyingSleeves","Swivel+1","FlurryOfBlows+1"],"picked":"SKIP","floor":22},{"not_picked":["PathToVictory+1","Conclude"],"picked":"Study","floor":24}],"player_experience":938401,"relics_obtained":[{"floor":9.0,"key":"Bag of Preparation"},{"floor":21.0,"key":"Toxic Egg 2"},{"floor":24,"key":"Juzu Bracelet"},{"floor":26,"key":"Torii"}],"event_choices":[{"cards_removed":["PathToVictory"],"damage_healed":0.0,"max_hp_gain":0.0,"max_hp_loss":0.0,"gold_gain":0.0,"event_name":"Golden Wing","player_choice":"Card Removal","floor":2.0,"gold_loss":0.0,"damage_taken":7.0},{"damage_healed":0.0,"max_hp_gain":0.0,"max_hp_loss":0.0,"gold_gain":0.0,"event_name":"Match and Keep!","player_choice":"0 cards matched","floor":3.0,"gold_loss":0.0,"damage_taken":0.0,"cards_obtained":[]},{"cards_removed":["CutThroughFate"],"damage_healed":0.0,"max_hp_gain":0.0,"max_hp_loss":0.0,"gold_gain":0.0,"event_name":"WeMeetAgain","player_choice":"Gave Card","floor":10.0,"gold_loss":0.0,"damage_taken":0.0,"relics_obtained":["Pantograph"]},{"damage_healed":0,"gold_gain":0,"player_choice":"Became a Ghost","damage_taken":0,"max_hp_gain":0,"max_hp_loss":34,"event_name":"Ghosts","floor":25,"gold_loss":0,"cards_obtained":["Ghostly","Ghostly","Ghostly"]}],"is_beta":false,"boss_relics":[{"not_picked":["Cursed Key","Runic Dome"],"picked":"Coffee Dripper"}],"items_purged_floors":[20],"is_endless":false,"potions_floor_spawned":[1,7,11,13,22],"killed_by":"Slavers","ascension_level":20}}