{"host":"746m694if73h3gai","time":1611201828,"event":{"mods":["2.2 Compatiblity","AchievementEnabler","Act Like it!","BaseMod","Colored Map","Colored Powertips","Downfall","Minty Spire (QoL Compilation)","Quick Restart","Rare Cards Sparkle","Relic Stats","StSLib","everything is the same but u backflip on backflip","slay the spire mod where everything is the same but ironclad has a cowboy hat"],"gold_per_floor":[349,367,382,402,414,427,427,327,344,354,354,372,385,413,430,430,430,430],"floor_reached":16,"language":"ENG","playtime":475,"items_purged":[],"score":135,"play_id":"35ebb645-f41a-439c-befb-57acba5ca49d","local_time":"20210121050348","is_ascension_mode":false,"campfire_choices":[{"floor":1,"key":"RECALL"},{"data":"bronze:BuggyMess","floor":8,"key":"SMITH"}],"circlet_count":0,"master_deck":["bronze:Strike","bronze:Strike","bronze:Strike","bronze:Strike","bronze:Defend","bronze:Defend","bronze:Defend","bronze:Defend","bronze:Replicate","bronze:Goto","bronze:OilSpill","bronze:OilSpill","bronze:Iterate","bronze:BuggyMess+1","bronze:FineTuning","bronze:BugBarrage","bronze:Turbo+1","bronze:FindAndReplace+1","bronze:DelayedGuard+1","bronze:Deprecate+1","bronze:Allocate+1"],"relics":["bronze:BronzeCore","Toxic Egg 2","downfall:HeartBlessingRed","downfall:BrokenWingStatue","Omamori"],"acts_visited":["Exordium"],"potions_floor_usage":[14,14,16,16],"damage_taken":[{"damage":1,"enemies":"Cultist","floor":2,"turns":4},{"damage":0,"enemies":"Small Slimes","floor":3,"turns":2},{"damage":0,"enemies":"2 Louse","floor":4,"turns":2},{"damage":0,"enemies":"Exordium Wildlife","floor":5,"turns":2},{"damage":7,"enemies":"Blue Slaver","floor":6,"turns":3},{"damage":8,"enemies":"Red Slaver","floor":9,"turns":2},{"damage":0,"enemies":"3 Louse","floor":10,"turns":2},{"damage":13,"enemies":"Lots of Slimes","floor":12,"turns":3},{"damage":5,"enemies":"Exordium Thugs","floor":13,"turns":3},{"damage":0,"enemies":"Gremlin Nob","floor":14,"turns":2},{"damage":4,"enemies":"Red Slaver","floor":15,"turns":2},{"damage":15,"enemies":"IC_STATUS_ARCHETYPE","floor":16,"turns":2}],"seed_played":"-1723842584674549510","potions_obtained":[{"floor":5,"key":"FearPotion"},{"floor":9,"key":"Strength Potion"},{"floor":10,"key":"bronze:BurnAndBuffPotion"},{"floor":14,"key":"Explosive Potion"}],"is_trial":false,"path_per_floor":["R","M","M","M","M","M","T","R","M","M","?","M","M","E","M","B"],"character_chosen":"THE_AUTOMATON","items_purchased":[],"campfire_rested":0,"item_purchase_floors":[],"current_hp_per_floor":[49,48,48,48,48,41,41,41,33,33,33,20,15,15,11,0,0,0],"gold":430,"neow_bonus":"TWO_FIFTY_GOLD","is_daily":false,"chose_seed":false,"campfire_upgraded":1,"win_rate":0.0,"timestamp":1611201828,"path_taken":["R","M","?","M","M","M","T","R","M","M","?","M","M","E","M","BOSS"],"items_purchased_type":[],"build_version":"2020-12-22","purchased_purges":0,"victory":false,"max_hp_per_floor":[70,70,70,70,70,70,70,70,70,70,70,70,70,70,70,70,70,70],"relic_stats":{"counters":[12,29],"obtain_stats":[{"bronze:BronzeCore":0,"downfall:BrokenWingStatue":11,"downfall:HeartBlessingRed":8,"Omamori":14,"Toxic Egg 2":7},{"bronze:BronzeCore":0,"downfall:BrokenWingStatue":7,"downfall:HeartBlessingRed":5,"Omamori":10,"Toxic Egg 2":5},{"bronze:BronzeCore":0,"downfall:BrokenWingStatue":17,"downfall:HeartBlessingRed":13,"Omamori":25,"Toxic Egg 2":13}]},"card_choices":[{"not_picked":["bronze:Deprecate","bronze:Shield"],"picked":"bronze:OilSpill","floor":2},{"not_picked":["bronze:Return","bronze:Shield"],"picked":"bronze:OilSpill","floor":3},{"not_picked":["bronze:HardenedForm","bronze:Frontload"],"picked":"bronze:Iterate","floor":4},{"not_picked":["bronze:OilSpill","bronze:Return"],"picked":"bronze:BuggyMess","floor":5},{"not_picked":["bronze:OilSpill","bronze:Branch"],"picked":"bronze:FineTuning","floor":6},{"not_picked":["bronze:Shield+1","bronze:SpaghettiCode+1"],"picked":"bronze:BugBarrage","floor":9},{"not_picked":["bronze:OilSpill","bronze:DelayedSlice"],"picked":"bronze:Turbo+1","floor":10},{"not_picked":["bronze:Turbo+1","bronze:Invalidate+1"],"picked":"bronze:FindAndReplace+1","floor":12},{"not_picked":["bronze:CutThrough","bronze:BitShift+1"],"picked":"bronze:DelayedGuard+1","floor":13},{"not_picked":["bronze:BuggyMess+1","bronze:Iterate"],"picked":"bronze:Deprecate+1","floor":14},{"not_picked":["bronze:ForceShield+1","bronze:WhirlingStrike"],"picked":"bronze:Allocate+1","floor":15}],"player_experience":132277,"relics_obtained":[{"floor":7,"key":"Toxic Egg 2"},{"floor":14,"key":"Omamori"}],"event_choices":[],"is_beta":false,"boss_relics":[],"items_purged_floors":[],"is_endless":false,"potions_floor_spawned":[5,9,10,13,14],"killed_by":"IC_STATUS_ARCHETYPE","ascension_level":0}}