{"host":"8jwif9mna8ud19ho","time":1611231597,"event":{"mods":["BaseMod","Better Vampires","Downfall","Marisa£¨ìFÓê¡¡Ä§ÀíÉ³£©","Minty Spire (QoL Compilation)","Reimu£¨²©ÀöÁéÃÎ£©","RumiaBox-Â¶Ã×æ«µÄÉñÃØºÐ×Ó","StSLib","¡¾ÒÅÎï¿¨ÅÆ¡¿REMEMod"],"gold_per_floor":[0,10,28,28,28,40,65,215,246,264,293,326,326,361,378,378,378,378],"floor_reached":16,"language":"ZHS","playtime":920,"items_purged":[],"score":152,"play_id":"82d5d1b9-73f1-47aa-a185-db6dded096b2","local_time":"20210121201957","is_ascension_mode":true,"campfire_choices":[{"floor":1.0,"key":"RECALL"}],"circlet_count":0,"master_deck":["hexamod:Strike","hexamod:Defend","hexamod:Defend","hexamod:Defend","hexamod:Defend","hexamod:Sear","hexamod:Float","Sanctity","hexamod:EtherealExpedition","hexamod:PhantomFireball","hexamod:FastForward","hexamod:FastForward","downfall:Icky","hexamod:HeatCrush","hexamod:Haunt","hexamod:EmpoweredFlame","hexamod:GhostOfSpirePresent"],"relics":["hexamod:SpiritBrand","REME_ComplimentaryCards","Tiny Chest","Question Card","Odd Mushroom","Ccalipers","HornCleat","Matryoshka"],"acts_visited":["Exordium"],"potions_floor_usage":[14],"damage_taken":[{"damage":0.0,"enemies":"Small Slimes","floor":2.0,"turns":3.0},{"damage":0.0,"enemies":"Jaw Worm","floor":3.0,"turns":3.0},{"damage":0.0,"enemies":"Cultist","floor":6.0,"turns":4.0},{"damage":22.0,"enemies":"3 Sentries","floor":9.0,"turns":11.0},{"damage":7.0,"enemies":"3 Louse","floor":10.0,"turns":4.0},{"damage":14.0,"enemies":"The Mushroom Lair","floor":11.0,"turns":5.0},{"damage":11.0,"enemies":"Lagavulin","floor":12.0,"turns":7.0},{"damage":0,"enemies":"Gremlin Nob","floor":14,"turns":4},{"damage":0,"enemies":"Gremlin Gang","floor":15,"turns":4},{"damage":17,"enemies":"WA_ARCHETYPE_RETAIN","floor":16,"turns":4}],"seed_played":"-7159374146312646117","potions_obtained":[{"floor":5.0,"key":"LiquidBronze"},{"floor":5.0,"key":"MagicPotion:ReiMu"},{"floor":5.0,"key":"Fire Potion"},{"floor":9.0,"key":"DuplicationPotion"},{"floor":11.0,"key":"EntropicBrew"}],"is_trial":false,"path_per_floor":["R","M","M","?","?","M","T","?","E","M","?","E","T","E","M","B"],"character_chosen":"THE_SPIRIT","items_purchased":[],"campfire_rested":0,"item_purchase_floors":[],"current_hp_per_floor":[70,70,70,70,70,70,70,70,48,41,27,16,16,16,16,0,0,0],"gold":378,"neow_bonus":"TRANSFORM_TWO_CARDS","is_daily":false,"chose_seed":false,"campfire_upgraded":0,"win_rate":0.0,"timestamp":1611231597,"path_taken":["R","M","M","?","?","?","T","?","E","M","?","E","?","E","M","BOSS"],"items_purchased_type":[],"build_version":"2020-12-22","purchased_purges":0,"victory":false,"max_hp_per_floor":[70,70,70,70,70,70,70,70,70,70,70,70,70,70,70,70,70,70],"card_choices":[{"not_picked":["hexamod:NightmareGuise","hexamod:InspiringFlames"],"picked":"hexamod:FastForward","floor":2.0},{"not_picked":["hexamod:SwordOfDarkness","hexamod:AdvancingGuard","hexamod:ThermalTransfer"],"picked":"SKIP","floor":3.0},{"not_picked":["hexamod:NightmareGuise","hexamod:HeatMetal"],"picked":"hexamod:FastForward","floor":6.0},{"not_picked":["hexamod:SwordOfDarkness","hexamod:Again","hexamod:GhostShield"],"picked":"SKIP","floor":9.0},{"not_picked":["hexamod:HeatMetal","hexamod:FastForward","hexamod:SpectersWail"],"picked":"hexamod:HeatCrush","floor":10.0},{"not_picked":["hexamod:UnleashSpirits","hexamod:FastForward","hexamod:HeatMetal"],"picked":"hexamod:Haunt","floor":11.0},{"not_picked":["hexamod:PhantomFireball","hexamod:NightmareGuise","hexamod:InspiringFlames","hexamod:RetreatToShadows"],"picked":"SKIP","floor":12.0},{"not_picked":["hexamod:HauntingEcho","hexamod:NightmareGuise","hexamod:AdvancingGuard"],"picked":"hexamod:EmpoweredFlame","floor":14},{"not_picked":["hexamod:HeatMetal","hexamod:Firestarter","hexamod:BacktrackSmack"],"picked":"hexamod:GhostOfSpirePresent","floor":15}],"player_experience":1135060,"relics_obtained":[{"floor":7.0,"key":"Tiny Chest"},{"floor":9.0,"key":"Question Card"},{"floor":11.0,"key":"Odd Mushroom"},{"floor":12.0,"key":"Ccalipers"},{"floor":13.0,"key":"HornCleat"},{"floor":14,"key":"Matryoshka"}],"event_choices":[{"cards_removed":["hexamod:Strike"],"damage_healed":0.0,"max_hp_gain":0.0,"max_hp_loss":0.0,"gold_gain":0.0,"event_name":"The Cleric","player_choice":"Card Removal","floor":4.0,"gold_loss":0.0,"damage_taken":0.0},{"damage_healed":0.0,"max_hp_gain":0.0,"max_hp_loss":0.0,"gold_gain":0.0,"event_name":"Lab","player_choice":"Got Potions","floor":5.0,"gold_loss":0.0,"damage_taken":0.0},{"damage_healed":0.0,"max_hp_gain":0.0,"max_hp_loss":0.0,"gold_gain":0.0,"event_name":"Mushrooms","player_choice":"Fought Mushrooms","floor":11.0,"gold_loss":0.0,"damage_taken":0.0}],"is_beta":false,"boss_relics":[],"items_purged_floors":[],"is_endless":false,"potions_floor_spawned":[9,10,11,12],"killed_by":"WA_ARCHETYPE_RETAIN","ascension_level":1}}