{"host":"h3bgw7p7cb1roykn","time":1611262084,"event":{"mods":["BaseMod","Colored Map","Downfall","Minty Spire (QoL Compilation)","StSLib"],"gold_per_floor":[112,123,140,150,150,150,174,174,174,174,195,214,229,229,229,352,352,370,384,160,160,60,60,96,96,122,140,265,265,299,324,324,324,324],"floor_reached":33,"language":"ENG","playtime":1303,"items_purged":["Strike_G","Strike_G"],"score":293,"play_id":"f6c16947-15d7-436c-944b-6ab0a8fdfcb1","local_time":"20210121214804","is_ascension_mode":true,"campfire_choices":[{"floor":6.0,"key":"REST"},{"floor":8.0,"key":"RECALL"},{"data":"Crippling Poison","floor":10.0,"key":"SMITH"},{"floor":15.0,"key":"REST"},{"data":"Adrenaline","floor":23,"key":"SMITH"},{"floor":29,"key":"REST"},{"floor":32,"key":"REST"}],"circlet_count":0,"master_deck":["Strike_G","Strike_G","Strike_G","Defend_G","Defend_G","Defend_G","Defend_G","Survivor","Neutralize","Crippling Poison+1","Poisoned Stab","Deadly Poison","Poisoned Stab","Adrenaline+1","Outmaneuver+1","Slice","Glass Knife","Riddle With Holes+1","Underhanded Strike"],"relics":["Ring of the Snake","Golden Idol","Snecko Eye","PreservedInsect","Boot","Akabeko","Lizard Tail","Blue Candle","Frozen Egg 2"],"acts_visited":["Exordium","TheCity"],"potions_floor_usage":[18,24,30,33],"damage_taken":[{"damage":0.0,"enemies":"Cultist","floor":1.0,"turns":5.0},{"damage":0.0,"enemies":"Small Slimes","floor":2.0,"turns":4.0},{"damage":0.0,"enemies":"2 Louse","floor":3.0,"turns":3.0},{"damage":7.0,"enemies":"Exordium Wildlife","floor":4.0,"turns":4.0},{"damage":7.0,"enemies":"3 Louse","floor":7.0,"turns":3.0},{"damage":0.0,"enemies":"Exordium Thugs","floor":11.0,"turns":5.0},{"damage":15.0,"enemies":"Large Slime","floor":12.0,"turns":7.0},{"damage":17.0,"enemies":"Exordium Wildlife","floor":13.0,"turns":5.0},{"damage":31.0,"enemies":"The Guardian","floor":16.0,"turns":8.0},{"damage":5,"enemies":"Spheric Guardian","floor":18,"turns":3},{"damage":0,"enemies":"Chosen","floor":19,"turns":5},{"damage":3,"enemies":"Gremlin Leader","floor":24,"turns":4},{"damage":40,"enemies":"Centurion and Healer","floor":27,"turns":10},{"damage":8,"enemies":"Colosseum Slavers","floor":28,"turns":5},{"damage":14,"enemies":"Colosseum Nobs","floor":28,"turns":4},{"damage":15,"enemies":"Slavers","floor":30,"turns":3},{"damage":13,"enemies":"Snake Plant","floor":31,"turns":3},{"damage":76,"enemies":"Champ","floor":33,"turns":9}],"seed_played":"8761636348438116439","potions_obtained":[{"floor":1.0,"key":"DuplicationPotion"},{"floor":7.0,"key":"GamblersBrew"},{"floor":12.0,"key":"AttackPotion"},{"floor":13.0,"key":"DuplicationPotion"},{"floor":18,"key":"Strength Potion"},{"floor":27,"key":"Strength Potion"},{"floor":31,"key":"BlessingOfTheForge"}],"is_trial":false,"path_per_floor":["M","M","M","M","?","R","M","R","T","R","M","M","M","?","R","B",null,"M","M","$","?","$","R","E","?","T","M","?","R","E","M","R","B"],"character_chosen":"THE_SILENT","items_purchased":["PreservedInsect"],"campfire_rested":4,"item_purchase_floors":[20],"current_hp_per_floor":[77,77,77,70,51,74,67,67,67,67,67,52,35,35,58,27,77,72,72,72,72,72,72,69,69,69,29,7,30,15,2,25,0,0],"gold":324,"neow_bonus":"TEN_PERCENT_HP_BONUS","is_daily":false,"chose_seed":false,"campfire_upgraded":2,"win_rate":0.0,"timestamp":1611262084,"path_taken":["M","?","M","M","?","R","M","R","T","R","M","M","M","?","R","BOSS","M","M","$","?","$","R","E","?","T","?","?","R","E","M","R","BOSS"],"items_purchased_type":["Relic"],"build_version":"2020-12-22","purchased_purges":2,"victory":false,"max_hp_per_floor":[77,77,77,77,77,77,77,77,77,77,77,77,77,77,77,77,77,77,77,77,77,77,77,77,77,77,77,77,77,77,77,77,77,77],"card_choices":[{"not_picked":["Deadly Poison","Bane"],"picked":"Crippling Poison","floor":1.0},{"not_picked":["Prepared","Outmaneuver"],"picked":"Poisoned Stab","floor":2.0},{"not_picked":["Reflex","Cloak And Dagger"],"picked":"Deadly Poison","floor":3.0},{"not_picked":["Crippling Poison","Outmaneuver","Sucker Punch"],"picked":"SKIP","floor":4.0},{"not_picked":["Well Laid Plans","Flying Knee"],"picked":"Poisoned Stab","floor":7.0},{"not_picked":["Choke","Endless Agony","Terror"],"picked":"SKIP","floor":11.0},{"not_picked":["Quick Slash","Tactician","Prepared"],"picked":"SKIP","floor":12.0},{"not_picked":["Infinite Blades","Calculated Gamble","All Out Attack"],"picked":"SKIP","floor":13.0},{"not_picked":["Doppelganger","After Image"],"picked":"Adrenaline","floor":16.0},{"not_picked":["Dodge and Roll","Dagger Throw+1","Deflect"],"picked":"SKIP","floor":18},{"not_picked":["Quick Slash","Skewer"],"picked":"Outmaneuver+1","floor":19},{"not_picked":["Slice","Accuracy","Deadly Poison"],"picked":"SKIP","floor":24},{"not_picked":["Outmaneuver","Flying Knee","Heel Hook"],"picked":"SKIP","floor":27},{"not_picked":["Slice+1","Deadly Poison"],"picked":"Glass Knife","floor":28},{"not_picked":["Endless Agony","Infinite Blades+1"],"picked":"Riddle With Holes+1","floor":30},{"not_picked":["Bane","All Out Attack"],"picked":"Underhanded Strike","floor":31}],"player_experience":253844,"relics_obtained":[{"floor":24,"key":"Boot"},{"floor":26,"key":"Akabeko"},{"floor":28,"key":"Lizard Tail"},{"floor":28,"key":"Blue Candle"},{"floor":30,"key":"Frozen Egg 2"}],"event_choices":[{"damage_healed":0.0,"max_hp_gain":0.0,"max_hp_loss":0.0,"gold_gain":0.0,"event_name":"Golden Idol","player_choice":"Take Damage","floor":5.0,"gold_loss":0.0,"damage_taken":19.0,"relics_obtained":["Golden Idol"]},{"damage_healed":0.0,"max_hp_gain":0.0,"max_hp_loss":0.0,"gold_gain":0.0,"event_name":"Shining Light","player_choice":"Ignored","floor":14.0,"gold_loss":0.0,"damage_taken":0.0},{"damage_healed":0,"gold_gain":0,"player_choice":"Ignored","damage_taken":0,"max_hp_gain":0,"max_hp_loss":0,"event_name":"Vampires","floor":21,"gold_loss":0},{"damage_healed":0,"gold_gain":0,"cards_transformed":["Defend_G"],"player_choice":"Transformed","damage_taken":0,"max_hp_gain":0,"max_hp_loss":0,"event_name":"Transmorgrifier","floor":25,"gold_loss":0,"cards_obtained":["Slice"]},{"damage_healed":0,"gold_gain":0,"player_choice":"Fight","damage_taken":0,"max_hp_gain":0,"max_hp_loss":0,"event_name":"Colosseum","floor":28,"gold_loss":0},{"damage_healed":0,"gold_gain":0,"player_choice":"Fought Nobs","damage_taken":0,"max_hp_gain":0,"max_hp_loss":0,"event_name":"Colosseum","floor":28,"gold_loss":0}],"is_beta":false,"boss_relics":[{"not_picked":["Runic Pyramid","Philosopher\u0027s Stone"],"picked":"Snecko Eye"}],"items_purged_floors":[20,22],"is_endless":false,"potions_floor_spawned":[1,7,12,13,18,27,31],"killed_by":"Champ","ascension_level":1}}