{"host":"jfbo3eu2ui08ej1u","time":1611262728,"event":{"mods":["2.2 Compatiblity","AchievementEnabler","Act Like it!","Aspiration","BaseMod","Better Altar","Better Match","Better Note","Better Sensory Stone","Better Skull","Better Third Choice","Block Reminder","Colored Map","Colored Powertips","Conspire","DeckTracker","Displayed Cursed Tome","Energized Spire","Fox Events","GifTheSpireLib","Hubris","Infinite Spire","Marked Mod","Minty Spire (QoL Compilation)","Pale of the Ancients","Poor People Problems","Quick Restart","Relic Filter","Reorder Act Four","Replay The Spire","Shop Mod","Spicy Shops","Spire Arcade","StSLib","Stuff the Spire","The Blue Laboratory","The Disciple","The Forsaken","The Hierophant","The Marked","Uncapped","Unceasing Turn Reminder","Wandering Minibosses"],"gold_per_floor":[111,124,136,146,164,164,194,194,221,221,239,251,251,278,278,357,357,375,375,375,388,406,406,406,406,440,454,478,506,43,62,62,87,87,165,215,229,240,240,82,82,107,107,17,17,43,43,61,61,74,74,74,74,74,74],"floor_reached":54,"language":"ENG","playtime":2975,"items_purged":["hubris:Prefetch","Voices","Injury","Strike_B"],"score":2009,"play_id":"a83ce711-2b3a-44af-8eae-3272f198db3c","local_time":"20210121155848","is_ascension_mode":true,"campfire_choices":[{"floor":6.0,"key":"REST"},{"floor":10.0,"key":"REST"},{"floor":15.0,"key":"REST"},{"data":"Buffer","floor":23.0,"key":"SMITH"},{"data":"Loop","floor":34.0,"key":"SMITH"},{"floor":49.0,"key":"REST"},{"floor":51.0,"key":"REST"}],"circlet_count":0,"master_deck":["AscendersBane","Strike_B","Strike_B","Strike_B","Defend_B","Defend_B","Defend_B","Defend_B","Zap","Dualcast","Ball Lightning","Compile Driver","Sunder","Rebound","Cold Snap","ReplayTheSpireMod:Dual Polarity","Core Surge","Loop+1","StuffTheSpire:Synthwave","Coolheaded","Echo Form","FIFO Queue+1","ReplayTheSpireMod:Dual Polarity","Undo","Coolheaded","Buffer+1","Turbo","Genetic Algorithm","Self Repair","Hologram+1","Hologram","Stack+1","Electrodynamics","StuffTheSpire:CleanHardDrive+1","Loop","Turbo","Undo+1","Meteor Strike","Skim","Turbo+1","Reinforced Body","Redo+1","StuffTheSpire:Synthwave","StuffTheSpire:CuriosityCurse"],"relics":["Cracked Core","Prayer Wheel","theForsaken:Gavel","Ring of Panic","Ring of Shattering","Oddly Smooth Stone","Pet Ghost","Prayer Wheel","conspire:SeveredTorchhead","Vajra","Geode","infinitespire:Freezer","Lee\u0027s Waffle","aspiration:StickyExplosives_weak","Red Mask","Tiny House","PreservedInsect","Anchor","StuffTheSpire:ColdMirror","StuffTheSpire:NeowsTribute","paleoftheancients:Timepiece","Letter Opener","CultistMask"],"acts_visited":["TheCity","TheBeyond","paleoftheancients:PaleOfTheAncients"],"potions_floor_usage":[53],"damage_taken":[{"damage":7.0,"enemies":"Small Slimes","floor":1.0,"turns":4.0},{"damage":8.0,"enemies":"2 Louse","floor":2.0,"turns":2.0},{"damage":7.0,"enemies":"Jaw Worm","floor":3.0,"turns":2.0},{"damage":31.0,"enemies":"Exordium Thugs","floor":4.0,"turns":4.0},{"damage":5.0,"enemies":"Gremlin Gang","floor":5.0,"turns":4.0},{"damage":21.0,"enemies":"Lagavulin","floor":7.0,"turns":7.0},{"damage":0.0,"enemies":"Looter","floor":11.0,"turns":1.0},{"damage":0.0,"enemies":"2 Fungi Beasts","floor":12.0,"turns":2.0},{"damage":16.0,"enemies":"3 Sentries","floor":14.0,"turns":4.0},{"damage":4.0,"enemies":"The Guardian","floor":16.0,"turns":11.0},{"damage":5.0,"enemies":"Spheric Guardian","floor":18.0,"turns":4.0},{"damage":1.0,"enemies":"conspire:FuzzyDice","floor":21.0,"turns":5.0},{"damage":7.0,"enemies":"Chosen and Byrds","floor":22.0,"turns":4.0},{"damage":0.0,"enemies":"conspire:SneckoGhost","floor":26.0,"turns":5.0},{"damage":10.0,"enemies":"Centurion and Healer","floor":27.0,"turns":6.0},{"damage":13.0,"enemies":"conspire:Head Lice","floor":29.0,"turns":8.0},{"damage":0.0,"enemies":"Cultist and Chosen","floor":31.0,"turns":5.0},{"damage":12.0,"enemies":"Masked Bandits","floor":33.0,"turns":3.0},{"damage":16.0,"enemies":"hubris:MusketHawk","floor":35.0,"turns":6.0},{"damage":12.0,"enemies":"3 Darklings","floor":37.0,"turns":4.0},{"damage":0.0,"enemies":"3 Shapes","floor":38.0,"turns":3.0},{"damage":38.0,"enemies":"Reptomancer","floor":42.0,"turns":5.0},{"damage":34.0,"enemies":"Giant Head","floor":46.0,"turns":6.0},{"damage":0.0,"enemies":"Jaw Worm Horde","floor":48.0,"turns":3.0},{"damage":19.0,"enemies":"Sphere and 2 Shapes","floor":50.0,"turns":4.0},{"damage":42.0,"enemies":"conspire:OrnateMirror","floor":52.0,"turns":15.0},{"damage":70,"enemies":"conspire:OrnateMirror","floor":53,"turns":4},{"damage":93,"enemies":"conspire:OrnateMirror","floor":54,"turns":6}],"seed_played":"4370937237776613638","potions_obtained":[{"floor":2.0,"key":"SkillPotion"},{"floor":4.0,"key":"blueLaboratory:SystemWipe"},{"floor":7.0,"key":"blueLaboratory:PyrophylliteBrew"},{"floor":33.0,"key":"blueLaboratory:FruitPunch"},{"floor":37.0,"key":"SteroidPotion"},{"floor":42.0,"key":"blueLaboratory:RelayPotion"},{"floor":48.0,"key":"blueLaboratory:RelayPotion"}],"is_trial":false,"path_per_floor":["M","M","M","M","M","R","E","?","T","R","M","M","?","E","R","B",null,"M","?","$","M","M","R","PTL","PTL","E","M","T","E","$","M","AVR","?","R","B",null,"M","M","?","$","?","E","?","$","T","E","?","M","R","M","R","B","M","M"],"character_chosen":"DEFECT","items_purchased":["Lee\u0027s Waffle","Electrodynamics","StuffTheSpire:CleanHardDrive+1","PreservedInsect","StuffTheSpire:Synthwave"],"campfire_rested":5,"item_purchase_floors":[30,30,30,40,44],"current_hp_per_floor":[57,49,42,11,6,27,6,6,6,27,27,27,27,11,32,28,60,55,55,50,49,42,42,42,42,42,32,32,26,78,78,78,73,73,57,78,68,82,82,82,82,44,39,39,39,12,12,12,37,18,43,66,85,0,0],"gold":74,"neow_bonus":"ONE_RANDOM_RARE_CARD","is_daily":false,"chose_seed":false,"campfire_upgraded":2,"win_rate":0.0,"timestamp":1611262728,"path_taken":["M","M","M","M","M","R","E","?","T","R","M","M","?","E","R","BOSS","M","?","?","M","M","R","PTL","PTL","E","M","T","E","$","?","AVR","?","R","BOSS","M","M","?","$","?","E","?","?","T","E","?","M","R","?","R","BOSS","M","M"],"items_purchased_type":["Relic","Card","Card","Relic","Card"],"build_version":"2020-12-22","purchased_purges":4,"victory":false,"max_hp_per_floor":[71,71,71,71,71,71,71,71,71,71,71,71,71,71,71,71,71,71,71,71,71,71,71,71,71,71,71,71,71,78,78,78,78,78,78,83,85,85,85,85,85,85,85,85,85,85,85,85,85,85,85,85,85,85,85],"card_choices":[{"not_picked":["Time Bomb","hubris:PowerSurge"],"picked":"Ball Lightning","floor":1.0},{"not_picked":["ReplayTheSpireMod:Calculation Training","Conserve Battery"],"picked":"Compile Driver","floor":2.0},{"not_picked":["ReplayGash","White Noise"],"picked":"Sunder","floor":3.0},{"not_picked":["Cold Snap","StuffTheSpire:Plugnplay"],"picked":"Rebound","floor":4.0},{"not_picked":["StuffTheSpire:LoadUp","Leap","Amplify"],"picked":"SKIP","floor":4.0},{"not_picked":["StuffTheSpire:EventHorizon","Rebound"],"picked":"Cold Snap","floor":5.0},{"not_picked":["Static Discharge","ReplayTheSpireMod:System Scan"],"picked":"ReplayTheSpireMod:Dual Polarity","floor":5.0},{"not_picked":["hubris:Ukulele","Steam"],"picked":"Core Surge","floor":7.0},{"not_picked":["Sweeping Beam","aspiration:Polymerization"],"picked":"Loop","floor":11.0},{"not_picked":["conspire:SharedLibrary","Darkness"],"picked":"StuffTheSpire:Synthwave","floor":11.0},{"not_picked":["Sunder","ReplaySort"],"picked":"Coolheaded","floor":12.0},{"not_picked":["hubris:Ukulele","Streamline","Blizzard"],"picked":"SKIP","floor":12.0},{"not_picked":["Creative AI","Streamline"],"picked":"ReplayTheSpireMod:Fabricate Wheel","floor":14.0},{"not_picked":["Fission","hubris:DoWhile"],"picked":"Echo Form","floor":16.0},{"not_picked":["Steam","Time Bomb"],"picked":"FIFO Queue","floor":18.0},{"not_picked":["Capacitor+1","Rip and Tear"],"picked":"ReplayTheSpireMod:Dual Polarity","floor":18.0},{"not_picked":["Streamline+1","ReplayTheSpireMod:Reroute Power","Steam+1"],"picked":"SKIP","floor":18.0},{"not_picked":["Streamline","ReplayTheSpireMod:GoodbyeWorld"],"picked":"Undo","floor":21.0},{"not_picked":["Beam Cell","Ball Lightning","Steam"],"picked":"SKIP","floor":21.0},{"not_picked":["Barrage","ReplayTheSpireMod:Calculation Training","Coolheaded"],"picked":"SKIP","floor":21.0},{"not_picked":["Barrage","ReplayTheSpireMod:Calculation Training"],"picked":"Coolheaded","floor":21.0},{"not_picked":["Beam Cell","Ball Lightning","Steam"],"picked":"SKIP","floor":21.0},{"not_picked":["StuffTheSpire:Plugnplay","Coolheaded"],"picked":"Buffer","floor":22.0},{"not_picked":["Redo","White Noise"],"picked":"Turbo","floor":22.0},{"not_picked":["Scrape+1","Steam Power","Barrage"],"picked":"SKIP","floor":22.0},{"not_picked":["Coolheaded","Redo"],"picked":"Genetic Algorithm","floor":26.0},{"not_picked":["conspire:Rain","Go for the Eyes"],"picked":"Self Repair","floor":27.0},{"not_picked":["Cold Snap","Fusion"],"picked":"Hologram","floor":27.0},{"not_picked":["Rebound","Melter"],"picked":"Hologram","floor":27.0},{"not_picked":["Redo","Coolheaded"],"picked":"Stack+1","floor":29.0},{"not_picked":["Barrage","Hologram"],"picked":"Loop","floor":31.0},{"not_picked":["Rip and Tear+1","Coolheaded"],"picked":"Turbo","floor":31.0},{"not_picked":["Stack","Storm","ReplayTheSpireMod:System Scan+1"],"picked":"SKIP","floor":31.0},{"not_picked":["Capacitor","Streamline+1"],"picked":"Undo","floor":33.0},{"not_picked":["Thunder Strike","StuffTheSpire:Purify"],"picked":"Meteor Strike","floor":35.0},{"not_picked":["White Noise","Hologram"],"picked":"Skim","floor":36.0},{"not_picked":["Go for the Eyes+1","Recycle"],"picked":"Turbo+1","floor":37.0},{"not_picked":["Stack","FIFO Queue+1"],"picked":"Reinforced Body","floor":37.0},{"not_picked":["StuffTheSpire:Plugnplay","ReplaySolidLightProjector","Ball Lightning"],"picked":"SKIP","floor":37.0},{"not_picked":["Cold Snap","Ball Lightning","ReplayTheSpireMod:Repulse"],"picked":"SKIP","floor":38.0},{"not_picked":["Streamline","FTL+1","Ball Lightning"],"picked":"SKIP","floor":38.0},{"not_picked":["Scrape","Sweeping Beam","ReplayTheSpireMod:GoodbyeWorld"],"picked":"SKIP","floor":38.0},{"not_picked":["All For One","StuffTheSpire:Plugnplay"],"picked":"Redo+1","floor":42.0},{"not_picked":["conspire:SharedLibrary","Hologram+1","Rebound"],"picked":"SKIP","floor":46.0},{"not_picked":["Fusion","Gash+1","Compile Driver"],"picked":"SKIP","floor":48.0},{"not_picked":["White Noise+1","Streamline","Steam"],"picked":"SKIP","floor":48.0},{"not_picked":["Doom and Gloom+1","Scrape+1","Cold Snap"],"picked":"SKIP","floor":48.0},{"not_picked":["BootSequence","Sunder","ReplayTheSpireMod:Reroute Power"],"picked":"SKIP","floor":50.0},{"not_picked":["StuffTheSpire:Purify","Doom and Gloom+1","Stack"],"picked":"SKIP","floor":50.0},{"not_picked":["Streamline","FTL","Consume"],"picked":"SKIP","floor":50.0}],"player_experience":1211450,"relics_obtained":[{"floor":7.0,"key":"theForsaken:Gavel"},{"floor":8.0,"key":"Ring of Panic"},{"floor":8.0,"key":"Ring of Shattering"},{"floor":9.0,"key":"Oddly Smooth Stone"},{"floor":14.0,"key":"Pet Ghost"},{"floor":26.0,"key":"Vajra"},{"floor":28.0,"key":"Geode"},{"floor":29.0,"key":"infinitespire:Freezer"},{"floor":33.0,"key":"Red Mask"},{"floor":42.0,"key":"Anchor"},{"floor":45.0,"key":"StuffTheSpire:ColdMirror"}],"event_choices":[{"damage_healed":0.0,"max_hp_gain":0.0,"max_hp_loss":0.0,"gold_gain":0.0,"event_name":"Accursed Blacksmith","player_choice":"Forge","floor":19.0,"gold_loss":0.0,"damage_taken":0.0,"cards_upgraded":["FIFO Queue"]},{"damage_healed":0.0,"max_hp_gain":0.0,"max_hp_loss":0.0,"gold_gain":0.0,"event_name":"Masked Bandits","player_choice":"Fought Bandits","floor":33.0,"gold_loss":0.0,"damage_taken":0.0},{"damage_healed":0.0,"max_hp_gain":0.0,"max_hp_loss":0.0,"gold_gain":0.0,"event_name":"conspire:Investor","player_choice":"Leave","floor":43.0,"gold_loss":0.0,"damage_taken":0.0}],"is_beta":false,"boss_relics":[{"not_picked":["Calling Bell","ReplayTheSpireMod:DimensionalGlitch"],"picked":"conspire:SeveredTorchhead"},{"not_picked":["aspiration:PoetsPen_weak","Honey Jar"],"picked":"Tiny House"}],"items_purged_floors":[20,30,30,32],"is_endless":false,"potions_floor_spawned":[2,4,7,12,22,27,33,35,37,42,48],"killed_by":"conspire:OrnateMirror","ascension_level":19}}