{"host":"nbmmy2ys5j9alw05","time":1611218765,"event":{"mods":["AchievementEnabler","BaseMod","Bestiary","Better Vampires","Colored Map","Colored Powertips","Googly Eyes","Minty Spire (QoL Compilation)","Quick Restart","StSLib","The Hierophant","The IronCluck","everything is the same but u backflip on backflip"],"gold_per_floor":[109,120,45,45,45,89,114,149,149,149,49,49,49,70,70,199,199,217,217,217,217,202,202,202],"floor_reached":23,"language":"ENG","playtime":607,"items_purged":["Strike_G","Strike_G"],"score":358,"play_id":"3cfc72f7-2d24-4187-8ccb-cddb618c70e3","local_time":"20210121004605","is_ascension_mode":true,"campfire_choices":[{"data":"Riddle With Holes","floor":10,"key":"SMITH"},{"data":"Neutralize","floor":12,"key":"SMITH"},{"data":"A Thousand Cuts","floor":15,"key":"SMITH"}],"circlet_count":0,"master_deck":["AscendersBane","Strike_G","Strike_G","Defend_G","Defend_G","Defend_G","Defend_G","Defend_G","Survivor","Neutralize+1","Riddle With Holes+1","Dash","Terror","Cloak And Dagger","A Thousand Cuts+1","Adrenaline","Setup+1","Ghostly","Ghostly","Ghostly","Ghostly","Ghostly","J.A.X.","Blur"],"relics":["Ring of the Snake","NeowsBlessing","Golden Idol","Question Card","HornCleat","Ornamental Fan","WristBlade","Paper Crane"],"acts_visited":["Exordium","TheCity"],"potions_floor_usage":[8,8,16],"damage_taken":[{"damage":0,"enemies":"Jaw Worm","floor":1,"turns":1},{"damage":0,"enemies":"Small Slimes","floor":2,"turns":1},{"damage":0,"enemies":"3 Sentries","floor":6,"turns":1},{"damage":1,"enemies":"Cultist","floor":7,"turns":3},{"damage":7,"enemies":"Lagavulin","floor":8,"turns":5},{"damage":0,"enemies":"Exordium Wildlife","floor":14,"turns":5},{"damage":17,"enemies":"Hexaghost","floor":16,"turns":10},{"damage":6,"enemies":"Shell Parasite","floor":18,"turns":4},{"damage":3,"enemies":"2 Thieves","floor":22,"turns":4},{"damage":4,"enemies":"Centurion and Healer","floor":23,"turns":3}],"seed_played":"6423296538053580825","potions_obtained":[{"floor":2,"key":"Fire Potion"},{"floor":7,"key":"Fire Potion"},{"floor":8,"key":"SteroidPotion"},{"floor":18,"key":"GhostInAJar"}],"is_trial":false,"path_per_floor":["M","M","$","?","?","E","M","E","T","R","$","R","?","M","R","B",null,"M","?","?","?","M","M"],"character_chosen":"THE_SILENT","items_purchased":[],"campfire_rested":0,"item_purchase_floors":[],"current_hp_per_floor":[63,63,63,46,46,46,45,38,38,38,38,38,38,38,38,21,58,52,35,35,35,32,28,28],"gold":202,"neow_bonus":"THREE_ENEMY_KILL","is_daily":false,"chose_seed":false,"campfire_upgraded":3,"win_rate":0.0,"timestamp":1611218765,"path_taken":["M","M","$","?","?","E","M","E","T","R","?","R","?","?","R","BOSS","M","?","?","?","M","?"],"items_purchased_type":[],"build_version":"2020-12-22","purchased_purges":2,"victory":false,"max_hp_per_floor":[70,70,70,70,70,70,70,70,70,70,70,70,70,70,70,70,70,70,35,35,35,35,35,35],"card_choices":[{"not_picked":["Dagger Throw","Reflex"],"picked":"Riddle With Holes","floor":1},{"not_picked":["Endless Agony","Tactician"],"picked":"Dash","floor":2},{"not_picked":["Reflex","Calculated Gamble"],"picked":"Terror","floor":6},{"not_picked":["Slice","Dagger Throw","Predator","Masterful Stab"],"picked":"SKIP","floor":7},{"not_picked":["Outmaneuver","Acrobatics","PiercingWail"],"picked":"Cloak And Dagger","floor":8},{"not_picked":["Sucker Punch","Finisher","Terror"],"picked":"A Thousand Cuts","floor":14},{"not_picked":["Burst","Doppelganger","Venomology"],"picked":"Adrenaline","floor":16},{"not_picked":["Accuracy","Sucker Punch","Acrobatics"],"picked":"Setup+1","floor":18},{"not_picked":["Backflip","Dash","Prepared"],"picked":"Blur","floor":22}],"player_experience":516292,"relics_obtained":[{"floor":6,"key":"Question Card"},{"floor":8,"key":"HornCleat"},{"floor":9,"key":"Ornamental Fan"}],"event_choices":[{"damage_healed":0,"gold_gain":0,"player_choice":"Take Damage","damage_taken":17,"relics_obtained":["Golden Idol"],"max_hp_gain":0,"max_hp_loss":0,"event_name":"Golden Idol","floor":4,"gold_loss":0},{"damage_healed":0,"gold_gain":0,"player_choice":"Ignored","damage_taken":0,"max_hp_gain":0,"max_hp_loss":0,"event_name":"Shining Light","floor":5,"gold_loss":0},{"cards_removed":["Strike_G"],"damage_healed":0,"gold_gain":0,"player_choice":"Offered Basic","damage_taken":0,"max_hp_gain":0,"max_hp_loss":0,"event_name":"Bonfire Elementals","floor":13,"gold_loss":0},{"damage_healed":0,"gold_gain":0,"player_choice":"Became a Ghost","damage_taken":0,"max_hp_gain":0,"max_hp_loss":35,"event_name":"Ghosts","floor":19,"gold_loss":0,"cards_obtained":["Ghostly","Ghostly","Ghostly","Ghostly","Ghostly"]},{"damage_healed":0,"gold_gain":0,"player_choice":"Obtain J.A.X.","damage_taken":0,"max_hp_gain":0,"max_hp_loss":0,"event_name":"Drug Dealer","floor":20,"gold_loss":0,"cards_obtained":["J.A.X."]},{"damage_healed":0,"gold_gain":0,"player_choice":"Gave Potion","damage_taken":0,"relics_obtained":["Paper Crane"],"max_hp_gain":0,"max_hp_loss":0,"event_name":"WeMeetAgain","floor":21,"gold_loss":0}],"is_beta":false,"boss_relics":[{"not_picked":["Black Star","Pandora\u0027s Box"],"picked":"WristBlade"}],"items_purged_floors":[3,11],"is_endless":false,"potions_floor_spawned":[2,7,8,18],"killed_by":"Centurion and Healer","ascension_level":10}}