{"host":"ci7ivtocgfxh0ueo","time":1611237746,"event":{"mods":["BaseMod","GifTheSpireLib","Minty Spire (QoL Compilation)","StSLib"],"gold_per_floor":[115,115,115,115,115,115,134,134,158,158,181,201,220,236,236,236,236],"floor_reached":16,"language":"ZHT","playtime":872,"items_purged":[],"score":175,"play_id":"dc293f0f-b87f-42db-b954-2d5a2269af9e","local_time":"20210121220226","is_ascension_mode":true,"campfire_choices":[{"floor":6,"key":"REST"},{"data":"Hemokinesis","floor":8,"key":"SMITH"},{"data":"Bash","floor":10,"key":"SMITH"},{"data":"Metallicize","floor":15,"key":"SMITH"}],"circlet_count":0,"master_deck":["AscendersBane","Strike_R","Strike_R","Strike_R","Strike_R","Strike_R","Defend_R","Defend_R","Defend_R","Defend_R","Bash+1","Hemokinesis+1","Clash","Seeing Red","Inflame","Metallicize+1"],"relics":["Burning Blood","Blood Vial","Smiling Mask","Golden Idol","Oddly Smooth Stone"],"acts_visited":["Exordium"],"potions_floor_usage":[16,16],"damage_taken":[{"damage":6,"enemies":"Small Slimes","floor":1,"turns":4},{"damage":3,"enemies":"2 Louse","floor":7,"turns":4},{"damage":6,"enemies":"Jaw Worm","floor":11,"turns":3},{"damage":2,"enemies":"Looter","floor":12,"turns":1},{"damage":7,"enemies":"Red Slaver","floor":13,"turns":3},{"damage":24,"enemies":"Lots of Slimes","floor":14,"turns":5},{"damage":54,"enemies":"Slime Boss","floor":16,"turns":9}],"seed_played":"2076028176095589476","potions_obtained":[{"floor":11,"key":"Block Potion"},{"floor":12,"key":"Ancient Potion"}],"is_trial":false,"path_per_floor":["M","?","?","?","$","R","M","R","T","R","M","M","M","M","R","B"],"character_chosen":"IRONCLAD","items_purchased":[],"campfire_rested":1,"item_purchase_floors":[],"current_hp_per_floor":[70,75,57,29,29,53,58,58,58,58,60,66,67,51,51,0,0],"gold":236,"neow_bonus":"RANDOM_COMMON_RELIC","is_daily":false,"chose_seed":false,"campfire_upgraded":3,"win_rate":0.0,"timestamp":1611237746,"path_taken":["M","?","?","?","?","R","M","R","T","R","M","M","M","?","R","BOSS"],"items_purchased_type":[],"build_version":"2020-12-22","purchased_purges":0,"victory":false,"max_hp_per_floor":[75,80,80,80,80,80,80,80,80,80,80,80,80,80,80,80,80],"card_choices":[{"not_picked":["Cleave","Fire Breathing"],"picked":"Hemokinesis","floor":1},{"not_picked":["Reckless Charge","Shrug It Off"],"picked":"Clash","floor":7},{"not_picked":["Pommel Strike","Body Slam"],"picked":"Seeing Red","floor":11},{"not_picked":["Anger","Twin Strike"],"picked":"Inflame","floor":12},{"not_picked":["Perfected Strike","Anger","Headbutt"],"picked":"SKIP","floor":13},{"not_picked":["Ghostly Armor","Flex"],"picked":"Metallicize","floor":14}],"player_experience":1341372,"relics_obtained":[{"floor":9,"key":"Oddly Smooth Stone"}],"event_choices":[{"damage_healed":0,"gold_gain":0,"player_choice":"Donut","damage_taken":0,"max_hp_gain":5,"max_hp_loss":0,"event_name":"Big Fish","floor":2,"gold_loss":0},{"damage_healed":0,"gold_gain":0,"player_choice":"Success","damage_taken":18,"relics_obtained":["Smiling Mask"],"max_hp_gain":0,"max_hp_loss":0,"event_name":"Scrap Ooze","floor":3,"gold_loss":0},{"damage_healed":0,"gold_gain":0,"player_choice":"Take Damage","damage_taken":28,"relics_obtained":["Golden Idol"],"max_hp_gain":0,"max_hp_loss":0,"event_name":"Golden Idol","floor":4,"gold_loss":0}],"is_beta":false,"boss_relics":[],"items_purged_floors":[],"is_endless":false,"potions_floor_spawned":[11,12],"killed_by":"Slime Boss","ascension_level":18}}