{"host":"27wa8ufp4ryspt1p","time":1611196360,"event":{"mods":["100% Spire Juice","2.2 Compatiblity","Abigail Mod","Act Like it!","Aspiration","BaseMod","Better Altar","Better Note","Better Skull","Better Third Choice","Colored Map","Conspire","Dota2Spire","Downfall-Rebalance","Elementarium","Energized Spire","Fox Events","Friendly Minions","Gensokyo","GifTheSpireLib","Gold Saver","Halation","Hallownest","HololiveMod","Hubris","Humility","Infinite Spire","Keyboard Shortcuts","Menagerie","Mimic Mod","Minty Spire (QoL Compilation)","Pale of the Ancients","Poor People Problems","Quarter Circle Forward PUNCH!","Reimu??????","Relic Sorter","Relic Stats","Replay The Spire","Reworked Bosses","Shop Mod","Spicy Shops","Spikes Relics","Spire Arcade","StSLib","Stuff the Spire","SuperFastMode","The Cursed","The Exalted","The Factory","The Judge","The Necromancer","Trackpad","Waifu the Spire","Wandering Minibosses","[IsaacMod]????","??????REMEMod","????"],"gold_per_floor":[402,402,502,46,60,60,90,90,546,546,572,572,622,524,611,771,788,816,563,613,613,613,613,632,632,713,713,769,828,861,891,950,509,136,265,289,311,311,331,374,426,16,16,88,166,205,205,205,229,301,301,343,425,587,653,694,746,746,945,295,54,54,138],"floor_reached":64,"language":"SPA","playtime":2839,"items_purged":["Delirium"],"score":3751,"play_id":"ae8232d7-748f-479f-bb13-39eddebe628e","local_time":"20210120203240","daily_mods":["SealedDeck","Colorless Cards","Heirloom","Elite Swarm","Lethality"],"is_ascension_mode":true,"campfire_choices":[{"floor":6.0,"key":"RECALL"},{"data":"EpicFetus","floor":8.0,"key":"SMITH"},{"data":"Specialist","floor":10.0,"key":"SMITH"},{"data":"Menagerie:SteelWall","floor":25,"key":"SMITH"},{"data":"DoctorFetus","floor":27,"key":"SMITH"},{"data":"infinitespire:NeuralNetwork","floor":47,"key":"SMITH"},{"data":"ReplayUltimateDefense","floor":51,"key":"SMITH"},{"data":"Hololive_CallUsadaPekora","floor":58,"key":"SMITH"}],"circlet_count":0,"master_deck":["AscendersBane","EpicFetus+1","Hololive_Yoholoon","Hololive_CallMoonaHoshinova","Hololive_RevenueBasedLive","Hololive_CallOzoraSubaru","ReplayTheSpireMod:Private Reserves","Hololive_SoulCatcher","Hololive_Rebound+1","Hololive_FlyingPonyTail","Hololive_CallMomosuzuNene+16","DependentForm:ReiMu+1","Menagerie:SagesJudgement","Hololive_CocoNews","Hololive_CallUsadaPekora+1","Hololive_AWSL","Hololive_IdolExercise+1","Specialist+1","expansioncontent:QuickStudy","Menagerie:SteelWall+1","Hololive_CallHoshimachiSuisei","Hololive_Breathe","REME_Flogging","Dark Shackles+1","Hololive_CallInugamiKorone","Hololive_CallAZKi","DoctorFetus+1","BettingIsNotGood+1","Hololive_MaximGun","expansioncontent:DefensiveMode+1","ReplayUltimateDefense+1","Hololive_HuntDinosaur","Hololive_RevenueBasedLive+1","Hololive_CallSpadeEcho","expansioncontent:DashGenerateEvil+1","Hololive_CallSakuraMiko+1","hubris:Fate","expansioncontent:GuardianWhirl+1","Hololive_CallInugamiKorone","Mind Blast+1","Hololive_HuntDinosaur+1","infinitespire:NeuralNetwork+1","expansioncontent:DashGenerateEvil+1","Hololive_RevenueBasedLive+1","Hololive_Thief","Looming Evil","Hololive_CallRosalyn","Hololive_CallHoshimachiSuisei","Hololive_CallHoshimachiSuisei","Panache","Hololive_CallDoris","ReplayUltimateDefense+1"],"relics":["Hololive_TheStar","paleoftheancients:SoulOfTheHexaghost","DoctorsRemote","Dota2Spire:MantaStyle","HushsDoor","REME_ComplimentaryCards","Bromod:ArcaneUltimatum","MerchantsRug","BrokenLever","REME_ArchaeologicalTools","Dota2Spire:RefresherOrb","Sundial","ReplayTheSpireMod:Ninjato","Molten Egg 2","energizedSpire:OgreHead","halation:IllGainedPizza","SpikesRelics:DaevaFist","sneckomod:SneckoTalon","Ancient Tea Set","Oddly Smooth Stone","YumHeart","Vajra","paleoftheancients:Timepiece","paleoftheancients:KeyRelic","Dota2Spire:BladeMail","BicycleWheel","ReplayTheSpireMod:CursedCoin","StuffTheSpire:GrapeVine","trackpad:BiPhaseBiplane","Dota2Spire:EtherealBlade","DollysMirror"],"acts_visited":["Menagerie:Menagerie","Hallownest:CityofTears","TheBeyond","paleoftheancients:PaleOfTheAncients"],"potions_floor_usage":[26,52],"damage_taken":[{"damage":0.0,"enemies":"Menagerie:WhisperingWraith","floor":5.0,"turns":4.0},{"damage":0.0,"enemies":"Menagerie:MaskedSummoner","floor":7.0,"turns":3.0},{"damage":0.0,"enemies":"Menagerie:StygianBoar","floor":9.0,"turns":11.0},{"damage":8.0,"enemies":"Menagerie:Hydra","floor":11.0,"turns":2.0},{"damage":0,"enemies":"Menagerie:StygianBoar","floor":13,"turns":2},{"damage":0,"enemies":"Menagerie:Chimera","floor":16,"turns":4},{"damage":0,"enemies":"Hallownest:3_Youths","floor":18,"turns":2},{"damage":0,"enemies":"Hallownest:2_Mistakes","floor":20,"turns":3},{"damage":0,"enemies":"Hallownest:monsterMisterMushroom","floor":24,"turns":2},{"damage":0,"enemies":"Hallownest:eliteWatcherKnight","floor":26,"turns":7},{"damage":0,"enemies":"Hallownest:3_Mistakes","floor":28,"turns":4},{"damage":0,"enemies":"Hallownest:Nosk","floor":29,"turns":4},{"damage":0,"enemies":"Hallownest:3_Mistakes","floor":30,"turns":3},{"damage":0,"enemies":"Hallownest:monsterShrumalOgre","floor":31,"turns":3},{"damage":9,"enemies":"Hallownest:eliteWatcherKnight","floor":32,"turns":8},{"damage":0,"enemies":"Hallownest:BossGrimm","floor":35,"turns":6},{"damage":0,"enemies":"3 Darklings","floor":37,"turns":2},{"damage":0,"enemies":"3 Shapes","floor":39,"turns":2},{"damage":0,"enemies":"Jaw Worm Horde","floor":40,"turns":2},{"damage":2,"enemies":"4 Shapes","floor":41,"turns":2},{"damage":0,"enemies":"R_Hoarder","floor":44,"turns":4},{"damage":0,"enemies":"Maw","floor":45,"turns":5},{"damage":0,"enemies":"Reptomancer","floor":46,"turns":3},{"damage":0,"enemies":"Maw","floor":49,"turns":3},{"damage":0,"enemies":"R_Hoarder","floor":50,"turns":5},{"damage":0,"enemies":"bossMod:newShapes","floor":52,"turns":5},{"damage":5,"enemies":"bossMod:newAwakened","floor":53,"turns":6},{"damage":0,"enemies":"bossMod:newAwakened","floor":54,"turns":5},{"damage":122,"enemies":"bossMod:newAwakened","floor":55,"turns":3},{"damage":0,"enemies":"conspire:MimicChest","floor":56,"turns":2},{"damage":0,"enemies":"conspire:MimicChest","floor":59,"turns":6},{"damage":15,"enemies":"paleoftheancients:N","floor":63,"turns":6}],"seed_played":"857664310540399526","potions_obtained":[{"floor":7.0,"key":"Fire Potion"},{"floor":13,"key":"Explosive Potion"},{"floor":16,"key":"Weak Potion"},{"floor":24,"key":"infinitespire:BlackPotion"},{"floor":29,"key":"ColorlessPotion"},{"floor":30,"key":"GrandPatriotsElixir:ReiMu"},{"floor":35,"key":"hexamod:EctoCoolerPotion"},{"floor":37,"key":"SkillPotion"},{"floor":39,"key":"Energy Potion"},{"floor":50,"key":"Swift Potion"},{"floor":56,"key":"LifebloodPotion"},{"floor":59,"key":"REME_GoldPotion"}],"is_trial":true,"path_per_floor":["?","?","?","$","M","R","E","R","MIM","R","E","?","M","$","R_BF","B",null,"M","$","M","T","PTL","PTL","M","R","E","R","MIM","E","M","M","E","$","R","B",null,"M","?","M","M","M","R","AVR","E","MIM","E","R","$","M","E","R","B","B","M","M","?","$","R","M","R","$","?","B",null],"character_chosen":"Hololive_HololiveCharacter","items_purchased":["MerchantsRug","Hololive_CallUsadaPekora","Hololive_AWSL","Hololive_Breathe","Hololive_CallInugamiKorone","Guide Book","Lizard Tail","Hololive_HuntDinosaur","Molten Egg 2","Hololive_RevenueBasedLive+1","Hololive_CallSpadeEcho","halation:IllGainedPizza","Hololive_HuntDinosaur+1","SpikesRelics:DaevaFist","ReplayTheSpireMod:CursedCoin","StuffTheSpire:GrapeVine","Hololive_CallRosalyn","trackpad:BiPhaseBiplane","Dota2Spire:EtherealBlade","Hololive_CallHoshimachiSuisei","Panache","Hololive_CallDoris","DollysMirror"],"campfire_rested":0,"item_purchase_floors":[4,4,4,14,19,19,33,33,34,34,34,42,42,42,57,57,57,60,60,60,60,61,61],"current_hp_per_floor":[27,20,20,20,20,20,21,21,22,22,15,15,16,16,16,17,31,32,32,33,33,33,33,34,34,39,39,40,41,42,43,44,44,44,45,45,46,35,36,37,36,36,36,37,38,39,39,39,40,41,41,42,52,56,58,59,59,59,60,60,60,60,54],"gold":138,"neow_bonus":"","is_daily":false,"chose_seed":false,"campfire_upgraded":7,"win_rate":0.0,"timestamp":1611196360,"path_taken":["?","?","?","$","M","R","E","R","MIM","R","E","?","?","$","R_BF","BOSS","M","$","M","?","PTL","PTL","M","R","E","R","MIM","E","?","M","E","?","R","BOSS","M","?","M","?","M","R","AVR","E","MIM","E","R","$","M","E","R","BOSS","BOSS","M","M","?","$","R","M","R","$","?","BOSS"],"items_purchased_type":["Relic","Card","Card","Card","Card","Relic","Relic","Card","Relic","Card","Card","Relic","Card","Relic","Relic","Relic","Card","Relic","Relic","Card","Card","Card","Relic"],"build_version":"2020-12-22","purchased_purges":1,"victory":true,"max_hp_per_floor":[30,30,30,30,30,30,31,31,32,32,33,33,34,34,34,35,35,36,36,37,37,37,37,38,38,39,39,40,41,42,43,44,44,44,45,45,46,46,47,48,49,49,49,50,51,52,52,52,53,54,54,55,56,57,58,59,59,59,60,60,60,60,61],"relic_stats":{"counters":[32,127],"Sundial":[2],"obtain_stats":[{"Bromod:ArcaneUltimatum":0,"Vajra":46,"BrokenLever":7,"Dota2Spire:RefresherOrb":17,"StuffTheSpire:GrapeVine":57,"Dota2Spire:EtherealBlade":60,"Ancient Tea Set":43,"Lizard Tail":33,"Sundial":26,"DollysMirror":61,"Dota2Spire:BladeMail":54,"REME_ArchaeologicalTools":11,"trackpad:BiPhaseBiplane":60,"BicycleWheel":56,"KeepersGift":0,"DoctorsRemote":0,"MerchantsRug":4,"Dota2Spire:MantaStyle":32,"paleoftheancients:KeyRelic":53,"ReplayTheSpireMod:Ninjato":28,"ReplayTheSpireMod:CursedCoin":57,"Guide Book":19,"paleoftheancients:SoulOfTheHexaghost":59,"halation:IllGainedPizza":42,"Oddly Smooth Stone":44,"energizedSpire:OgreHead":36,"War Paint":29,"Question Card":21,"sneckomod:SneckoTalon":43,"qcfpunch:Duffel_Bag":50,"paleoftheancients:Timepiece":53,"YumHeart":45,"Hololive_TheStar":0,"Molten Egg 2":34,"SpikesRelics:DaevaFist":42,"HushsDoor":0,"REME_ComplimentaryCards":0},{"Bromod:ArcaneUltimatum":0,"Vajra":23,"BrokenLever":2,"Dota2Spire:RefresherOrb":6,"StuffTheSpire:GrapeVine":30,"Dota2Spire:EtherealBlade":31,"Ancient Tea Set":20,"Lizard Tail":15,"Sundial":10,"DollysMirror":31,"Dota2Spire:BladeMail":28,"REME_ArchaeologicalTools":4,"trackpad:BiPhaseBiplane":31,"BicycleWheel":30,"KeepersGift":0,"DoctorsRemote":0,"MerchantsRug":0,"Dota2Spire:MantaStyle":15,"paleoftheancients:KeyRelic":27,"ReplayTheSpireMod:Ninjato":11,"ReplayTheSpireMod:CursedCoin":30,"Guide Book":7,"paleoftheancients:SoulOfTheHexaghost":31,"halation:IllGainedPizza":20,"Oddly Smooth Stone":21,"energizedSpire:OgreHead":16,"War Paint":12,"Question Card":8,"sneckomod:SneckoTalon":20,"qcfpunch:Duffel_Bag":25,"paleoftheancients:Timepiece":27,"YumHeart":22,"Hololive_TheStar":0,"Molten Egg 2":15,"SpikesRelics:DaevaFist":20,"HushsDoor":0,"REME_ComplimentaryCards":0},{"Bromod:ArcaneUltimatum":0,"Vajra":88,"BrokenLever":7,"Dota2Spire:RefresherOrb":26,"StuffTheSpire:GrapeVine":116,"Dota2Spire:EtherealBlade":121,"Ancient Tea Set":76,"Lizard Tail":62,"Sundial":40,"DollysMirror":121,"Dota2Spire:BladeMail":111,"REME_ArchaeologicalTools":20,"trackpad:BiPhaseBiplane":121,"BicycleWheel":116,"KeepersGift":0,"DoctorsRemote":0,"MerchantsRug":0,"Dota2Spire:MantaStyle":62,"paleoftheancients:KeyRelic":106,"ReplayTheSpireMod:Ninjato":44,"ReplayTheSpireMod:CursedCoin":116,"Guide Book":28,"paleoftheancients:SoulOfTheHexaghost":121,"halation:IllGainedPizza":76,"Oddly Smooth Stone":80,"energizedSpire:OgreHead":68,"War Paint":48,"Question Card":31,"sneckomod:SneckoTalon":76,"qcfpunch:Duffel_Bag":96,"paleoftheancients:Timepiece":106,"YumHeart":85,"Hololive_TheStar":0,"Molten Egg 2":62,"SpikesRelics:DaevaFist":76,"HushsDoor":0,"REME_ComplimentaryCards":0}]},"card_choices":[{"not_picked":[],"picked":"EpicFetus","floor":0.0},{"not_picked":["Hololive_HuntDinosaur","Hololive_Breathe","expansioncontent:AwakenDeath"],"picked":"Hololive_CocoNews","floor":3.0},{"not_picked":["Hololive_Trident","Hololive_OvertimeWork","Hololive_FlyingPonyTail"],"picked":"Hololive_HuntDinosaur","floor":5.0},{"not_picked":["Feint","REME_ProfessionalPlagiarism","REME_WheelOfFate"],"picked":"Hololive_IdolExercise","floor":7.0},{"not_picked":["Hololive_FlyingPonyTail","expansioncontent:GuardianWhirl","Hololive_Trident"],"picked":"Specialist","floor":9.0},{"not_picked":["EpicFetus","Hololive_Nanodesu","REME_BodyOfCthun"],"picked":"expansioncontent:QuickStudy","floor":11.0},{"not_picked":["Hololive_Rebound","Hololive_RevenueBasedLive","Hololive_Breathe"],"picked":"Hololive_CallHoshimachiSuisei","floor":13},{"not_picked":["Mayhem","ReplayTheSpireMod:Brewmster","Hololive_StarCraft"],"picked":"REME_Flogging","floor":16},{"not_picked":["Hololive_Trident","Hololive_CocoNews","Hololive_Sequa"],"picked":"Dark Shackles","floor":18},{"not_picked":["Hololive_RevenueBasedLive","expansioncontent:Torchfire","expansioncontent:FaceSlap+1"],"picked":"Hololive_CallAZKi","floor":20},{"not_picked":["Hololive_RevenueBasedLive","Hololive_FlyingPonyTail","Hololive_CallSpadeEcho","Hololive_Drill","Hololive_Trident"],"picked":"SKIP","floor":24},{"not_picked":["Hololive_HighAtkLowDef","ReplayTheSpireMod:Brewmster","Transmutation","Hololive_OpenUp"],"picked":"DoctorFetus","floor":26},{"not_picked":["Hololive_Trident","Hololive_Drill","Hololive_CocoNews","Hololive_CallAyundaRisu"],"picked":"BettingIsNotGood+1","floor":28},{"not_picked":["Master of Strategy","REME_BattleFury","Hololive_DiamondStrike","REME_Flogging"],"picked":"Hololive_MaximGun","floor":29},{"not_picked":["Degenerate","Hololive_Trident","Hololive_Rebound","expansioncontent:TimeRipple","Hololive_CallAkiRosenthal"],"picked":"SKIP","floor":30},{"not_picked":["Hololive_LuckPotion+1","REME_TwoStrings","expansioncontent:AwakenDeath","Hololive_CallAiraniIofifteen"],"picked":"expansioncontent:DefensiveMode+1","floor":31},{"not_picked":["Metamorphosis","Magnetism","REME_BodyOfCthun","expansioncontent:StudyTheSpire"],"picked":"ReplayUltimateDefense","floor":32},{"not_picked":["REME_EyeOfCthun+1","REME_WheelOfFate","Violence","REME_BodyOfCthun"],"picked":"expansioncontent:DashGenerateEvil+1","floor":35},{"not_picked":["Hololive_Spy+1","Hololive_CallAyundaRisu","expansioncontent:Chronoboost","Hololive_FlyingPonyTail+1"],"picked":"Hololive_CallSakuraMiko+1","floor":37},{"not_picked":["ReplayTheSpireMod:Haul","hubris:Rewind"],"picked":"hubris:Fate","floor":38},{"not_picked":["Hololive_Psychosis+1","Hololive_Trident+1","Hololive_HuntDinosaur","Hololive_Breathe"],"picked":"expansioncontent:GuardianWhirl+1","floor":39},{"not_picked":["Madness+1","Hololive_Thief","Hololive_CallAmaneKanata","Hololive_LuckPotion"],"picked":"Hololive_CallInugamiKorone","floor":40},{"not_picked":["Hololive_HuntDinosaur+1","Hololive_OvertimeWork+1","Hololive_Breathe","Hololive_RevenueBasedLive"],"picked":"Mind Blast+1","floor":41},{"not_picked":["Metamorphosis","Secret Weapon","Hololive_Rebirth","Battery","Feint"],"picked":"SKIP","floor":44},{"not_picked":["ReplayTheSpireMod:Brewmster","Violence","ChaosCard","Chrysalis"],"picked":"expansioncontent:DashGenerateEvil+1","floor":46},{"not_picked":["Hololive_Rebound","Hololive_FlyingPonyTail","expansioncontent:PolyBeam+1","Purity"],"picked":"Hololive_RevenueBasedLive+1","floor":49},{"not_picked":["DoctorFetus","REME_MawOfCthun","Midas Touch","Hololive_StarCraft"],"picked":"Hololive_Thief","floor":50},{"not_picked":["Hololive_Breathe","Hololive_RevenueBasedLive","Hololive_Psychosis+1","Hololive_Rebound","Hololive_Drill+1"],"picked":"SKIP","floor":54},{"not_picked":["expansioncontent:Torchfire+1","Discovery+1","Degenerate+1","Hololive_RevenueBasedLive+1"],"picked":"Hololive_CallHoshimachiSuisei","floor":59}],"player_experience":3926004,"relics_obtained":[{"floor":7.0,"key":"BrokenLever"},{"floor":11.0,"key":"REME_ArchaeologicalTools"},{"floor":21,"key":"Question Card"},{"floor":26,"key":"Sundial"},{"floor":28,"key":"ReplayTheSpireMod:Ninjato"},{"floor":29,"key":"War Paint"},{"floor":32,"key":"Dota2Spire:MantaStyle"},{"floor":44,"key":"Oddly Smooth Stone"},{"floor":45,"key":"YumHeart"},{"floor":46,"key":"Vajra"},{"floor":50,"key":"qcfpunch:Duffel_Bag"},{"floor":54,"key":"Dota2Spire:BladeMail"},{"floor":56,"key":"BicycleWheel"},{"floor":59,"key":"paleoftheancients:SoulOfTheHexaghost"}],"event_choices":[{"damage_healed":0.0,"max_hp_gain":0.0,"max_hp_loss":0.0,"gold_gain":0.0,"event_name":"Menagerie:MageAndMonster","player_choice":"Help the mage","floor":2.0,"gold_loss":0.0,"damage_taken":7.0,"cards_obtained":["Menagerie:SagesJudgement"]},{"damage_healed":0,"gold_gain":0,"cards_transformed":["Hololive_HuntDinosaur"],"player_choice":"Grasp","damage_taken":0,"max_hp_gain":0,"max_hp_loss":0,"event_name":"Menagerie:MagesHand","floor":12,"gold_loss":0,"cards_obtained":["Menagerie:SteelWall"]}],"is_beta":false,"boss_relics":[{"not_picked":["StuffTheSpire:RunicConfusion","Snecko Heart"],"picked":"Dota2Spire:RefresherOrb"},{"not_picked":[]},{"not_picked":["conspire:RoyalGoblet","ChampionBelt"],"picked":"energizedSpire:OgreHead"},{"not_picked":[]}],"items_purged_floors":[43],"is_endless":false,"potions_floor_spawned":[7,13,16,24,29,30,31,32,35,37,39,50,56,59],"ascension_level":20}}