{"host":"gk5m6v7zec9neb0j","time":1611273460,"event":{"mods":["AchievementEnabler","AlwaysNeverKeys","BaseMod","BetterRewards","Block Reminder","Minty Spire (QoL Compilation)","Rare Cards Sparkle","Relic Stats","StSLib"],"gold_per_floor":[117,117,130,143,163,179,208,383,383,383,84,84,84,94,94,196,196,213,230,155,79,79,109,109,24,24,41,116,129,48,138,138,237,237,256,274,27,42,57,57,57,57,57,57,23,23,43,68,68,68,68,68,68,98,98,98],"floor_reached":55,"language":"ENG","playtime":2491,"items_purged":["Strike_P","Strike_P","Doubt","Strike_P"],"score":890,"play_id":"e794ca02-a8cc-4b84-9eb0-32fd55d975fa","local_time":"20210121185740","is_ascension_mode":false,"campfire_choices":[{"data":"ThirdEye","floor":10,"key":"SMITH"},{"floor":13,"key":"REST"},{"data":"EmptyMind","floor":15,"key":"SMITH"},{"data":"DeusExMachina","floor":24,"key":"SMITH"},{"floor":32,"key":"REST"},{"floor":40,"key":"REST"},{"data":"Wireheading","floor":44,"key":"SMITH"},{"data":"PathToVictory","floor":46,"key":"SMITH"},{"floor":49,"key":"REST"},{"data":"PathToVictory","floor":52,"key":"SMITH"}],"circlet_count":0,"master_deck":["Defend_P","Defend_P","Defend_P","Defend_P","Vigilance","PathToVictory","Evaluate+1","Consecrate","Evaluate","PathToVictory+1","ThirdEye+1","EmptyMind+1","Finesse+1","DeusExMachina+1","PathToVictory+1","PathToVictory","Wireheading+1","Study+1","ThirdEye+1","PathToVictory+1","Nirvana","Perseverance"],"relics":["PureWater","Matryoshka","Bird Faced Urn","Shuriken","Question Card","Nunchaku","SacredBark","Mummified Hand","Pear","Ancient Tea Set","InkBottle","Darkstone Periapt","Bottled Flame","Bottled Tornado","War Paint"],"acts_visited":["Exordium","TheCity","TheBeyond","TheEnding"],"potions_floor_usage":[7,18,23,33,33,39,39,48,48,50,55],"damage_taken":[{"damage":1,"enemies":"2 Louse","floor":1,"turns":4},{"damage":0,"enemies":"Cultist","floor":3,"turns":5},{"damage":0,"enemies":"Small Slimes","floor":4,"turns":3},{"damage":0,"enemies":"Looter","floor":5,"turns":4},{"damage":0,"enemies":"Exordium Wildlife","floor":6,"turns":4},{"damage":19,"enemies":"3 Sentries","floor":7,"turns":11},{"damage":0,"enemies":"3 Louse","floor":14,"turns":3},{"damage":17,"enemies":"Slime Boss","floor":16,"turns":9},{"damage":4,"enemies":"2 Thieves","floor":18,"turns":3},{"damage":1,"enemies":"Shell Parasite","floor":19,"turns":3},{"damage":14,"enemies":"Slavers","floor":23,"turns":5},{"damage":5,"enemies":"Snecko","floor":27,"turns":4},{"damage":16,"enemies":"Sentry and Sphere","floor":29,"turns":5},{"damage":23,"enemies":"Automaton","floor":33,"turns":6},{"damage":0,"enemies":"Orb Walker","floor":35,"turns":3},{"damage":3,"enemies":"3 Darklings","floor":36,"turns":4},{"damage":20,"enemies":"4 Shapes","floor":38,"turns":5},{"damage":19,"enemies":"Jaw Worm Horde","floor":39,"turns":4},{"damage":1,"enemies":"Spire Growth","floor":47,"turns":3},{"damage":30,"enemies":"Reptomancer","floor":48,"turns":7},{"damage":42,"enemies":"Donu and Deca","floor":50,"turns":9},{"damage":77,"enemies":"Shield and Spear","floor":54,"turns":8},{"damage":41,"enemies":"The Heart","floor":55,"turns":2}],"seed_played":"4451938549613590434","potions_obtained":[{"floor":6,"key":"Regen Potion"},{"floor":16,"key":"Explosive Potion"},{"floor":29,"key":"Swift Potion"},{"floor":33,"key":"SteroidPotion"},{"floor":38,"key":"Energy Potion"},{"floor":39,"key":"Block Potion"},{"floor":47,"key":"Dexterity Potion"},{"floor":48,"key":"Dexterity Potion"}],"is_trial":false,"path_per_floor":["M","?","M","M","M","M","E","?","T","R","$","?","R","M","R","B",null,"M","M","?","$","?","E","R","?","T","M","T","M","$","?","R","B",null,"M","M","$","M","M","R","?","$","T","R","$","R","M","E","R","B",null,"R","$","E","B"],"character_chosen":"WATCHER","items_purchased":["PathToVictory","Matryoshka","EmptyMind","Finesse","DuplicationPotion","Wireheading","PathToVictory","BottledMiracle","Nirvana"],"campfire_rested":4,"item_purchase_floors":[0,0,11,11,21,30,37,37,45],"current_hp_per_floor":[42,42,42,42,42,42,38,38,38,38,38,31,52,52,52,35,72,68,67,67,67,67,53,53,63,63,58,58,42,42,24,48,27,82,82,79,79,62,47,71,71,71,71,71,71,71,74,50,74,38,82,82,82,5,0,0],"gold":98,"neow_bonus":"","is_daily":false,"chose_seed":false,"campfire_upgraded":6,"win_rate":0.0,"timestamp":1611273460,"path_taken":["M","?","M","?","M","M","E","?","T","R","$","?","R","M","R","BOSS","M","M","?","$","?","E","R","?","T","?","?","M","$","?","R","BOSS","M","M","$","M","?","R","?","?","T","R","$","R","M","E","R","BOSS","R","$","E","BOSS"],"items_purchased_type":["Card","Relic","Card","Card","Potion","Card","Card","Potion","Card"],"build_version":"2020-12-22","purchased_purges":4,"victory":false,"max_hp_per_floor":[72,72,72,72,72,72,72,72,72,72,72,72,72,72,72,72,72,72,72,72,72,72,72,72,82,82,82,82,82,82,82,82,82,82,82,82,82,82,82,82,82,82,82,82,82,82,82,82,82,82,82,82,82,82,82,82],"relic_stats":{"Darkstone Periapt":0,"Nunchaku":[11],"counters":[176,864],"Shuriken":[97],"Mummified Hand":[21],"Bird Faced Urn":[27],"War Paint":["Finesse","PathToVictory"],"Question Card":15,"obtain_stats":[{"Calipers":0,"Gremlin Horn":52,"Nilry\u0027s Codex":24,"CeramicFish":44,"Vajra":9,"Hammer of Thor":0,"Whetstone":26,"Bottled Tornado":26,"Blood Vial":13,"Lizard Tail":0,"HornCleat":47,"Sundial":26,"DollysMirror":36,"MealTicket":43,"Pear":54,"Blue Candle":12,"Dead Branch":54,"Velvet Choker":0,"Oddly Smooth Stone":5,"Pen Nib":25,"War Paint":40,"Question Card":9,"Bottled Flame":43,"Anvil of the Gods":0,"Shuriken":7,"Bronze Scales":26,"Bird Faced Urn":0,"Black Star":34,"StrikeDummy":9,"Meat on the Bone":7,"Pocketwatch":0,"Darkstone Periapt":28,"Regal Pillow":6,"Singing Bowl":0,"SacredBark":17,"Enchiridion":27,"StoneCalendar":48,"Juzu Bracelet":9,"Ancient Tea Set":26,"Empty Cage":34,"Smiling Mask":13,"Cursed Key":34,"ClockworkSouvenir":13,"Frozen Eye":31,"Nunchaku":5,"Shovel":37,"Matryoshka":0,"Mummified Hand":27,"Pantograph":9,"Tiny Chest":14,"InkBottle":7,"Potion Belt":30,"Golden Idol":2,"Damaru":9,"Seething Fire":0,"Odd Mushroom":10,"Orichalcum":43,"White Beast Statue":20,"Anchor":9,"CaptainsWheel":0,"Busted Crown":17,"HolyWater":34,"Turnip":24,"Art of War":30,"Bag of Marbles":49,"Membership Card":19,"PureWater":0,"FossilizedHelix":46,"TungstenRod":0},{"Calipers":51,"Gremlin Horn":124,"Nilry\u0027s Codex":91,"CeramicFish":120,"Vajra":54,"Hammer of Thor":0,"Whetstone":110,"Bottled Tornado":139,"Blood Vial":56,"Lizard Tail":67,"HornCleat":122,"Sundial":62,"DollysMirror":65,"MealTicket":119,"Pear":152,"Blue Candle":39,"Dead Branch":125,"Velvet Choker":27,"Oddly Smooth Stone":101,"Pen Nib":44,"War Paint":118,"Question Card":159,"Bottled Flame":171,"Anvil of the Gods":0,"Shuriken":159,"Bronze Scales":91,"Bird Faced Urn":153,"Black Star":114,"StrikeDummy":130,"Meat on the Bone":31,"Pocketwatch":99,"Darkstone Periapt":165,"Regal Pillow":54,"Singing Bowl":126,"SacredBark":161,"Enchiridion":44,"StoneCalendar":150,"Juzu Bracelet":85,"Ancient Tea Set":44,"Empty Cage":47,"Smiling Mask":86,"Cursed Key":143,"ClockworkSouvenir":39,"Frozen Eye":63,"Nunchaku":129,"Shovel":116,"Matryoshka":153,"Mummified Hand":91,"Pantograph":38,"Tiny Chest":56,"InkBottle":130,"Potion Belt":113,"Golden Idol":100,"Damaru":31,"Seething Fire":0,"Odd Mushroom":86,"Orichalcum":96,"White Beast Statue":80,"Anchor":103,"CaptainsWheel":126,"Busted Crown":88,"HolyWater":64,"Turnip":110,"Art of War":45,"Bag of Marbles":123,"Membership Card":58,"PureWater":0,"FossilizedHelix":121,"TungstenRod":126},{"Calipers":257,"Gremlin Horn":617,"Nilry\u0027s Codex":449,"CeramicFish":599,"Vajra":268,"Hammer of Thor":0,"Whetstone":557,"Bottled Tornado":686,"Blood Vial":277,"Lizard Tail":333,"HornCleat":607,"Sundial":309,"DollysMirror":328,"MealTicket":596,"Pear":744,"Blue Candle":186,"Dead Branch":621,"Velvet Choker":131,"Oddly Smooth Stone":512,"Pen Nib":212,"War Paint":592,"Question Card":781,"Bottled Flame":835,"Anvil of the Gods":0,"Shuriken":781,"Bronze Scales":449,"Bird Faced Urn":750,"Black Star":573,"StrikeDummy":644,"Meat on the Bone":141,"Pocketwatch":504,"Darkstone Periapt":808,"Regal Pillow":268,"Singing Bowl":627,"SacredBark":793,"Enchiridion":212,"StoneCalendar":733,"Juzu Bracelet":417,"Ancient Tea Set":212,"Empty Cage":236,"Smiling Mask":420,"Cursed Key":704,"ClockworkSouvenir":186,"Frozen Eye":314,"Nunchaku":638,"Shovel":585,"Matryoshka":750,"Mummified Hand":449,"Pantograph":182,"Tiny Chest":277,"InkBottle":644,"Potion Belt":568,"Golden Idol":507,"Damaru":141,"Seething Fire":0,"Odd Mushroom":420,"Orichalcum":480,"White Beast Statue":398,"Anchor":524,"CaptainsWheel":627,"Busted Crown":431,"HolyWater":323,"Turnip":557,"Art of War":218,"Bag of Marbles":611,"Membership Card":294,"PureWater":0,"FossilizedHelix":602,"TungstenRod":627}],"InkBottle":[77]},"card_choices":[{"not_picked":["ClearTheMind","Vengeance"],"picked":"Evaluate","floor":1},{"not_picked":["WindmillStrike","Protect"],"picked":"Consecrate","floor":3},{"not_picked":["ClearTheMind","WindmillStrike"],"picked":"Evaluate","floor":4},{"not_picked":["Tantrum","FlyingSleeves","Devotion"],"picked":"SKIP","floor":5},{"not_picked":["JustLucky","CutThroughFate"],"picked":"PathToVictory","floor":6},{"not_picked":["SashWhip","Judgement"],"picked":"ThirdEye","floor":7},{"not_picked":["CarveReality","TalkToTheHand","JustLucky","FlyingSleeves"],"picked":"SKIP","floor":14},{"not_picked":["SpiritShield","ConjureBlade","Omniscience"],"picked":"DeusExMachina","floor":16},{"not_picked":["SashWhip+1","JustLucky+1","Swivel","MentalFortress"],"picked":"SKIP","floor":18},{"not_picked":["Weave","Consecrate","EmptyFist+1","CrushJoints"],"picked":"SKIP","floor":19},{"not_picked":["Weave","Consecrate","EmptyFist+1","CrushJoints"],"picked":"SKIP","floor":19},{"not_picked":["LikeWater","CrushJoints+1","SashWhip","Establishment"],"picked":"SKIP","floor":23},{"not_picked":["SashWhip","FollowUp","CrushJoints"],"picked":"PathToVictory","floor":27},{"not_picked":["EmptyFist","CrushJoints+1","CarveReality","BowlingBash+1"],"picked":"SKIP","floor":29},{"not_picked":["LikeWater+1","Consecrate","EmptyFist"],"picked":"Study+1","floor":35},{"not_picked":["Conclude","FlurryOfBlows+1","Collect"],"picked":"ThirdEye+1","floor":36},{"not_picked":["ForeignInfluence","DeceiveReality+1","Consecrate+1","BowlingBash+1"],"picked":"SKIP","floor":38},{"not_picked":["Vengeance+1","Meditate","FlurryOfBlows+1","Pray+1"],"picked":"SKIP","floor":39},{"not_picked":["CutThroughFate","Consecrate+1","FearNoEvil"],"picked":"Perseverance","floor":47},{"not_picked":["SashWhip+1","Prostrate+1","Adaptation","Consecrate"],"picked":"SKIP","floor":48},{"not_picked":["BattleHymn+1","Perseverance","Swivel","Crescendo+1"],"picked":"SKIP","floor":54}],"player_experience":757444,"relics_obtained":[{"floor":7,"key":"Shuriken"},{"floor":9,"key":"Question Card"},{"floor":9,"key":"Nunchaku"},{"floor":23,"key":"Mummified Hand"},{"floor":26,"key":"Ancient Tea Set"},{"floor":26,"key":"InkBottle"},{"floor":28,"key":"Darkstone Periapt"},{"floor":43,"key":"Bottled Flame"},{"floor":48,"key":"Bottled Tornado"},{"floor":54,"key":"War Paint"}],"event_choices":[{"damage_healed":0,"gold_gain":0,"player_choice":"Forge","damage_taken":0,"max_hp_gain":0,"max_hp_loss":0,"event_name":"Accursed Blacksmith","floor":2,"gold_loss":0,"cards_upgraded":["Evaluate"]},{"damage_healed":0,"gold_gain":175,"player_choice":"AGREE","damage_taken":0,"max_hp_gain":0,"max_hp_loss":0,"event_name":"Liars Game","floor":8,"gold_loss":0,"cards_obtained":["Doubt"]},{"cards_removed":["Strike_P"],"damage_healed":0,"gold_gain":0,"player_choice":"Card Removal","damage_taken":7,"max_hp_gain":0,"max_hp_loss":0,"event_name":"Golden Wing","floor":12,"gold_loss":0},{"cards_removed":["Eruption"],"damage_healed":0,"gold_gain":0,"player_choice":"Gave Gold","damage_taken":0,"max_hp_gain":0,"max_hp_loss":0,"event_name":"Beggar","floor":20,"gold_loss":75},{"damage_healed":0,"gold_gain":0,"player_choice":"Read","damage_taken":0,"max_hp_gain":0,"max_hp_loss":0,"event_name":"The Library","floor":22,"gold_loss":0,"cards_obtained":["PathToVictory"]},{"damage_healed":0,"gold_gain":0,"player_choice":"Obtained Relic","damage_taken":0,"relics_obtained":["Pear"],"max_hp_gain":0,"max_hp_loss":0,"event_name":"Addict","floor":25,"gold_loss":85},{"damage_healed":0,"gold_gain":90,"player_choice":"POTION GOLD ","damage_taken":18,"max_hp_gain":0,"max_hp_loss":0,"event_name":"Knowing Skull","floor":31,"potions_obtained":["SkillPotion"],"gold_loss":0,"cards_obtained":[]},{"damage_healed":0,"gold_gain":0,"player_choice":"Ignored","damage_taken":0,"max_hp_gain":0,"max_hp_loss":0,"event_name":"NoteForYourself","floor":41,"gold_loss":0}],"is_beta":false,"boss_relics":[{"not_picked":["Philosopher\u0027s Stone","Tiny House"],"picked":"SacredBark"},{"not_picked":["Runic Pyramid","Snecko Eye","Pandora\u0027s Box"]}],"items_purged_floors":[0,0,11,37],"is_endless":false,"potions_floor_spawned":[3,4,6,16,23,29,33,38,39,47,48],"killed_by":"The Heart","ascension_level":0}}