{"host":"ko40t1o51xotjt2v","time":1611243907,"event":{"mods":["2.2 Compatiblity","AchievementEnabler","Aspiration","BaseMod","Better Match","Better Third Choice","Better Vampires","Conspire","Downfall","Energized Spire","GifTheSpireLib","Halation","Hubris","Jedi Mod","Minty Spire (QoL Compilation)","MostiFishMod","Spicy Shops","Spikes Relics","StSLib","Stuff the Spire","TestMod","vexMod","??????REMEMod"],"gold_per_floor":[0,12,12,32,32,4,4,24,50,65,50,80,91,122,140,239,239,239,239,40,58,77,15,15,73,98,110,129,155,155,51,66,169,169,169,20,40,40,60,80,80,80,110,128,153,169,169,169,181,181],"floor_reached":51,"language":"SPA","playtime":4345,"items_purged":["Madness"],"score":894,"play_id":"accee824-f7fb-4db1-95d9-dc34b81336ca","local_time":"20210121164507","is_ascension_mode":false,"campfire_choices":[{"floor":1.0,"key":"DIG"},{"floor":18,"key":"DIG"},{"floor":30,"key":"DIG"},{"data":"Slimebound:SamplingLick","floor":35,"key":"SMITH"},{"floor":47,"key":"DIG"}],"circlet_count":0,"master_deck":["Slimebound:Strike_Slimebound+1","Slimebound:Strike_Slimebound+1","Slimebound:Strike_Slimebound","Slimebound:Tackle","Slimebound:Defend_Slimebound","Slimebound:Defend_Slimebound","Slimebound:Defend_Slimebound","Slimebound:Defend_Slimebound","Slimebound:Split","Slimebound:CorrosiveSpit","Slimebound:ItLooksTasty","Slimebound:Repurpose","Slimebound:SamplingLick","Slimebound:SlimeSlap","Slimebound:Dissolve","Slimebound:SpikyOuterGoop","Slimebound:Equalize","Slimebound:MegaLick","Slimebound:ViciousTackle","Slimebound:HauntingLick","Slimebound:Schlurp","Slimebound:AcidTongue","Slimebound:GrowthPunch","Slimebound:TongueLash","Slimebound:RainOfGoop","Slimebound:SamplingLick+1","Slimebound:GrowthPunch","Slimebound:Schlurp","Slimebound:LeechEnergy","Slimebound:PressTheAttack","Slimebound:SplitMire+1","Slimebound:SplitMire","Slimebound:Darklings","Slimebound:RejuvenatingLick+1","Pain","Parasite"],"relics":["Slimebound:AbsorbEndCombatUpgraded","DaveBox","testmod-TestBox","REME_ComplimentaryCards","testmod-Fortitude","ArrowTower","Shovel","Whetstone","DianDianMeat","TungstenRod","Bag of Preparation","PreservedInsect","testmod-HarvestTotem","halation:TwoAmDonut","jedi:heavyjacket","StuffTheSpire:Gunfinga","testmod-AssaultLearning","vexMod:ScavengeHelm","hubris:Teleporter","Pen Nib","REME_HandOfSuture","vexMod:FocusSash","WarpedTongs","testmod-TurbochargingSystem","Bottled Lightning","hubris:CuriousFeather"],"acts_visited":["Exordium","TheCity","TheBeyond"],"potions_floor_usage":[9,11,11,14,16,16,23,33,33,33,33,33,33,40,50,50],"damage_taken":[{"damage":6.0,"enemies":"Cultist","floor":2.0,"turns":3.0},{"damage":0.0,"enemies":"Small Slimes","floor":4.0,"turns":3.0},{"damage":16.0,"enemies":"downfall:FleeingMerchant","floor":6.0,"turns":4.0},{"damage":2.0,"enemies":"Jaw Worm","floor":8.0,"turns":2.0},{"damage":29,"enemies":"Gremlin Nob","floor":9,"turns":4},{"damage":2,"enemies":"3 Louse","floor":10,"turns":3},{"damage":6,"enemies":"downfall:FleeingMerchant","floor":11,"turns":4},{"damage":17,"enemies":"Lagavulin","floor":12,"turns":5},{"damage":6,"enemies":"Red Slaver","floor":13,"turns":2},{"damage":12,"enemies":"Gremlin Nob","floor":14,"turns":3},{"damage":1,"enemies":"Large Slime","floor":15,"turns":4},{"damage":25,"enemies":"IC_STATUS_ARCHETYPE","floor":16,"turns":6},{"damage":2,"enemies":"downfall:FleeingMerchant","floor":20,"turns":4},{"damage":6,"enemies":"Shell Parasite","floor":21,"turns":3},{"damage":0,"enemies":"conspire:FuzzyDice","floor":22,"turns":5},{"damage":5,"enemies":"downfall:FleeingMerchant","floor":23,"turns":4},{"damage":12,"enemies":"downfall:FleeingMerchant","floor":25,"turns":3},{"damage":5,"enemies":"Slavers","floor":26,"turns":4},{"damage":4,"enemies":"Snake Plant","floor":27,"turns":2},{"damage":0,"enemies":"Cultist and Chosen","floor":28,"turns":4},{"damage":44,"enemies":"REME_1_Revenger","floor":29,"turns":4},{"damage":0,"enemies":"Centurion and Healer","floor":32,"turns":3},{"damage":13,"enemies":"SI_MIRROR_ARCHETYPE","floor":33,"turns":11},{"damage":9,"enemies":"3 Shapes","floor":37,"turns":4},{"damage":0,"enemies":"Orb Walker","floor":39,"turns":2},{"damage":3,"enemies":"4 Shapes","floor":40,"turns":3},{"damage":24,"enemies":"Nemesis","floor":43,"turns":3},{"damage":0,"enemies":"Sphere and 2 Shapes","floor":44,"turns":3},{"damage":4,"enemies":"Giant Head","floor":45,"turns":6},{"damage":0,"enemies":"Transient","floor":46,"turns":5},{"damage":1,"enemies":"Writhing Mass","floor":49,"turns":4},{"damage":45,"enemies":"WA_ARCHETYPE_DIVINITY","floor":50,"turns":9}],"seed_played":"2399284561109677449","potions_obtained":[{"floor":4.0,"key":"testmod-SpacePotion"},{"floor":8.0,"key":"Weak Potion"},{"floor":9,"key":"Slimebound:SlimedPotion"},{"floor":10,"key":"FearPotion"},{"floor":12,"key":"Weak Potion"},{"floor":13,"key":"Dexterity Potion"},{"floor":14,"key":"Explosive Potion"},{"floor":16,"key":"EssenceOfSteel"},{"floor":26,"key":"Strength Potion"},{"floor":27,"key":"LiquidBronze"},{"floor":28,"key":"EntropicBrew"},{"floor":37,"key":"AttackPotion"},{"floor":46,"key":"Strength Potion"},{"floor":49,"key":"hexamod:SoulburnPotion"}],"is_trial":false,"path_per_floor":["R","M","?","M","?","$","T","M","E","M","$","E","M","E","M","B",null,"R","?","$","M","M","$","T","$","E","M","M","E","R","$","M","B",null,"R","$","M","?","M","M","T","?","E","M","E","M","R","?","M","B",null],"character_chosen":"SLIMEBOUND","items_purchased":["Slimebound:OneTwoCombo","Slimebound:HauntingLick","Slimebound:Schlurp","Slimebound:AcidTongue","Slimebound:SamplingLick","Slimebound:Schlurp","testmod-AssaultLearning","Slimebound:SplitMire","REME_HandOfSuture"],"campfire_rested":0,"item_purchase_floors":[6,20,20,20,23,25,25,31,36],"current_hp_per_floor":[65,59,59,61,61,49,49,51,27,25,25,17,17,22,33,16,172,172,172,220,240,262,312,312,370,402,436,436,472,472,510,510,497,510,510,510,510,550,550,592,592,636,618,636,636,636,636,636,682,657],"gold":181,"neow_bonus":"ONE_RARE_RELIC","is_daily":false,"chose_seed":false,"campfire_upgraded":1,"win_rate":0.0,"timestamp":1611243907,"path_taken":["R","M","?","M","?","$","T","?","E","M","$","E","M","E","M","BOSS","R","?","$","?","?","?","T","$","E","M","?","E","R","?","M","BOSS","R","$","M","?","M","M","T","?","E","?","E","M","R","?","M","BOSS"],"items_purchased_type":["Card","Card","Card","Card","Card","Card","Relic","Card","Relic"],"build_version":"2020-12-22","purchased_purges":1,"victory":true,"max_hp_per_floor":[65,65,65,65,65,65,65,65,66,66,68,71,75,80,86,86,172,172,172,220,240,262,312,312,370,402,436,436,472,472,510,510,510,510,510,510,510,550,550,592,592,636,636,636,636,636,636,636,682,682],"card_choices":[{"not_picked":["Slimebound:LevelUp","Slimebound:SplitBruiser"],"picked":"Slimebound:ItLooksTasty","floor":2.0},{"not_picked":["Slimebound:RollThrough","Slimebound:Chomp"],"picked":"Slimebound:Repurpose","floor":4.0},{"not_picked":["Slimebound:ComboTackle","Slimebound:Prepare"],"picked":"Slimebound:SamplingLick","floor":6.0},{"not_picked":["Slimebound:SlimeBrawl","Slimebound:ProtectTheBoss","Slimebound:SplitBruiser"],"picked":"SKIP","floor":8.0},{"not_picked":["Slimebound:ProtectTheBoss","Slimebound:Gluttony"],"picked":"Slimebound:SlimeSlap","floor":9},{"not_picked":["Slimebound:FlameTackle","Slimebound:SplitAcid","Slimebound:SplitBruiser"],"picked":"SKIP","floor":10},{"not_picked":["Slimebound:Replication","Slimebound:DisruptingSlam"],"picked":"Slimebound:Dissolve","floor":11},{"not_picked":["Slimebound:FirmFortitude","Slimebound:GrowthPunch"],"picked":"Slimebound:SpikyOuterGoop","floor":12},{"not_picked":["Slimebound:RollThrough","Slimebound:PressTheAttack"],"picked":"Slimebound:Equalize","floor":13},{"not_picked":["Slimebound:LeechEnergy","Slimebound:DivideAndConquer"],"picked":"Slimebound:MegaLick","floor":14},{"not_picked":["Slimebound:DisruptingSlam","Slimebound:FinishingTackle"],"picked":"Slimebound:ViciousTackle","floor":15},{"not_picked":["Slimebound:SlimeSpikes","Slimebound:LeechingTouch","Slimebound:DisruptingSlam"],"picked":"SKIP","floor":20},{"not_picked":["Slimebound:Schlurp","Slimebound:ItLooksTasty"],"picked":"Slimebound:GrowthPunch","floor":21},{"not_picked":["Slimebound:MassFeed","Slimebound:SpikyOuterGoop"],"picked":"Slimebound:TongueLash","floor":22},{"not_picked":["Slimebound:LeadByExample","Slimebound:ForwardTackle"],"picked":"Slimebound:RainOfGoop","floor":23},{"not_picked":["Slimebound:Replication+1","Slimebound:DivideAndConquer"],"picked":"Slimebound:GrowthPunch","floor":25},{"not_picked":["Slimebound:GrowthPunch","Slimebound:LeechLife"],"picked":"Slimebound:LeechEnergy","floor":26},{"not_picked":["Slimebound:Chomp","Slimebound:SlimeBrawl+1"],"picked":"Slimebound:PressTheAttack","floor":27},{"not_picked":["Slimebound:DisruptingSlam","Slimebound:ServeAndProtect","Slimebound:SplitLeeching"],"picked":"SKIP","floor":28},{"not_picked":["Slimebound:Repurpose","Slimebound:Teamwork"],"picked":"Slimebound:SplitMire+1","floor":29},{"not_picked":["Slimebound:GrowthPunch","Slimebound:Prepare","Slimebound:SplitMire"],"picked":"SKIP","floor":32},{"not_picked":["Slimebound:ItLooksTasty+1","Slimebound:SplitAcid+1","Slimebound:Schlurp"],"picked":"SKIP","floor":37},{"not_picked":["Slimebound:SplitBruiser+1","Slimebound:SplitAcid","Slimebound:AcidTongue"],"picked":"SKIP","floor":39},{"not_picked":["Slimebound:GrowthPunch","Slimebound:PressTheAttack+1"],"picked":"Slimebound:RejuvenatingLick+1","floor":40},{"not_picked":["Slimebound:ViciousTackle","Slimebound:BestDefense+1","Slimebound:LeechingTouch+1"],"picked":"SKIP","floor":43},{"not_picked":["Slimebound:CheckThePlaybook","Slimebound:PressTheAttack","Slimebound:ForwardTackle+1"],"picked":"SKIP","floor":44},{"not_picked":["Slimebound:ItLooksTasty+1","Slimebound:ComboTackle+1","Slimebound:Teamwork"],"picked":"SKIP","floor":45},{"not_picked":["Slimebound:FlameTackle+1","Slimebound:SlimeSpikes","Slimebound:Chomp+1"],"picked":"SKIP","floor":46},{"not_picked":["Slimebound:Replication","Slimebound:BestDefense","Slimebound:FinishingTackle"],"picked":"SKIP","floor":49}],"player_experience":429932,"relics_obtained":[{"floor":1.0,"key":"Whetstone"},{"floor":7.0,"key":"DianDianMeat"},{"floor":9,"key":"TungstenRod"},{"floor":12,"key":"Bag of Preparation"},{"floor":14,"key":"PreservedInsect"},{"floor":18,"key":"halation:TwoAmDonut"},{"floor":24,"key":"StuffTheSpire:Gunfinga"},{"floor":26,"key":"vexMod:ScavengeHelm"},{"floor":29,"key":"hubris:Teleporter"},{"floor":30,"key":"Pen Nib"},{"floor":41,"key":"vexMod:FocusSash"},{"floor":43,"key":"testmod-TurbochargingSystem"},{"floor":45,"key":"Bottled Lightning"},{"floor":47,"key":"hubris:CuriousFeather"}],"event_choices":[{"damage_healed":0,"gold_gain":0,"player_choice":"Rummage","damage_taken":0,"relics_obtained":["WarpedTongs"],"max_hp_gain":0,"max_hp_loss":0,"event_name":"Accursed Blacksmith","floor":42,"gold_loss":0,"cards_obtained":["Pain"]}],"is_beta":false,"boss_relics":[{"not_picked":["halation:MonkeysPaw","halation:Risk"],"picked":"testmod-HarvestTotem"},{"not_picked":["aspiration:RunicSpoon","halation:SmartPhone"],"picked":"Slimebound:AbsorbEndCombatUpgraded"}],"items_purged_floors":[25],"is_endless":false,"potions_floor_spawned":[4,8,9,10,12,13,14,16,26,27,28,29,32,37,46,49],"ascension_level":0}}