{"host":"bf9sa99gaumonoeu","time":1611265771,"event":{"mods":["AchievementEnabler","Act Like it!","Aspiration","BaseMod","Bestiary","Better Note","Block Reminder","Colored Map","Colored Powertips","Fox Events","Friendly Minions","Gensokyo","GifTheSpireLib","Googly Eyes","Hallownest","Hermit","Highlight Path","Jorbs\u0027s Wanderer Trilogy","KinomotoSakuraMod(????)","Koishi","Marisa????????","Minty Spire (QoL Compilation)","Rare Cards Sparkle","Relic Stats","Spire Arcade","StS++","StSLib","The Administrix","The Animator","The Bug Knight","The Construct","The Cursed","The Hierophant","The Mystic","The Necromancer","The Poker Player","The Runesmith","The Senshi","The Servant 0.9.4","ojb\u0027s Info Mod"],"gold_per_floor":[109,121,137,153,153,153,165,165,165,197,208,8,8,8],"floor_reached":13,"language":"ENG","playtime":1128,"items_purged":["Strike_G"],"score":199,"play_id":"ab31ed39-f44b-4eb8-a64f-9548e70ed7ce","local_time":"20210121194931","is_ascension_mode":true,"campfire_choices":[{"data":"Wraith Form v2","floor":6,"key":"SMITH"},{"data":"Tools of the Trade","floor":8,"key":"SMITH"}],"circlet_count":0,"master_deck":["AscendersBane","Strike_G","Strike_G","Strike_G","Strike_G","Defend_G","Defend_G","Defend_G","Defend_G","Defend_G","Survivor","Neutralize","Glass Knife","Night Terror","Tools of the Trade+1","Malaise","After Image","Bullet Time","Corpse Explosion","StSpp:Landslide","Unload","Doppelganger","Phantasmal Killer","A Thousand Cuts","Burst","aspiration:Lunge","StSpp:AbandonFlesh","StSpp:SwitchWeapon","Venomology","Storm of Steel","Wraith Form v2+1","Adrenaline","Envenom","Die Die Die","Crippling Poison","Noxious Fumes","Backstab","Cloak And Dagger","Backflip","StSpp:ChainedTrap","Acrobatics","Cloak And Dagger","Well Laid Plans"],"relics":["StSpp:CrystalBall","Kunai","Ornamental Fan"],"acts_visited":["Exordium"],"potions_floor_usage":[3,7,7,13,13],"damage_taken":[{"damage":0,"enemies":"2 Louse","floor":1,"turns":2},{"damage":0,"enemies":"Cultist","floor":2,"turns":4},{"damage":1,"enemies":"Jaw Worm","floor":3,"turns":3},{"damage":2,"enemies":"Exordium Wildlife","floor":4,"turns":4},{"damage":1,"enemies":"Large Slime","floor":7,"turns":6},{"damage":11,"enemies":"3 Sentries","floor":10,"turns":4},{"damage":8,"enemies":"Looter","floor":11,"turns":3}],"seed_played":"-6018356705594634534","potions_obtained":[{"floor":1,"key":"FearPotion"},{"floor":10,"key":"Regen Potion"}],"is_trial":false,"path_per_floor":["M","M","M","M","?","R","M","R","T","E","M","$","E"],"character_chosen":"THE_SILENT","items_purchased":["Cloak And Dagger","Well Laid Plans"],"campfire_rested":0,"item_purchase_floors":[12,12],"current_hp_per_floor":[59,59,58,56,56,56,55,55,55,44,36,36,0,0],"gold":8,"neow_bonus":"BOSS_RELIC","is_daily":false,"chose_seed":false,"campfire_upgraded":2,"win_rate":0.0,"timestamp":1611265771,"path_taken":["M","M","M","M","?","R","M","R","T","E","?","?","E"],"items_purchased_type":["Card","Card"],"build_version":"2020-12-22","purchased_purges":1,"victory":false,"max_hp_per_floor":[66,66,66,66,66,66,66,66,66,66,66,66,66,66],"relic_stats":{"counters":[8,30],"Ornamental Fan":[8],"Kunai":[3],"obtain_stats":[{"Ornamental Fan":10,"Kunai":9,"Ring of the Snake":0,"StSpp:CrystalBall":0},{"Ornamental Fan":6,"Kunai":5,"Ring of the Snake":0,"StSpp:CrystalBall":0},{"Ornamental Fan":23,"Kunai":19,"Ring of the Snake":0,"StSpp:CrystalBall":0}]},"card_choices":[{"not_picked":["Footwork","Deflect"],"picked":"Crippling Poison","floor":1},{"not_picked":["Dagger Spray","Riddle With Holes"],"picked":"Noxious Fumes","floor":2},{"not_picked":["Blade Dance","StSpp:Dive"],"picked":"Backstab","floor":3},{"not_picked":["Malaise","Poisoned Stab"],"picked":"Cloak And Dagger","floor":4},{"not_picked":["Bane","Slice"],"picked":"Backflip","floor":7},{"not_picked":["StSpp:PoisonousPunch","Setup"],"picked":"StSpp:ChainedTrap","floor":10},{"not_picked":["Quick Slash","Sucker Punch"],"picked":"Acrobatics","floor":11}],"player_experience":1078618,"relics_obtained":[{"floor":9,"key":"Kunai"},{"floor":10,"key":"Ornamental Fan"}],"event_choices":[{"cards_removed":["Grand Finale"],"damage_healed":0,"gold_gain":0,"player_choice":"Card Removal","damage_taken":0,"max_hp_gain":0,"max_hp_loss":0,"event_name":"Wheel of Change","floor":5,"gold_loss":0}],"is_beta":false,"boss_relics":[],"items_purged_floors":[12],"is_endless":false,"potions_floor_spawned":[1,4,10,11],"killed_by":"Gremlin Nob","ascension_level":20}}