{"host":"0ueeacaatm8t6jyh","time":1611216373,"event":{"mods":["AchievementEnabler","BaseMod","Colored Powertips","Minty Spire (QoL Compilation)","Quick Restart","Rare Cards Sparkle","StSLib"],"gold_per_floor":[111,124,135,60,60,60,93,93,93,93,110,110,60,79,79,183,183,194,154,79,98,118,118,134,134,134],"floor_reached":25,"language":"ZHS","playtime":898,"items_purged":["Strike_B"],"score":294,"play_id":"cd807a93-e39b-426c-a549-4fcfa58193ec","local_time":"20210121160613","is_ascension_mode":true,"campfire_choices":[{"floor":6.0,"key":"REST"},{"data":"Dualcast","floor":8.0,"key":"SMITH"},{"data":"Chaos","floor":10.0,"key":"SMITH"},{"floor":15.0,"key":"REST"},{"data":"Defragment","floor":23.0,"key":"SMITH"}],"circlet_count":0,"master_deck":["Strike_B","Strike_B","Defend_B","Defend_B","Zap","Dualcast+1","Echo Form","Chaos+1","Melter","Conserve Battery","Loop","Cold Snap","Creative AI","Fusion+1","Defragment+1","Heatsinks"],"relics":["Cracked Core","Sundial","Thread and Needle","Happy Flower","Pear","Empty Cage"],"acts_visited":["TheCity"],"potions_floor_usage":[24,24,24],"damage_taken":[{"damage":1.0,"enemies":"Cultist","floor":1.0,"turns":4.0},{"damage":11.0,"enemies":"Jaw Worm","floor":2.0,"turns":4.0},{"damage":10.0,"enemies":"Small Slimes","floor":3.0,"turns":3.0},{"damage":10.0,"enemies":"Lagavulin","floor":7.0,"turns":7.0},{"damage":0.0,"enemies":"3 Louse","floor":11.0,"turns":2.0},{"damage":19.0,"enemies":"Exordium Thugs","floor":14.0,"turns":3.0},{"damage":22.0,"enemies":"Slime Boss","floor":16.0,"turns":10.0},{"damage":9.0,"enemies":"Shell Parasite","floor":18.0,"turns":5.0},{"damage":0.0,"enemies":"Spheric Guardian","floor":21.0,"turns":2.0},{"damage":27.0,"enemies":"Chosen and Byrds","floor":22.0,"turns":7.0},{"damage":25,"enemies":"3 Cultists","floor":24,"turns":7},{"damage":12,"enemies":"Book of Stabbing","floor":25,"turns":2}],"seed_played":"-1086148495043756297","potions_obtained":[{"floor":1.0,"key":"Fire Potion"},{"floor":11.0,"key":"SteroidPotion"},{"floor":19.0,"key":"LiquidMemories"},{"floor":19.0,"key":"CultistPotion"},{"floor":19.0,"key":"FearPotion"},{"floor":22.0,"key":"GamblersBrew"}],"is_trial":false,"path_per_floor":["M","M","M","$","?","R","E","R","T","R","M","T","?","M","R","B",null,"M","?","$","M","M","R","M","E"],"character_chosen":"DEFECT","items_purchased":["Defragment"],"campfire_rested":2,"item_purchase_floors":[20],"current_hp_per_floor":[67,56,46,46,21,43,33,33,33,33,33,43,43,24,49,27,71,62,62,62,62,35,35,10,0,0],"gold":134,"neow_bonus":"ONE_RANDOM_RARE_CARD","is_daily":false,"chose_seed":false,"campfire_upgraded":3,"win_rate":0.0,"timestamp":1611216373,"path_taken":["M","M","?","$","?","R","E","R","T","R","M","?","?","M","R","BOSS","M","?","?","M","M","R","M","E"],"items_purchased_type":["Card"],"build_version":"2020-12-22","purchased_purges":1,"victory":false,"max_hp_per_floor":[75,75,75,75,75,75,75,75,75,75,75,85,85,85,85,85,85,85,85,85,85,85,85,85,85,85],"card_choices":[{"not_picked":["Cold Snap","Reprogram"],"picked":"Chaos","floor":1.0},{"not_picked":["Sweeping Beam","Hologram"],"picked":"Melter","floor":2.0},{"not_picked":["Gash","Auto Shields"],"picked":"Conserve Battery","floor":3.0},{"not_picked":["Hello World","Steam","Aggregate"],"picked":"SKIP","floor":7.0},{"not_picked":["Beam Cell","Leap"],"picked":"Loop","floor":11.0},{"not_picked":["Beam Cell","Steam"],"picked":"Cold Snap","floor":14.0},{"not_picked":["Buffer","Machine Learning"],"picked":"Creative AI","floor":16.0},{"not_picked":["Leap","Turbo"],"picked":"Fusion+1","floor":18.0},{"not_picked":["Cold Snap+1","Compile Driver"],"picked":"Heatsinks","floor":21.0},{"not_picked":["Auto Shields","Aggregate+1","Gash+1"],"picked":"SKIP","floor":22.0},{"not_picked":["Chaos","Compile Driver","Rebound"],"picked":"SKIP","floor":24}],"player_experience":435019,"relics_obtained":[{"floor":7.0,"key":"Thread and Needle"},{"floor":9.0,"key":"Happy Flower"},{"floor":12.0,"key":"Pear"}],"event_choices":[{"damage_healed":0.0,"max_hp_gain":0.0,"max_hp_loss":0.0,"gold_gain":0.0,"event_name":"Scrap Ooze","player_choice":"Success","floor":5.0,"gold_loss":0.0,"damage_taken":25.0,"relics_obtained":["Sundial"]},{"cards_removed":["Defend_B"],"damage_healed":0.0,"max_hp_gain":0.0,"max_hp_loss":0.0,"gold_gain":0.0,"event_name":"The Cleric","player_choice":"Card Removal","floor":13.0,"gold_loss":50.0,"damage_taken":0.0},{"damage_healed":0.0,"max_hp_gain":0.0,"max_hp_loss":0.0,"gold_gain":0.0,"event_name":"The Woman in Blue","player_choice":"Bought 3 Potions","floor":19.0,"gold_loss":0.0,"damage_taken":0.0}],"is_beta":false,"boss_relics":[{"not_picked":["Philosopher\u0027s Stone","Runic Dome"],"picked":"Empty Cage"}],"items_purged_floors":[4],"is_endless":false,"potions_floor_spawned":[1,11,22],"killed_by":"Book of Stabbing","ascension_level":9}}