{"host":"ELF","time":1611228242,"event":{"mods":["BaseMod","Bestiary","Minty Spire (QoL Compilation)","Relic Stats","Slay the Relics Exporter"],"gold_per_floor":[112,59,75,150,176,209,91,110,110,110,137,151,90,102,102,181,181,195,195,207,226,226,226,237,237,287,313,313,313],"floor_reached":28,"language":"ENG","playtime":1855,"items_purged":["Strike_G"],"score":621,"play_id":"bd785533-078f-4e5b-b794-44a2185459af","local_time":"20210121052402","is_ascension_mode":true,"campfire_choices":[{"data":"Catalyst","floor":10,"key":"SMITH"},{"floor":15,"key":"REST"},{"data":"Calculated Gamble","floor":23,"key":"SMITH"},{"data":"Malaise","floor":25,"key":"SMITH"}],"circlet_count":0,"master_deck":["AscendersBane","Defend_G","Defend_G","Defend_G","Defend_G","Defend_G","Survivor","Neutralize","Infinite Blades","Cloak And Dagger","Sucker Punch","Poisoned Stab","Catalyst+1","Bouncing Flask","Deadly Poison","Deadly Poison","Corpse Explosion","Calculated Gamble+1","Footwork","Bite","Bite","Bite","Bite","Bite","Malaise+1","Burst"],"relics":["Ring of the Snake","NeowsBlessing","Omamori","Toy Ornithopter","Pear","The Specimen","Kunai","Coffee Dripper","The Courier"],"acts_visited":["Exordium","TheCity"],"potions_floor_usage":[11,18,27,28],"damage_taken":[{"damage":0,"enemies":"Cultist","floor":1,"turns":1},{"damage":0,"enemies":"2 Louse","floor":3,"turns":1},{"damage":0,"enemies":"Lagavulin","floor":6,"turns":2},{"damage":6,"enemies":"Jaw Worm","floor":8,"turns":4},{"damage":29,"enemies":"3 Sentries","floor":11,"turns":11},{"damage":12,"enemies":"Exordium Wildlife","floor":12,"turns":4},{"damage":5,"enemies":"Looter","floor":14,"turns":3},{"damage":18,"enemies":"The Guardian","floor":16,"turns":6},{"damage":24,"enemies":"2 Thieves","floor":18,"turns":3},{"damage":0,"enemies":"Chosen","floor":20,"turns":2},{"damage":15,"enemies":"Snecko","floor":21,"turns":4},{"damage":0,"enemies":"Cultist and Chosen","floor":24,"turns":3},{"damage":34,"enemies":"Slavers","floor":27,"turns":3},{"damage":20,"enemies":"Masked Bandits","floor":28,"turns":2}],"seed_played":"-2674047206629512383","potions_obtained":[{"floor":1,"key":"Dexterity Potion"},{"floor":11,"key":"AttackPotion"},{"floor":12,"key":"SteroidPotion"},{"floor":18,"key":"SkillPotion"},{"floor":21,"key":"Weak Potion"}],"is_trial":false,"path_per_floor":["M","$","M","?","T","E","$","M","T","R","E","M","?","M","R","B",null,"M","?","M","M","?","R","M","R","T","E","?"],"character_chosen":"THE_SILENT","items_purchased":["Cloak And Dagger","Catalyst"],"campfire_rested":1,"item_purchase_floors":[2,7],"current_hp_per_floor":[59,59,59,48,48,48,48,42,52,52,28,16,16,11,33,15,61,42,42,42,27,27,27,31,31,31,2,0,0],"gold":313,"neow_bonus":"THREE_ENEMY_KILL","is_daily":false,"chose_seed":false,"campfire_upgraded":3,"win_rate":0.0,"timestamp":1611228242,"path_taken":["M","$","?","?","?","E","?","M","T","R","E","M","?","M","R","BOSS","M","?","M","?","?","R","M","R","T","E","?"],"items_purchased_type":["Card","Card"],"build_version":"2020-12-18","purchased_purges":1,"victory":false,"max_hp_per_floor":[66,66,66,66,66,66,66,66,76,76,76,76,76,76,76,76,76,76,76,76,76,53,53,53,53,53,53,53,53],"relic_stats":{"counters":[14,49],"Kunai":[6],"obtain_stats":[{"Pear":9,"NeowsBlessing":0,"The Specimen":11,"The Courier":27,"Omamori":5,"Coffee Dripper":17,"Kunai":13,"Toy Ornithopter":6,"Ring of the Snake":0},{"Pear":4,"NeowsBlessing":0,"The Specimen":5,"The Courier":13,"Omamori":2,"Coffee Dripper":8,"Kunai":6,"Toy Ornithopter":3,"Ring of the Snake":0},{"Pear":8,"NeowsBlessing":0,"The Specimen":19,"The Courier":47,"Omamori":2,"Coffee Dripper":32,"Kunai":23,"Toy Ornithopter":4,"Ring of the Snake":0}],"Toy Ornithopter":20,"Ring of the Snake":[28]},"card_choices":[{"not_picked":["Accuracy","Flying Knee"],"picked":"Infinite Blades","floor":1},{"not_picked":["Tactician","Escape Plan"],"picked":"Sucker Punch","floor":3},{"not_picked":["PiercingWail","Deflect"],"picked":"Poisoned Stab","floor":6},{"not_picked":["Quick Slash","Flechettes"],"picked":"Bouncing Flask","floor":8},{"not_picked":["A Thousand Cuts","Escape Plan"],"picked":"Deadly Poison","floor":11},{"not_picked":["Endless Agony","Poisoned Stab","All Out Attack"],"picked":"SKIP","floor":12},{"not_picked":["Flechettes","Sucker Punch"],"picked":"Deadly Poison","floor":14},{"not_picked":["Die Die Die","Malaise"],"picked":"Corpse Explosion","floor":16},{"not_picked":["Underhanded Strike","Sucker Punch"],"picked":"Calculated Gamble","floor":18},{"not_picked":["Backstab","Backflip","Quick Slash"],"picked":"SKIP","floor":20},{"not_picked":["Endless Agony","Cloak And Dagger+1"],"picked":"Footwork","floor":21},{"not_picked":["Choke+1","Backflip"],"picked":"Malaise","floor":24},{"not_picked":["Deflect","Dagger Spray"],"picked":"Burst","floor":27}],"player_experience":3243656,"relics_obtained":[{"floor":5,"key":"Omamori"},{"floor":6,"key":"Toy Ornithopter"},{"floor":9,"key":"Pear"},{"floor":11,"key":"The Specimen"},{"floor":27,"key":"The Courier"}],"event_choices":[{"damage_healed":0,"gold_gain":75,"player_choice":"Gather Gold","damage_taken":11,"max_hp_gain":0,"max_hp_loss":0,"event_name":"World of Goop","floor":4,"gold_loss":0},{"damage_healed":0,"gold_gain":0,"player_choice":"Paid Gold","damage_taken":0,"relics_obtained":["Kunai"],"max_hp_gain":0,"max_hp_loss":0,"event_name":"WeMeetAgain","floor":13,"gold_loss":61},{"cards_removed":["Strike_G"],"damage_healed":0,"gold_gain":0,"player_choice":"Purged","damage_taken":0,"max_hp_gain":0,"max_hp_loss":0,"event_name":"Purifier","floor":19,"gold_loss":0},{"damage_healed":0,"gold_gain":0,"player_choice":"Became a vampire","damage_taken":0,"max_hp_gain":0,"max_hp_loss":23,"event_name":"Vampires","floor":22,"gold_loss":0,"cards_obtained":["Bite","Bite","Bite","Bite","Bite"]},{"damage_healed":0,"gold_gain":0,"player_choice":"Fought Bandits","damage_taken":0,"max_hp_gain":0,"max_hp_loss":0,"event_name":"Masked Bandits","floor":28,"gold_loss":0}],"is_beta":true,"boss_relics":[{"not_picked":["Astrolabe","Velvet Choker"],"picked":"Coffee Dripper"}],"items_purged_floors":[7],"is_endless":false,"potions_floor_spawned":[1,11,12,18,21,24],"killed_by":"Masked Bandits","ascension_level":20}}