{"host":"jpcy2bclvs7juczu","time":1611235850,"event":{"mods":["AchievementEnabler","BaseMod","Block Reminder","Colored Map","Colored Powertips","Curses Come First","Dark Map","Minty Spire (QoL Compilation)","Quick Restart","Relic Stats","StSLib","ojb\u0027s Better Paths Mod","ojb\u0027s Info Mod","slay the spire mod where everything is the same but ironclad has a cowboy hat"],"gold_per_floor":[114,127,140,140,11,11,39,49,73,73,102,22,52,0,0,0,0],"floor_reached":16,"language":"ENG","playtime":473,"items_purged":["Regret"],"score":286,"play_id":"b35fb964-55d3-4f44-9f50-c26c007433d2","local_time":"20210121133050","is_ascension_mode":true,"campfire_choices":[{"data":"Dagger Spray","floor":6.0,"key":"SMITH"},{"data":"Deadly Poison","floor":15,"key":"SMITH"}],"circlet_count":0,"master_deck":["AscendersBane","Strike_G","Strike_G","Strike_G","Strike_G","Strike_G","Defend_G","Defend_G","Defend_G","Defend_G","Defend_G","Survivor","Neutralize","Deadly Poison+1","Eviscerate","Dagger Spray+1","Acrobatics","Calculated Gamble","Flying Knee","All Out Attack","Die Die Die","Blur"],"relics":["Ring of the Snake","Akabeko","Lantern","PreservedInsect","Happy Flower","Nunchaku","Blood Vial"],"acts_visited":["Exordium"],"potions_floor_usage":[11,16],"damage_taken":[{"damage":7.0,"enemies":"2 Louse","floor":1.0,"turns":2.0},{"damage":0.0,"enemies":"Jaw Worm","floor":2.0,"turns":4.0},{"damage":0.0,"enemies":"Small Slimes","floor":3.0,"turns":2.0},{"damage":39.0,"enemies":"Gremlin Nob","floor":7.0,"turns":4.0},{"damage":0,"enemies":"Blue Slaver","floor":8,"turns":2},{"damage":2,"enemies":"Lagavulin","floor":11,"turns":4},{"damage":0,"enemies":"Gremlin Nob","floor":13,"turns":2},{"damage":17,"enemies":"Hexaghost","floor":16,"turns":9}],"seed_played":"-4554331186566742532","potions_obtained":[{"floor":2.0,"key":"PowerPotion"},{"floor":7.0,"key":"SkillPotion"},{"floor":11,"key":"GamblersBrew"},{"floor":13,"key":"SmokeBomb"}],"is_trial":false,"path_per_floor":["M","M","M","?","$","R","E","M","T","?","E","$","E","?","R","B"],"character_chosen":"THE_SILENT","items_purchased":["Acrobatics","Die Die Die"],"campfire_rested":0,"item_purchase_floors":[5,12],"current_hp_per_floor":[52,52,52,52,52,52,13,13,13,13,11,11,11,11,11,0,0],"gold":0,"neow_bonus":"RANDOM_COMMON_RELIC","is_daily":false,"chose_seed":false,"campfire_upgraded":2,"win_rate":0.0,"timestamp":1611235850,"path_taken":["M","M","M","?","$","R","E","M","T","?","E","$","E","?","R","BOSS"],"items_purchased_type":["Card","Card"],"build_version":"2020-12-22","purchased_purges":1,"victory":false,"max_hp_per_floor":[66,66,66,66,66,66,66,66,66,66,66,66,66,66,66,66,66],"relic_stats":{"Blood Vial":2,"Nunchaku":[2],"Happy Flower":[5],"counters":[8,29],"PreservedInsect":52,"obtain_stats":[{"Blood Vial":13,"Lantern":4,"Nunchaku":11,"Happy Flower":9,"PreservedInsect":7,"Akabeko":0,"Ring of the Snake":0},{"Blood Vial":7,"Lantern":3,"Nunchaku":6,"Happy Flower":5,"PreservedInsect":4,"Akabeko":0,"Ring of the Snake":0},{"Blood Vial":20,"Lantern":8,"Nunchaku":18,"Happy Flower":14,"PreservedInsect":12,"Akabeko":0,"Ring of the Snake":0}],"Ring of the Snake":[16]},"card_choices":[{"not_picked":["PiercingWail","Finisher"],"picked":"Deadly Poison","floor":1.0},{"not_picked":["Heel Hook","Dagger Throw"],"picked":"Eviscerate","floor":2.0},{"not_picked":["Blade Dance","Noxious Fumes"],"picked":"Dagger Spray","floor":3.0},{"not_picked":["Expertise","Dagger Throw"],"picked":"Calculated Gamble","floor":7.0},{"not_picked":["Sucker Punch","Dodge and Roll"],"picked":"Flying Knee","floor":8},{"not_picked":["Eviscerate","Cloak And Dagger"],"picked":"All Out Attack","floor":11},{"not_picked":["After Image","Deflect"],"picked":"Blur","floor":13}],"player_experience":424114,"relics_obtained":[{"floor":7.0,"key":"PreservedInsect"},{"floor":9,"key":"Happy Flower"},{"floor":11,"key":"Nunchaku"},{"floor":13,"key":"Blood Vial"}],"event_choices":[{"damage_healed":0.0,"max_hp_gain":0.0,"max_hp_loss":0.0,"gold_gain":0.0,"event_name":"Big Fish","player_choice":"Box","floor":4.0,"gold_loss":0.0,"damage_taken":0.0,"relics_obtained":["Lantern"],"cards_obtained":["Regret"]},{"damage_healed":0,"gold_gain":0,"player_choice":"Ignored","damage_taken":0,"max_hp_gain":0,"max_hp_loss":0,"event_name":"Liars Game","floor":10,"gold_loss":0},{"damage_healed":0,"gold_gain":0,"player_choice":"Left Gold","damage_taken":0,"max_hp_gain":0,"max_hp_loss":0,"event_name":"World of Goop","floor":14,"gold_loss":52}],"is_beta":false,"boss_relics":[],"items_purged_floors":[5],"is_endless":false,"potions_floor_spawned":[2,7,11,13],"killed_by":"Hexaghost","ascension_level":20}}