{"host":"y3h3n3f7seyagppx","time":1611258036,"event":{"mods":["AlwaysNeverKeys","BaseMod","Better Vampires","Colored Powertips","DeckTracker","Emptier Cage","Minty Spire (QoL Compilation)","Permanent Neow","Quick Restart","Rare Cards Sparkle","Relic Sorter","Relic Stats","StSLib","Transform Curses"],"gold_per_floor":[114,126,145,160,171,198,198,211,211,236,236,168,197,256,256,328,328,348,348,348],"floor_reached":19,"language":"ENG","playtime":30066,"items_purged":[],"score":378,"play_id":"3e33d7bb-bbe2-461c-88c4-23b17fb72135","local_time":"20210121144036","is_ascension_mode":true,"campfire_choices":[{"data":"Sucker Punch","floor":7,"key":"SMITH"},{"data":"Unload","floor":11,"key":"SMITH"},{"data":"Footwork","floor":15,"key":"SMITH"}],"circlet_count":0,"master_deck":["AscendersBane","Strike_G","Strike_G","Strike_G","Strike_G","Strike_G","Defend_G","Defend_G","Defend_G","Defend_G","Defend_G","Survivor","Neutralize","Sucker Punch+1","Eviscerate","Heel Hook","Dagger Throw","PiercingWail","Unload+1","Footwork+1","Leg Sweep+1","Burst+1","Dodge and Roll+1"],"relics":["Ring of the Snake","Incense Burner","Strawberry","Question Card","Pantograph","Gremlin Horn","Toxic Egg 2","Philosopher\u0027s Stone"],"acts_visited":["Exordium","TheCity"],"potions_floor_usage":[4,6,14,16,19],"damage_taken":[{"damage":5,"enemies":"Cultist","floor":1,"turns":7},{"damage":7,"enemies":"Jaw Worm","floor":2,"turns":7},{"damage":4,"enemies":"Small Slimes","floor":3,"turns":3},{"damage":2,"enemies":"Exordium Thugs","floor":4,"turns":6},{"damage":1,"enemies":"Looter","floor":5,"turns":4},{"damage":9,"enemies":"Gremlin Nob","floor":6,"turns":4},{"damage":0,"enemies":"2 Fungi Beasts","floor":8,"turns":3},{"damage":12,"enemies":"3 Sentries","floor":10,"turns":11},{"damage":8,"enemies":"Gremlin Nob","floor":13,"turns":4},{"damage":2,"enemies":"3 Sentries","floor":14,"turns":8},{"damage":21,"enemies":"Slime Boss","floor":16,"turns":12},{"damage":42,"enemies":"3 Byrds","floor":18,"turns":12},{"damage":16,"enemies":"Masked Bandits","floor":19,"turns":2}],"seed_played":"-3799783983631011637","potions_obtained":[{"floor":2,"key":"Energy Potion"},{"floor":3,"key":"FearPotion"},{"floor":8,"key":"AttackPotion"},{"floor":13,"key":"Poison Potion"},{"floor":14,"key":"Poison Potion"},{"floor":18,"key":"Energy Potion"}],"is_trial":false,"path_per_floor":["M","M","M","M","M","E","R","M","T","E","R","?","E","?","R","B",null,"M","?"],"character_chosen":"THE_SILENT","items_purchased":[],"campfire_rested":0,"item_purchase_floors":[],"current_hp_per_floor":[54,47,43,41,40,38,38,38,38,26,26,26,18,16,16,20,55,13,0,0],"gold":348,"neow_bonus":"ONE_RARE_RELIC","is_daily":false,"chose_seed":false,"campfire_upgraded":3,"win_rate":0.0,"timestamp":1611258036,"path_taken":["M","M","?","M","M","E","R","M","T","E","R","?","E","?","R","BOSS","M","?"],"items_purchased_type":[],"build_version":"2020-12-22","purchased_purges":0,"victory":false,"max_hp_per_floor":[60,60,60,60,60,67,67,67,67,67,67,67,67,67,67,67,67,67,67,67],"relic_stats":{"Gremlin Horn":[7,7],"counters":[13,83],"Pantograph":25,"Question Card":5,"obtain_stats":[{"Gremlin Horn":13,"Strawberry":6,"Pantograph":10,"Philosopher\u0027s Stone":17,"Incense Burner":0,"Toxic Egg 2":14,"Question Card":9,"Ring of the Snake":0},{"Gremlin Horn":9,"Strawberry":6,"Pantograph":8,"Philosopher\u0027s Stone":11,"Incense Burner":0,"Toxic Egg 2":10,"Question Card":7,"Ring of the Snake":0},{"Gremlin Horn":49,"Strawberry":31,"Pantograph":45,"Philosopher\u0027s Stone":69,"Incense Burner":0,"Toxic Egg 2":57,"Question Card":34,"Ring of the Snake":0}],"Ring of the Snake":[26]},"card_choices":[{"not_picked":["Choke","Escape Plan"],"picked":"Sucker Punch","floor":1},{"not_picked":["Well Laid Plans","Outmaneuver","Underhanded Strike"],"picked":"SKIP","floor":2},{"not_picked":["PiercingWail","Dodge and Roll","Crippling Poison"],"picked":"SKIP","floor":3},{"not_picked":["Flechettes","Concentrate"],"picked":"Eviscerate","floor":4},{"not_picked":["Crippling Poison","Distraction"],"picked":"Heel Hook","floor":5},{"not_picked":["Backflip","Cloak And Dagger"],"picked":"Dagger Throw","floor":6},{"not_picked":["Reflex","Dagger Throw"],"picked":"PiercingWail","floor":8},{"not_picked":["Doppelganger","Dagger Throw","Setup"],"picked":"Unload","floor":10},{"not_picked":["Catalyst","Accuracy","Blade Dance"],"picked":"Footwork","floor":13},{"not_picked":["PiercingWail+1","Underhanded Strike","A Thousand Cuts"],"picked":"Leg Sweep+1","floor":14},{"not_picked":["Envenom","Grand Finale","Tools of the Trade"],"picked":"Burst+1","floor":16},{"not_picked":["Deadly Poison+1","Skewer","Leg Sweep+1"],"picked":"Dodge and Roll+1","floor":18}],"player_experience":21415529,"relics_obtained":[{"floor":6,"key":"Strawberry"},{"floor":9,"key":"Question Card"},{"floor":10,"key":"Pantograph"},{"floor":13,"key":"Gremlin Horn"},{"floor":14,"key":"Toxic Egg 2"}],"event_choices":[{"damage_healed":0,"gold_gain":0,"player_choice":"Left Gold","damage_taken":0,"max_hp_gain":0,"max_hp_loss":0,"event_name":"World of Goop","floor":12,"gold_loss":68},{"damage_healed":0,"gold_gain":0,"player_choice":"Searched \u00271\u0027 times","damage_taken":0,"max_hp_gain":0,"max_hp_loss":0,"event_name":"Dead Adventurer","floor":14,"gold_loss":0},{"damage_healed":0,"gold_gain":0,"player_choice":"Fought Bandits","damage_taken":0,"max_hp_gain":0,"max_hp_loss":0,"event_name":"Masked Bandits","floor":19,"gold_loss":0}],"is_beta":false,"boss_relics":[{"not_picked":["Coffee Dripper","Sozu"],"picked":"Philosopher\u0027s Stone"}],"items_purged_floors":[],"is_endless":false,"potions_floor_spawned":[2,3,8,13,14,18],"killed_by":"Masked Bandits","ascension_level":20}}