{"host":"uv231blk40vjdojr","time":1611227317,"event":{"mods":["AchievementEnabler","BaseMod","Bestiary","Minty Spire (QoL Compilation)","Relic Stats"],"gold_per_floor":[115,115,127,92,112,112,142,142,192,192,217,50,70,83,83,83,83],"floor_reached":16,"language":"ENG","playtime":424,"items_purged":[],"score":220,"play_id":"fa3bfb94-7b06-43dc-8a4a-475e1f26a11a","local_time":"20210121120837","is_ascension_mode":true,"campfire_choices":[{"data":"Terror","floor":6,"key":"SMITH"},{"data":"Noxious Fumes","floor":8,"key":"SMITH"},{"floor":10,"key":"REST"},{"floor":15,"key":"REST"}],"circlet_count":0,"master_deck":["AscendersBane","Strike_G","Strike_G","Strike_G+1","Strike_G","Strike_G+1","Defend_G","Defend_G","Defend_G","Defend_G","Survivor","Neutralize","Choke","Terror+1","Deflect","Noxious Fumes+1","Well Laid Plans","Wraith Form v2","Dodge and Roll"],"relics":["Ring of the Snake","Strawberry","Centennial Puzzle"],"acts_visited":["Exordium"],"potions_floor_usage":[7,11],"damage_taken":[{"damage":4.0,"enemies":"Small Slimes","floor":1.0,"turns":4.0},{"damage":2.0,"enemies":"Jaw Worm","floor":3.0,"turns":3.0},{"damage":0,"enemies":"Cultist","floor":5,"turns":3},{"damage":20,"enemies":"Lagavulin","floor":7,"turns":6},{"damage":34,"enemies":"Gremlin Nob","floor":11,"turns":4},{"damage":2,"enemies":"Looter","floor":13,"turns":3},{"damage":16,"enemies":"Red Slaver","floor":14,"turns":4},{"damage":27,"enemies":"The Guardian","floor":16,"turns":2}],"seed_played":"-374481998233270275","potions_obtained":[{"floor":1.0,"key":"Energy Potion"},{"floor":5,"key":"Poison Potion"},{"floor":11,"key":"SteroidPotion"}],"is_trial":false,"path_per_floor":["M","?","M","?","M","R","E","R","T","R","E","$","M","M","R","B"],"character_chosen":"THE_SILENT","items_purchased":["Wraith Form v2"],"campfire_rested":2,"item_purchase_floors":[12],"current_hp_per_floor":[55,35,33,49,49,49,36,36,36,57,23,23,21,5,26,0,0],"gold":83,"neow_bonus":"REMOVE_CARD","is_daily":false,"chose_seed":false,"campfire_upgraded":2,"win_rate":0.0,"timestamp":1611227317,"path_taken":["M","?","M","?","M","R","E","R","T","R","E","?","?","M","R","BOSS"],"items_purchased_type":["Card"],"build_version":"2020-12-22","purchased_purges":0,"victory":false,"max_hp_per_floor":[66,66,66,66,66,66,73,73,73,73,73,73,73,73,73,73,73],"relic_stats":{"Centennial Puzzle":[6],"counters":[8,29],"obtain_stats":[{"Centennial Puzzle":11,"Strawberry":7,"Ring of the Snake":0},{"Centennial Puzzle":5,"Strawberry":4,"Ring of the Snake":0},{"Centennial Puzzle":20,"Strawberry":16,"Ring of the Snake":0}],"Ring of the Snake":[16]},"card_choices":[{"not_picked":["Catalyst","Bane"],"picked":"Choke","floor":1.0},{"not_picked":["Underhanded Strike","Flying Knee"],"picked":"Terror","floor":3.0},{"not_picked":["Acrobatics","Underhanded Strike"],"picked":"Deflect","floor":5},{"not_picked":["Calculated Gamble","Sucker Punch"],"picked":"Noxious Fumes","floor":7},{"not_picked":["PiercingWail","Die Die Die"],"picked":"Well Laid Plans","floor":11},{"not_picked":["Calculated Gamble","PiercingWail"],"picked":"Dodge and Roll","floor":13},{"not_picked":["Outmaneuver","Slice","Cloak And Dagger"],"picked":"SKIP","floor":14}],"player_experience":706949,"relics_obtained":[{"floor":7,"key":"Strawberry"},{"floor":11,"key":"Centennial Puzzle"}],"event_choices":[{"damage_healed":0.0,"max_hp_gain":0.0,"max_hp_loss":0.0,"gold_gain":0.0,"event_name":"Shining Light","player_choice":"Entered Light","floor":2.0,"gold_loss":0.0,"damage_taken":20.0,"cards_upgraded":["Strike_G","Strike_G"]},{"damage_healed":16.0,"max_hp_gain":0.0,"max_hp_loss":0.0,"gold_gain":0.0,"event_name":"The Cleric","player_choice":"Healed","floor":4.0,"gold_loss":35.0,"damage_taken":0.0}],"is_beta":false,"boss_relics":[],"items_purged_floors":[],"is_endless":false,"potions_floor_spawned":[1,5,11],"killed_by":"The Guardian","ascension_level":20}}