{"host":"2uzrezb18q7r18aw","time":1611235811,"event":{"mods":["Act Like it!","BaseMod","Gensokyo","Minty Spire (QoL Compilation)","StSLib"],"gold_per_floor":[117,117,133,143,154,179,179,279,279,293,319,319,330,365,365,365,365],"floor_reached":16,"language":"KOR","playtime":619,"items_purged":[],"score":122,"play_id":"00539451-660c-4ed9-af32-2323d84af6a5","local_time":"20210121223011","is_ascension_mode":false,"campfire_choices":[{"data":"Footwork","floor":7.0,"key":"SMITH"},{"floor":15,"key":"REST"}],"circlet_count":0,"master_deck":["Strike_G","Strike_G","Strike_G","Strike_G","Defend_G","Defend_G","Defend_G","Defend_G","Survivor","Neutralize","Riddle With Holes","Backflip","Backstab","Dagger Spray","Footwork+1","Acrobatics","Tactician"],"relics":["Ring of the Snake","Ice Cream","Gremlin Horn","The Courier","Gensokyo:YoukaiFlower","Omamori"],"acts_visited":["Exordium"],"potions_floor_usage":[14,16],"damage_taken":[{"damage":0.0,"enemies":"Gensokyo:2_Kodama","floor":1.0,"turns":4.0},{"damage":0.0,"enemies":"Gensokyo:Python","floor":3.0,"turns":2.0},{"damage":0.0,"enemies":"Gensokyo:Gryphon","floor":4.0,"turns":3.0},{"damage":2.0,"enemies":"Gensokyo:VengefulSpirit","floor":5.0,"turns":5.0},{"damage":18.0,"enemies":"Gensokyo:Mamizou","floor":6.0,"turns":7.0},{"damage":4.0,"enemies":"Gensokyo:CorruptedTreant","floor":10.0,"turns":4.0},{"damage":1.0,"enemies":"Gensokyo:Aya","floor":11.0,"turns":6.0},{"damage":0.0,"enemies":"Gensokyo:Python_and_Kodama","floor":13.0,"turns":4.0},{"damage":10,"enemies":"Gensokyo:Mamizou","floor":14,"turns":9},{"damage":38,"enemies":"Gensokyo:Kokoro","floor":16,"turns":14}],"seed_played":"-290404204653718851","potions_obtained":[{"floor":1.0,"key":"CultistPotion"},{"floor":11.0,"key":"Swift Potion"},{"floor":13.0,"key":"SteroidPotion"}],"is_trial":false,"path_per_floor":["M","?","M","M","M","E","R","?","T","M","E","?","M","E","R","B"],"character_chosen":"THE_SILENT","items_purchased":[],"campfire_rested":1,"item_purchase_floors":[],"current_hp_per_floor":[63,63,63,63,61,43,43,43,43,39,38,38,38,28,46,8,8],"gold":365,"neow_bonus":"REMOVE_TWO","is_daily":false,"chose_seed":false,"campfire_upgraded":1,"win_rate":0.0,"timestamp":1611235811,"path_taken":["M","?","M","?","M","E","R","?","T","M","E","?","M","E","R","BOSS"],"items_purchased_type":[],"build_version":"2020-12-22","purchased_purges":0,"victory":false,"max_hp_per_floor":[63,63,63,63,63,63,63,63,63,63,63,63,63,63,63,63,63],"card_choices":[{"not_picked":["Infinite Blades","Dodge and Roll"],"picked":"Riddle With Holes","floor":1.0},{"not_picked":["Poisoned Stab","Dagger Throw"],"picked":"Backflip","floor":2.0},{"not_picked":["Calculated Gamble","Crippling Poison"],"picked":"Backstab","floor":2.0},{"not_picked":["Well Laid Plans","Masterful Stab"],"picked":"Dagger Spray","floor":3.0},{"not_picked":["Deadly Poison","Cloak And Dagger"],"picked":"Footwork","floor":4.0},{"not_picked":["Eviscerate","Dagger Spray"],"picked":"Acrobatics","floor":5.0},{"not_picked":["Bane","Underhanded Strike","Distraction"],"picked":"SKIP","floor":6.0},{"not_picked":["Calculated Gamble","Poisoned Stab"],"picked":"Tactician","floor":10.0},{"not_picked":["Dodge and Roll","Glass Knife"],"picked":"Die Die Die","floor":11.0},{"not_picked":["PiercingWail","Poisoned Stab","Flying Knee"],"picked":"SKIP","floor":13.0},{"not_picked":["Distraction","Poisoned Stab","Deadly Poison"],"picked":"SKIP","floor":14}],"player_experience":596253,"relics_obtained":[{"floor":6.0,"key":"Ice Cream"},{"floor":9.0,"key":"Gremlin Horn"},{"floor":11.0,"key":"The Courier"},{"floor":14,"key":"Omamori"}],"event_choices":[],"is_beta":false,"boss_relics":[],"items_purged_floors":[],"is_endless":false,"potions_floor_spawned":[1,11,13],"killed_by":"Gensokyo:Kokoro","ascension_level":0}}