{"host":"a1eatafr7pisesky","time":1611241023,"event":{"mods":["AchievementEnabler","BaseMod","Colored Map","Keyboard Shortcuts","Minty Spire (QoL Compilation)","Say the Spire","StSLib","SuperFastMode","everything is the same but u backflip on backflip"],"gold_per_floor":[113,132,132,55,76,76,76,50,50,71,104,104,104,29,29,153,153,169,69,82,82,82,123,146,146,146,167,98,123,123,162,162,285,285,301,215,239,263,12,12,45,45,91,91,124,145,181,181,181,181,181],"floor_reached":50,"language":"KOR","playtime":2295,"items_purged":["Strike_G","Strike_G","Strike_G","Strike_G"],"score":927,"play_id":"73404def-4ae8-490c-99cb-9d21151deb9f","local_time":"20210121235703","is_ascension_mode":true,"campfire_choices":[{"floor":6.0,"key":"REST"},{"floor":12.0,"key":"REST"},{"data":"Terror","floor":15.0,"key":"SMITH"},{"floor":25.0,"key":"REST"},{"data":"Calculated Gamble","floor":30.0,"key":"SMITH"},{"floor":32.0,"key":"REST"},{"floor":40.0,"key":"REST"},{"floor":42,"key":"REST"},{"floor":49,"key":"RECALL"}],"circlet_count":0,"master_deck":["AscendersBane","Defend_G","Defend_G","Defend_G","Defend_G","Defend_G","Survivor","Neutralize+1","Grand Finale","Terror+1","Prepared+1","Reflex+1","All Out Attack+1","Well Laid Plans+1","Acrobatics+1","Calculated Gamble+1","Acrobatics","After Image","Leg Sweep"],"relics":["Ring of the Snake","Golden Idol","PreservedInsect","Kunai","HoveringKite","Unceasing Top","Pen Nib","Smiling Mask","SacredBark","Medical Kit","Whetstone","Calipers","Eternal Feather"],"acts_visited":["Exordium","TheCity","TheBeyond"],"potions_floor_usage":[50,50,50],"damage_taken":[{"damage":5.0,"enemies":"Cultist","floor":1.0,"turns":5.0},{"damage":9.0,"enemies":"2 Louse","floor":2.0,"turns":3.0},{"damage":17.0,"enemies":"Jaw Worm","floor":5.0,"turns":4.0},{"damage":14.0,"enemies":"Exordium Thugs","floor":8.0,"turns":5.0},{"damage":0.0,"enemies":"Large Slime","floor":10.0,"turns":6.0},{"damage":13.0,"enemies":"Gremlin Nob","floor":11.0,"turns":3.0},{"damage":20.0,"enemies":"Hexaghost","floor":16.0,"turns":9.0},{"damage":23.0,"enemies":"Shell Parasite","floor":18.0,"turns":6.0},{"damage":0.0,"enemies":"3 Byrds","floor":20.0,"turns":2.0},{"damage":0.0,"enemies":"Gremlin Leader","floor":23.0,"turns":3.0},{"damage":8.0,"enemies":"Shelled Parasite and Fungi","floor":24.0,"turns":2.0},{"damage":5.0,"enemies":"Snake Plant","floor":27.0,"turns":2.0},{"damage":0.0,"enemies":"Centurion and Healer","floor":29.0,"turns":2.0},{"damage":14.0,"enemies":"Book of Stabbing","floor":31.0,"turns":3.0},{"damage":3.0,"enemies":"Collector","floor":33.0,"turns":5.0},{"damage":20.0,"enemies":"3 Darklings","floor":35.0,"turns":2.0},{"damage":36.0,"enemies":"3 Shapes","floor":37.0,"turns":4.0},{"damage":10.0,"enemies":"Writhing Mass","floor":38.0,"turns":5.0},{"damage":24,"enemies":"Nemesis","floor":41,"turns":7},{"damage":9,"enemies":"Reptomancer","floor":45,"turns":3},{"damage":4,"enemies":"Maw","floor":46,"turns":6},{"damage":3,"enemies":"Nemesis","floor":47,"turns":3},{"damage":25,"enemies":"Time Eater","floor":50,"turns":10}],"seed_played":"520728287446021002","potions_obtained":[{"floor":1.0,"key":"SteroidPotion"},{"floor":5.0,"key":"BlessingOfTheForge"},{"floor":8.0,"key":"Regen Potion"},{"floor":23.0,"key":"AttackPotion"},{"floor":27.0,"key":"Dexterity Potion"},{"floor":31.0,"key":"DuplicationPotion"},{"floor":41,"key":"Fire Potion"}],"is_trial":false,"path_per_floor":["M","M","?","$","M","R","?","M","T","M","E","R","?","$","R","B",null,"M","$","M","$","?","E","M","R","T","M","$","M","R","E","R","B",null,"M","$","M","M","$","R","E","R","T","?","E","M","E","?","R","B"],"character_chosen":"THE_SILENT","items_purchased":["Reflex","Calculated Gamble","Leg Sweep","Medical Kit","PowerPotion"],"campfire_rested":6,"item_purchase_floors":[4,28,36,39,39],"current_hp_per_floor":[40,31,31,31,14,33,33,19,19,19,6,25,25,25,25,5,50,27,27,27,27,27,27,19,38,38,33,33,33,33,19,38,35,58,38,38,29,19,19,38,14,33,33,33,24,20,17,17,26,1,1],"gold":181,"neow_bonus":"THREE_RARE_CARDS","is_daily":false,"chose_seed":false,"campfire_upgraded":2,"win_rate":0.0,"timestamp":1611241023,"path_taken":["M","M","?","$","M","R","?","?","T","M","E","R","?","?","R","BOSS","M","$","?","?","?","E","M","R","T","M","$","?","R","E","R","BOSS","M","$","M","M","$","R","E","R","T","?","E","?","E","?","R","BOSS"],"items_purchased_type":["Card","Card","Card","Relic","Potion"],"build_version":"2020-12-22","purchased_purges":4,"victory":false,"max_hp_per_floor":[70,70,65,65,65,65,65,65,65,65,65,65,65,65,65,65,65,65,65,65,65,65,65,65,65,65,65,65,65,65,65,65,65,65,65,65,65,65,65,65,65,65,65,65,65,65,65,65,65,65,65],"card_choices":[{"not_picked":["Night Terror","Corpse Explosion"],"picked":"Grand Finale","floor":0.0},{"not_picked":["Endless Agony","PiercingWail"],"picked":"Terror","floor":1.0},{"not_picked":["Dodge and Roll","Footwork"],"picked":"Prepared","floor":2.0},{"not_picked":["Dagger Spray","Deadly Poison","Endless Agony"],"picked":"SKIP","floor":5.0},{"not_picked":["Bane","Deflect"],"picked":"All Out Attack","floor":8.0},{"not_picked":["PiercingWail","Cloak And Dagger","Prepared"],"picked":"SKIP","floor":10.0},{"not_picked":["Sucker Punch","Storm of Steel","Skewer"],"picked":"SKIP","floor":11.0},{"not_picked":["Deflect","Outmaneuver"],"picked":"Well Laid Plans+1","floor":18.0},{"not_picked":["Bouncing Flask","Poisoned Stab","Sucker Punch"],"picked":"SKIP","floor":20.0},{"not_picked":["Deflect+1","Outmaneuver"],"picked":"Acrobatics+1","floor":23.0},{"not_picked":["Quick Slash","Prepared","Deflect+1"],"picked":"SKIP","floor":24.0},{"not_picked":["Quick Slash+1","Outmaneuver","Bane"],"picked":"SKIP","floor":27.0},{"not_picked":["Caltrops","Burst"],"picked":"Acrobatics","floor":29.0},{"not_picked":["Leg Sweep","Blade Dance"],"picked":"After Image","floor":31.0},{"not_picked":["Poisoned Stab+1","Crippling Poison+1","Prepared"],"picked":"SKIP","floor":35.0},{"not_picked":["Dodge and Roll+1","PiercingWail+1","Deadly Poison"],"picked":"SKIP","floor":37.0},{"not_picked":["Deadly Poison","Slice+1","PiercingWail+1"],"picked":"SKIP","floor":38.0},{"not_picked":["Bane+1","Well Laid Plans","Terror+1"],"picked":"SKIP","floor":41},{"not_picked":["Dodge and Roll","Choke+1","Masterful Stab"],"picked":"SKIP","floor":45},{"not_picked":["Sucker Punch+1","Blade Dance","Deflect+1"],"picked":"SKIP","floor":46},{"not_picked":["Accuracy","Bullet Time","Underhanded Strike+1"],"picked":"SKIP","floor":47}],"player_experience":334374,"relics_obtained":[{"floor":9.0,"key":"PreservedInsect"},{"floor":11.0,"key":"Kunai"},{"floor":23.0,"key":"Unceasing Top"},{"floor":26.0,"key":"Pen Nib"},{"floor":31.0,"key":"Smiling Mask"},{"floor":41,"key":"Whetstone"},{"floor":45,"key":"Calipers"},{"floor":47,"key":"Eternal Feather"}],"event_choices":[{"damage_healed":0.0,"max_hp_gain":0.0,"max_hp_loss":5.0,"gold_gain":0.0,"event_name":"Golden Idol","player_choice":"Lose Max HP","floor":3.0,"gold_loss":0.0,"damage_taken":0.0,"relics_obtained":["Golden Idol"]},{"damage_healed":0.0,"max_hp_gain":0.0,"max_hp_loss":0.0,"gold_gain":0.0,"event_name":"Upgrade Shrine","player_choice":"Upgraded","floor":7.0,"gold_loss":0.0,"damage_taken":0.0,"cards_upgraded":["Prepared"]},{"damage_healed":0.0,"max_hp_gain":0.0,"max_hp_loss":0.0,"gold_gain":0.0,"event_name":"Accursed Blacksmith","player_choice":"Forge","floor":13.0,"gold_loss":0.0,"damage_taken":0.0,"cards_upgraded":["Reflex"]},{"damage_healed":0.0,"max_hp_gain":0.0,"max_hp_loss":0.0,"gold_gain":0.0,"event_name":"Vampires","player_choice":"Ignored","floor":22.0,"gold_loss":0.0,"damage_taken":0.0},{"cards_removed":["Strike_G"],"damage_healed":0,"gold_gain":0,"player_choice":"Offered Basic","damage_taken":0,"max_hp_gain":0,"max_hp_loss":0,"event_name":"Bonfire Elementals","floor":44,"gold_loss":0},{"damage_healed":0,"gold_gain":0,"player_choice":"Ignored","damage_taken":0,"max_hp_gain":0,"max_hp_loss":0,"event_name":"Tomb of Lord Red Mask","floor":48,"gold_loss":0}],"is_beta":false,"boss_relics":[{"not_picked":["Ectoplasm","Busted Crown"],"picked":"HoveringKite"},{"not_picked":["Runic Dome","Philosopher\u0027s Stone"],"picked":"SacredBark"}],"items_purged_floors":[14,19,36,39],"is_endless":false,"potions_floor_spawned":[1,5,8,23,27,31,33,41,46,47],"killed_by":"Time Eater","ascension_level":10}}