{"host":"4hkuu26ltn0le3bk","time":1611198081,"event":{"mods":["100% Spire Juice","Arknights The Spire","Astrologer","BaseMod","BetterRewards","Clockwork Mod","Colored Map","Colored Powertips","Downfall","Friendly Minions","Gremlin Mod","Hermit","Marisa????????","Minty Spire (QoL Compilation)","Quick Restart","StSLib","Td1madao Mod","The Bug Knight","The Construct","The Cursed","The Disciple","The Factory","The Hierophant","The Jungle","The Servant 0.9.4"],"gold_per_floor":[109,129,129,148,160,186,186,213,236,236,247,197,197,208,208,306,306,322,338,118,68,82,82,82,97,151,166,81,3,17,34,34,130,130,144,68,0,16,66,66,84,84,161,172,172,189,222,222,222,222,222],"floor_reached":50,"language":"ENG","playtime":3766,"items_purged":[],"score":711,"play_id":"6f61ebbc-d744-43fd-84cd-8eb38285e116","local_time":"20210120220121","is_ascension_mode":false,"campfire_choices":[{"data":"construct:ModeShift","floor":7,"key":"SMITH"},{"data":"construct:MetalShell","floor":13,"key":"SMITH"},{"data":"construct:MetalShell","floor":15,"key":"SMITH"},{"data":"Panacea","floor":23,"key":"SMITH"},{"data":"construct:ReactiveShield","floor":32,"key":"SMITH"},{"data":"construct:MetalShell","floor":40,"key":"SMITH"},{"floor":42,"key":"RECALL"},{"data":"construct:Stasis","floor":45,"key":"SMITH"},{"data":"construct:DefenseMode","floor":49,"key":"SMITH"}],"circlet_count":0,"master_deck":["construct:Strike_Gold","construct:Strike_Gold","construct:Strike_Gold","construct:Strike_Gold","construct:Defend_Gold","construct:Defend_Gold","construct:Defend_Gold","construct:Defend_Gold","construct:AttackMode","construct:DefenseMode+1","construct:MetalShell+1","construct:FlameCore+1","construct:Impenetrable","construct:MetalShell+1","construct:ModeShift+1","construct:Impenetrable","construct:SaveState","construct:SuppressiveFire","Panacea+1","construct:SuppressiveFire","construct:SuppressiveFire","Panacea+1","construct:FlameCore","construct:ReactiveShield+1","construct:FlameCore+1","construct:MetalShell+1","construct:ReactiveShield","construct:CripplingShot+1","Parasite","construct:Stasis+1","construct:Boost+1","construct:ShieldBurst+1"],"relics":["construct:Cogwheel","Thread and Needle","Pen Nib","SlaversCollar","Membership Card","MealTicket","Dream Catcher","DollysMirror","construct:ClawGrip","Red Mask","Gambling Chip","Molten Egg 2","Shuriken"],"acts_visited":["TheCity","TheBeyond"],"potions_floor_usage":[6,18,44,50,50],"damage_taken":[{"damage":0,"enemies":"Jaw Worm","floor":1,"turns":6},{"damage":2,"enemies":"Cultist","floor":2,"turns":4},{"damage":1,"enemies":"2 Louse","floor":4,"turns":4},{"damage":7,"enemies":"Gremlin Gang","floor":5,"turns":10},{"damage":24,"enemies":"3 Sentries","floor":6,"turns":9},{"damage":0,"enemies":"Lagavulin","floor":8,"turns":9},{"damage":0,"enemies":"3 Louse","floor":11,"turns":7},{"damage":0,"enemies":"Blue Slaver","floor":14,"turns":4},{"damage":7,"enemies":"The Guardian","floor":16,"turns":15},{"damage":25,"enemies":"3 Byrds","floor":18,"turns":8},{"damage":0,"enemies":"Chosen","floor":19,"turns":8},{"damage":0,"enemies":"Centurion and Healer","floor":22,"turns":12},{"damage":1,"enemies":"Snake Plant","floor":25,"turns":8},{"damage":1,"enemies":"Sentry and Sphere","floor":27,"turns":8},{"damage":5,"enemies":"Shelled Parasite and Fungi","floor":30,"turns":11},{"damage":1,"enemies":"Snecko","floor":31,"turns":8},{"damage":0,"enemies":"Champ","floor":33,"turns":15},{"damage":12,"enemies":"Orb Walker","floor":35,"turns":8},{"damage":0,"enemies":"3 Shapes","floor":38,"turns":7},{"damage":38,"enemies":"Mind Bloom Boss Battle","floor":39,"turns":8},{"damage":0,"enemies":"Spire Growth","floor":41,"turns":7},{"damage":0,"enemies":"Writhing Mass","floor":44,"turns":8},{"damage":20,"enemies":"3 Darklings","floor":46,"turns":9},{"damage":4,"enemies":"HollowMod:StalkingDevout","floor":47,"turns":13},{"damage":37,"enemies":"Donu and Deca","floor":50,"turns":6}],"seed_played":"1598033779502942114","potions_obtained":[{"floor":1,"key":"Strength Potion"},{"floor":4,"key":"SteroidPotion"},{"floor":8,"key":"Strength Potion"},{"floor":14,"key":"FearPotion"},{"floor":16,"key":"AttackPotion"},{"floor":25,"key":"Ancient Potion"},{"floor":30,"key":"Dexterity Potion"},{"floor":38,"key":"SpeedPotion"},{"floor":46,"key":"SneckoOil"}],"is_trial":false,"path_per_floor":["M","M","?","M","M","E","R","E","T","$","M","?","R","M","R","B",null,"M","M","$","?","M","R","?","M","T","M","?","$","M","M","R","B",null,"M","$","?","M","?","R","M","R","T","M","R","M","E","?","R","B"],"character_chosen":"THE_CONSTRUCT_MOD","items_purchased":["construct:MetalShell","Membership Card","Panacea","construct:SuppressiveFire","DollysMirror","construct:MetalShell","construct:ReactiveShield"],"campfire_rested":0,"item_purchase_floors":[0,20,20,20,29,36,36],"current_hp_per_floor":[85,83,83,82,75,51,51,51,51,51,51,51,51,51,51,44,85,60,60,60,60,60,60,44,43,43,42,42,57,52,51,51,51,90,78,90,90,90,52,52,52,52,52,52,52,32,28,28,28,0,0],"gold":222,"neow_bonus":"","is_daily":false,"chose_seed":false,"campfire_upgraded":8,"win_rate":0.0,"timestamp":1611198081,"path_taken":["M","M","?","?","M","E","R","E","T","$","M","?","R","M","R","BOSS","M","M","$","?","?","R","?","M","T","M","?","?","M","?","R","BOSS","M","$","?","M","?","R","M","R","T","M","R","M","E","?","R","BOSS"],"items_purchased_type":["Card","Relic","Card","Card","Relic","Card","Card"],"build_version":"2020-12-22","purchased_purges":0,"victory":false,"max_hp_per_floor":[85,85,85,85,85,85,85,85,85,85,85,85,85,85,85,85,85,85,85,85,85,85,85,90,90,90,90,90,90,90,90,90,90,90,90,90,90,90,90,90,90,90,90,90,90,90,90,90,90,90,90],"card_choices":[{"not_picked":["construct:ScrapCannon","construct:HeavyBolt"],"picked":"construct:FlameCore","floor":1},{"not_picked":["construct:SyphonStrike","construct:Enhance"],"picked":"construct:Impenetrable","floor":2},{"not_picked":["construct:Reinforce","construct:FierceBash","construct:Analyze"],"picked":"SKIP","floor":4},{"not_picked":["construct:HeavyBolt","construct:Electrocute"],"picked":"construct:MetalShell","floor":5},{"not_picked":["construct:Reserves","construct:Backfire"],"picked":"construct:ModeShift","floor":6},{"not_picked":["construct:Analyze","construct:ModeShift"],"picked":"construct:Impenetrable","floor":8},{"not_picked":["construct:Anticipate","construct:OneWayMirror","construct:FierceBash"],"picked":"SKIP","floor":11},{"not_picked":["construct:Versatility","construct:ClusterMines"],"picked":"construct:SaveState","floor":14},{"not_picked":["construct:VentSteam","construct:UnbalancingBlast"],"picked":"construct:SuppressiveFire","floor":18},{"not_picked":["construct:ClusterMines","construct:HeavyBolt","construct:Backfire"],"picked":"SKIP","floor":19},{"not_picked":["construct:Reinforce","construct:Accumulate","construct:ShiftStrike"],"picked":"SKIP","floor":22},{"not_picked":["construct:FocusedBeam","construct:ForceCore","construct:Reinforce"],"picked":"SKIP","floor":25},{"not_picked":["construct:Autoturret+1","construct:Failsafe"],"picked":"construct:SuppressiveFire","floor":27},{"not_picked":["construct:Anticipate","construct:FocusedBeam+1"],"picked":"construct:FlameCore","floor":30},{"not_picked":["construct:VentSteam+1","construct:SweepLaser"],"picked":"construct:ReactiveShield","floor":31},{"not_picked":["construct:SuppressiveFire+1","construct:ClusterMines+1"],"picked":"construct:FlameCore+1","floor":35},{"not_picked":["construct:ShiftStrike+1","construct:HeavyBolt","construct:Boost"],"picked":"SKIP","floor":38},{"not_picked":["construct:SuppressiveFire+1","construct:Accumulate+1"],"picked":"construct:CripplingShot+1","floor":39},{"not_picked":["construct:Reinforce+1","construct:Autoturret","construct:ChargeShot+1"],"picked":"SKIP","floor":41},{"not_picked":["construct:Dampening+1","construct:Bunker"],"picked":"construct:Stasis","floor":44},{"not_picked":["construct:VentSteam+1","construct:Construct_Overclock+1"],"picked":"construct:Boost+1","floor":46},{"not_picked":["construct:FierceBash+1","construct:Missile+1","construct:FocusedBeam+1"],"picked":"SKIP","floor":47}],"player_experience":258826,"relics_obtained":[{"floor":6,"key":"Thread and Needle"},{"floor":8,"key":"Pen Nib"},{"floor":26,"key":"MealTicket"},{"floor":39,"key":"Gambling Chip"},{"floor":43,"key":"Molten Egg 2"},{"floor":47,"key":"Shuriken"}],"event_choices":[{"damage_healed":0,"gold_gain":0,"player_choice":"Forge","damage_taken":0,"max_hp_gain":0,"max_hp_loss":0,"event_name":"Accursed Blacksmith","floor":3,"gold_loss":0,"cards_upgraded":["construct:FlameCore"]},{"cards_removed":["construct:Defend_Gold"],"damage_healed":0,"gold_gain":0,"player_choice":"Card Removal","damage_taken":0,"max_hp_gain":0,"max_hp_loss":0,"event_name":"The Cleric","floor":12,"gold_loss":50},{"damage_healed":0,"gold_gain":0,"player_choice":"Bet on Owner","damage_taken":0,"max_hp_gain":0,"max_hp_loss":0,"event_name":"The Joust","floor":21,"gold_loss":50},{"damage_healed":0,"gold_gain":0,"player_choice":"Shed Blood","damage_taken":21,"max_hp_gain":5,"max_hp_loss":0,"event_name":"Forgotten Altar","floor":24,"gold_loss":0},{"damage_healed":0,"gold_gain":0,"player_choice":"Obtained Relic","damage_taken":0,"relics_obtained":["Dream Catcher"],"max_hp_gain":0,"max_hp_loss":0,"event_name":"Addict","floor":28,"gold_loss":85},{"damage_healed":0,"gold_gain":0,"player_choice":"Paid","damage_taken":0,"relics_obtained":["Red Mask"],"max_hp_gain":0,"max_hp_loss":0,"event_name":"Tomb of Lord Red Mask","floor":37,"gold_loss":68},{"damage_healed":0,"gold_gain":0,"player_choice":"Fight","damage_taken":0,"max_hp_gain":0,"max_hp_loss":0,"event_name":"MindBloom","floor":39,"gold_loss":0},{"damage_healed":0,"gold_gain":0,"cards_transformed":["construct:Strike_Gold"],"player_choice":"Transformed","damage_taken":0,"max_hp_gain":0,"max_hp_loss":0,"event_name":"Transmorgrifier","floor":48,"gold_loss":0,"cards_obtained":["construct:ShieldBurst"]}],"is_beta":false,"boss_relics":[{"not_picked":["Black Star","Runic Dome"],"picked":"SlaversCollar"},{"not_picked":["Fusion Hammer","bronze:MakeshiftBattery"],"picked":"construct:ClawGrip"}],"items_purged_floors":[],"is_endless":false,"potions_floor_spawned":[1,4,8,14,16,25,30,31,33,35,38,46,47],"killed_by":"Donu and Deca","ascension_level":0}}