{"host":"Nexxot","time":1611218132,"event":{"mods":["AchievementEnabler","BaseMod","Colored Map","Highlight Path","Minty Spire (QoL Compilation)","Relic Stats","StSLib"],"gold_per_floor":[118,130,80,80,4,35,35,35,59,59,88,98,98,115,115,217,217,258,218,261,300,3,3,63,63,63,105,155,195,238,289,289,411,411,451,1450,836,880,880,880,931,931,981,1011,1011,1011,578,590,590,590,590,590,184,218,218],"floor_reached":56,"language":"ENG","playtime":5004,"items_purged":["Strike_P","Strike_P","Strike_P"],"score":1939,"play_id":"ae7f4fb4-5bd5-4e2a-97cc-52a1efd677ae","local_time":"20210121093532","is_ascension_mode":true,"campfire_choices":[{"data":"BowlingBash","floor":7.0,"key":"SMITH"},{"data":"SashWhip","floor":10,"key":"SMITH"},{"data":"Nirvana","floor":15,"key":"SMITH"},{"data":"TalkToTheHand","floor":23,"key":"SMITH"},{"floor":25,"key":"REST"},{"floor":32,"key":"REST"},{"floor":40,"key":"REST"},{"floor":42,"key":"RECALL"},{"data":"Wish","floor":45,"key":"SMITH"},{"floor":49,"key":"REST"},{"data":"Apotheosis","floor":52,"key":"SMITH"}],"circlet_count":0,"master_deck":["Strike_P+1","Defend_P+1","Defend_P+1","Defend_P","Eruption+1","Vigilance+1","SashWhip+1","JustLucky+1","BowlingBash+1","Nirvana+1","DeusExMachina","CutThroughFate","Wireheading","Wish+1","EmptyMind+1","ThirdEye","Weave","TalkToTheHand+1","Nirvana","Halt+1","JustLucky+1","ThirdEye+1","EmptyMind+1","CutThroughFate+1","CrushJoints+1","Apotheosis+1","Violence","Finesse","FearNoEvil","JustLucky+1","Master of Strategy","CutThroughFate","TalkToTheHand+1"],"relics":["PureWater","Kunai","Sundial","Omamori","Art of War","Question Card","Runic Pyramid","TeardropLocket","Vajra","Mercury Hourglass","TungstenRod","Bottled Flame","VioletLotus","HornCleat","Nunchaku","Sling","Letter Opener","CaptainsWheel","Membership Card","Regal Pillow","Blood Vial","Bag of Preparation","War Paint","Cauldron","Lizard Tail"],"acts_visited":["Exordium","TheCity","TheBeyond","TheEnding"],"potions_floor_usage":[11,28,31,55],"damage_taken":[{"damage":0.0,"enemies":"2 Louse","floor":1.0,"turns":2.0},{"damage":0.0,"enemies":"Small Slimes","floor":2.0,"turns":2.0},{"damage":1.0,"enemies":"Lagavulin","floor":6.0,"turns":4.0},{"damage":0,"enemies":"Gremlin Nob","floor":11,"turns":2},{"damage":0,"enemies":"Jaw Worm","floor":12,"turns":2},{"damage":0,"enemies":"Looter","floor":14,"turns":2},{"damage":2,"enemies":"Hexaghost","floor":16,"turns":8},{"damage":9,"enemies":"Shell Parasite","floor":18,"turns":6},{"damage":6,"enemies":"3 Byrds","floor":20,"turns":5},{"damage":1,"enemies":"Snake Plant","floor":21,"turns":6},{"damage":16,"enemies":"Gremlin Leader","floor":24,"turns":6},{"damage":0,"enemies":"Cultist and Chosen","floor":27,"turns":4},{"damage":12,"enemies":"Book of Stabbing","floor":28,"turns":4},{"damage":0,"enemies":"Chosen and Byrds","floor":29,"turns":5},{"damage":6,"enemies":"Shelled Parasite and Fungi","floor":30,"turns":3},{"damage":23,"enemies":"Slavers","floor":31,"turns":4},{"damage":1,"enemies":"Collector","floor":33,"turns":9},{"damage":14,"enemies":"Orb Walker","floor":35,"turns":4},{"damage":10,"enemies":"3 Shapes","floor":38,"turns":4},{"damage":0,"enemies":"Giant Head","floor":41,"turns":8},{"damage":18,"enemies":"Reptomancer","floor":44,"turns":6},{"damage":0,"enemies":"Maw","floor":48,"turns":5},{"damage":10,"enemies":"Donu and Deca","floor":50,"turns":7},{"damage":0,"enemies":"Shield and Spear","floor":54,"turns":3},{"damage":0,"enemies":"The Heart","floor":55,"turns":6}],"seed_played":"-3054563180639792002","potions_obtained":[{"floor":1.0,"key":"StancePotion"},{"floor":12,"key":"DuplicationPotion"},{"floor":14,"key":"DuplicationPotion"},{"floor":20,"key":"BottledMiracle"},{"floor":28,"key":"Strength Potion"},{"floor":31,"key":"SteroidPotion"},{"floor":35,"key":"Dexterity Potion"},{"floor":44,"key":"Dexterity Potion"},{"floor":53,"key":"Ambrosia"},{"floor":53,"key":"Strength Potion"}],"is_trial":false,"path_per_floor":["M","M","?","?","$","E","R","?","T","R","E","M","T","M","R","B",null,"M","?","M","M","$","R","E","R","T","M","E","M","M","E","R","B",null,"M","?","$","M","?","R","E","R","T","E","R","?","$","M","R","B",null,"R","$","E","B",null],"character_chosen":"WATCHER","items_purchased":["BowlingBash","Fire Potion","TeardropLocket","TalkToTheHand","HornCleat","Nunchaku","Sling","Membership Card","Finesse","FearNoEvil","Regal Pillow","Blood Vial","Bag of Preparation","Master of Strategy","CutThroughFate","War Paint","Cauldron"],"campfire_rested":4,"item_purchase_floors":[5,5,22,22,37,37,37,47,47,47,47,47,53,53,53,53,53],"current_hp_per_floor":[65,65,65,51,51,50,50,50,50,50,50,50,50,50,50,48,66,57,57,51,50,50,50,34,55,55,55,43,43,37,14,35,34,63,49,49,49,39,39,59,59,59,59,41,41,32,32,34,68,58,66,66,66,68,68],"gold":218,"neow_bonus":"UPGRADE_CARD","is_daily":false,"chose_seed":false,"campfire_upgraded":6,"win_rate":0.0,"timestamp":1611218132,"path_taken":["M","M","?","?","?","E","R","?","T","R","E","M","?","M","R","BOSS","M","?","?","M","$","R","E","R","T","M","E","?","M","E","R","BOSS","M","?","$","M","?","R","E","R","T","E","R","?","$","M","R","BOSS","R","$","E","BOSS"],"items_purchased_type":["Card","Potion","Relic","Card","Relic","Relic","Relic","Relic","Card","Card","Relic","Relic","Relic","Card","Card","Relic","Relic"],"build_version":"2020-12-18","purchased_purges":3,"victory":true,"max_hp_per_floor":[72,72,72,72,72,72,72,72,72,72,72,72,72,72,72,72,72,72,72,72,72,72,72,72,72,72,72,72,72,72,72,72,72,72,72,72,72,72,68,68,68,68,68,68,68,68,68,68,68,68,68,68,68,68,68],"relic_stats":{"Regal Pillow":14,"counters":[25,116],"Bag of Preparation":[4],"Letter Opener":[117],"War Paint":["EmptyMind","Defend_P"],"Question Card":22,"Mercury Hourglass":[304],"Blood Vial":4,"Nunchaku":[18],"Lizard Tail":0,"Sundial":[18],"VioletLotus":[15],"Art of War":[8],"Kunai":[94],"obtain_stats":[{"Regal Pillow":47,"Vajra":24,"Bag of Preparation":53,"TeardropLocket":22,"Sling":37,"Blood Vial":47,"Nunchaku":37,"Lizard Tail":54,"HornCleat":37,"Sundial":8,"VioletLotus":34,"Kunai":6,"Runic Pyramid":17,"Omamori":9,"Letter Opener":41,"War Paint":53,"Question Card":13,"Mercury Hourglass":26,"Cauldron":53,"Bottled Flame":31,"CaptainsWheel":44,"Art of War":11,"Membership Card":47,"PureWater":0,"TungstenRod":28},{"Regal Pillow":21,"Vajra":11,"Bag of Preparation":23,"TeardropLocket":10,"Sling":18,"Blood Vial":21,"Nunchaku":18,"Lizard Tail":24,"HornCleat":18,"Sundial":3,"VioletLotus":17,"Kunai":3,"Runic Pyramid":7,"Omamori":3,"Letter Opener":20,"War Paint":23,"Question Card":5,"Mercury Hourglass":11,"Cauldron":23,"Bottled Flame":16,"CaptainsWheel":21,"Art of War":4,"Membership Card":21,"PureWater":0,"TungstenRod":13},{"Regal Pillow":95,"Vajra":45,"Bag of Preparation":107,"TeardropLocket":39,"Sling":77,"Blood Vial":95,"Nunchaku":77,"Lizard Tail":110,"HornCleat":77,"Sundial":8,"VioletLotus":73,"Kunai":8,"Runic Pyramid":22,"Omamori":8,"Letter Opener":89,"War Paint":107,"Question Card":12,"Mercury Hourglass":45,"Cauldron":107,"Bottled Flame":64,"CaptainsWheel":95,"Art of War":10,"Membership Card":95,"PureWater":0,"TungstenRod":53}],"TungstenRod":15},"card_choices":[{"not_picked":["Swivel","Adaptation"],"picked":"SashWhip","floor":1.0},{"not_picked":["ThirdEye","ClearTheMind"],"picked":"JustLucky","floor":2.0},{"not_picked":["MasterReality","Vengeance"],"picked":"Nirvana","floor":6.0},{"not_picked":["Protect","JustLucky"],"picked":"DeusExMachina","floor":11},{"not_picked":["Study","EmptyFist"],"picked":"CutThroughFate","floor":12},{"not_picked":["EmptyBody","SashWhip","EmptyMind"],"picked":"Wireheading","floor":14},{"not_picked":["Omniscience","Vault","ConjureBlade"],"picked":"Wish","floor":16},{"not_picked":["Evaluate","Protect","EmptyBody+1"],"picked":"EmptyMind","floor":18},{"not_picked":["BowlingBash","BattleHymn+1","DeceiveReality"],"picked":"ThirdEye","floor":20},{"not_picked":["Meditate","SignatureMove+1","JustLucky+1"],"picked":"Weave","floor":21},{"not_picked":["Pray","Evaluate","ClearTheMind"],"picked":"Nirvana","floor":24},{"not_picked":["Consecrate","WreathOfFlame","Conclude","Adaptation"],"picked":"SKIP","floor":27},{"not_picked":["Protect+1","Evaluate","Worship"],"picked":"Halt+1","floor":28},{"not_picked":["SashWhip","Evaluate","Adaptation","CrushJoints"],"picked":"SKIP","floor":29},{"not_picked":["ConjureBlade","BowlingBash","FollowUp"],"picked":"JustLucky+1","floor":30},{"not_picked":["Prostrate+1","CrushJoints","EmptyFist","SignatureMove+1"],"picked":"SKIP","floor":31},{"not_picked":["Evaluate+1","CrushJoints+1","Study"],"picked":"ThirdEye+1","floor":35},{"not_picked":["EmptyBody","ClearTheMind","CarveReality"],"picked":"EmptyMind+1","floor":38},{"not_picked":["SashWhip","ThirdEye+1","SignatureMove+1"],"picked":"CutThroughFate+1","floor":41},{"not_picked":["EmptyFist+1","LikeWater+1","SandsOfTime"],"picked":"CrushJoints+1","floor":44},{"not_picked":["Secret Technique","Panacea","Master of Strategy"],"picked":"Apotheosis","floor":46},{"not_picked":["Trip","Impatience","Mind Blast"],"picked":"Violence","floor":46},{"not_picked":["Halt+1","Vengeance","ThirdEye"],"picked":"JustLucky+1","floor":48},{"not_picked":["Study","Wish","EmptyFist"],"picked":"TalkToTheHand+1","floor":54}],"player_experience":322919,"relics_obtained":[{"floor":6.0,"key":"Kunai"},{"floor":9,"key":"Omamori"},{"floor":11,"key":"Art of War"},{"floor":13,"key":"Question Card"},{"floor":24,"key":"Vajra"},{"floor":26,"key":"Mercury Hourglass"},{"floor":28,"key":"TungstenRod"},{"floor":31,"key":"Bottled Flame"},{"floor":41,"key":"Letter Opener"},{"floor":44,"key":"CaptainsWheel"},{"floor":54,"key":"Lizard Tail"}],"event_choices":[{"cards_removed":["Defend_P"],"damage_healed":0.0,"max_hp_gain":0.0,"max_hp_loss":0.0,"gold_gain":0.0,"event_name":"The Cleric","player_choice":"Card Removal","floor":3.0,"gold_loss":50.0,"damage_taken":0.0},{"damage_healed":0.0,"max_hp_gain":0.0,"max_hp_loss":0.0,"gold_gain":0.0,"event_name":"Shining Light","player_choice":"Entered Light","floor":4.0,"gold_loss":0.0,"damage_taken":14.0,"cards_upgraded":["Defend_P","Vigilance"]},{"damage_healed":0,"gold_gain":0,"player_choice":"Searched \u00271\u0027 times","damage_taken":0,"relics_obtained":["Sundial"],"max_hp_gain":0,"max_hp_loss":0,"event_name":"Dead Adventurer","floor":8,"gold_loss":0},{"damage_healed":0,"gold_gain":0,"player_choice":"Upgraded Two","damage_taken":0,"max_hp_gain":0,"max_hp_loss":0,"event_name":"Designer","floor":19,"gold_loss":40,"cards_upgraded":["Strike_P","JustLucky"]},{"damage_healed":0,"gold_gain":999,"player_choice":"Gold","damage_taken":0,"max_hp_gain":0,"max_hp_loss":0,"event_name":"MindBloom","floor":36,"gold_loss":0,"cards_obtained":["Normality","Normality"]},{"damage_healed":0,"gold_gain":0,"player_choice":"Max HP","damage_taken":0,"max_hp_gain":0,"max_hp_loss":4,"event_name":"Winding Halls","floor":39,"gold_loss":0},{"damage_healed":0,"gold_gain":0,"player_choice":"Memory 3","damage_taken":10,"max_hp_gain":0,"max_hp_loss":0,"event_name":"SensoryStone","floor":46,"gold_loss":0}],"is_beta":true,"boss_relics":[{"not_picked":["Pandora\u0027s Box","SacredBark"],"picked":"Runic Pyramid"},{"not_picked":["Snecko Eye","Coffee Dripper"],"picked":"VioletLotus"}],"items_purged_floors":[37,47,53],"is_endless":false,"potions_floor_spawned":[1,12,14,20,24,28,31,33,35,44,54],"ascension_level":9}}