{"host":"04hh9gplt9wkfmr1","time":1611248503,"event":{"mods":["AchievementEnabler","BaseMod","Colored Map","KOR Keyword Fix","Minty Spire (QoL Compilation)","Rare Cards Sparkle","SuperFastMode"],"gold_per_floor":[118,118,128,138,150,150,185,185,211,227,227,260,279,16,16,118,168,183,183,183,183,183,217,35,69,69,69,69],"floor_reached":27,"language":"KOR","playtime":716,"items_purged":["Normality"],"score":376,"play_id":"85e93129-13b8-48ec-a047-54ea519993f4","local_time":"20210122020143","is_ascension_mode":true,"campfire_choices":[{"data":"Zap","floor":6.0,"key":"SMITH"},{"data":"Dualcast","floor":8.0,"key":"SMITH"},{"floor":15.0,"key":"REST"}],"circlet_count":0,"master_deck":["Strike_B+1","Strike_B","Strike_B","Defend_B","Defend_B","Defend_B","Defend_B","Zap+1","Dualcast+1","Defragment","Ball Lightning","Hologram","Machine Learning","Aggregate","Chaos","Electrodynamics","Hologram","Stack","Defragment","Amplify","Defragment","Buffer"],"relics":["Cracked Core","Orichalcum","DataDisk","The Courier","Mango","Question Card","Tiny House","Nloth\u0027s Gift","Thread and Needle","Runic Capacitor","Meat on the Bone","Cables"],"acts_visited":["Exordium","TheCity"],"potions_floor_usage":[25,25,25],"damage_taken":[{"damage":2.0,"enemies":"2 Louse","floor":1.0,"turns":3.0},{"damage":1.0,"enemies":"Cultist","floor":3.0,"turns":4.0},{"damage":2.0,"enemies":"Jaw Worm","floor":4.0,"turns":3.0},{"damage":9.0,"enemies":"Red Slaver","floor":5.0,"turns":3.0},{"damage":27.0,"enemies":"3 Sentries","floor":7.0,"turns":6.0},{"damage":9.0,"enemies":"2 Fungi Beasts","floor":10.0,"turns":4.0},{"damage":33.0,"enemies":"Gremlin Nob","floor":12.0,"turns":4.0},{"damage":3.0,"enemies":"3 Louse","floor":13.0,"turns":3.0},{"damage":37.0,"enemies":"The Guardian","floor":16.0,"turns":9.0},{"damage":0.0,"enemies":"3 Byrds","floor":18.0,"turns":1.0},{"damage":0.0,"enemies":"2 Thieves","floor":20.0,"turns":1.0},{"damage":53.0,"enemies":"Slavers","floor":23.0,"turns":3.0},{"damage":23,"enemies":"Book of Stabbing","floor":25,"turns":5},{"damage":12,"enemies":"Snecko","floor":27,"turns":3}],"seed_played":"8590310260736181240","potions_obtained":[{"floor":1.0,"key":"Energy Potion"},{"floor":10.0,"key":"CultistPotion"},{"floor":12.0,"key":"LiquidMemories"},{"floor":17.0,"key":"SmokeBomb"},{"floor":18.0,"key":"GamblersBrew"},{"floor":23.0,"key":"Dexterity Potion"}],"is_trial":false,"path_per_floor":["M","?","M","M","M","R","E","R","T","M","T","E","M","$","R","B",null,"M","?","M","?","?","E","$","E","T","M"],"character_chosen":"DEFECT","items_purchased":["Question Card","Runic Capacitor","Defragment"],"campfire_rested":1,"item_purchase_floors":[14,24,24],"current_hp_per_floor":[87,87,86,84,75,75,48,48,48,39,39,20,17,17,47,10,85,85,85,85,85,85,32,32,9,9,0,0],"gold":69,"neow_bonus":"TWENTY_PERCENT_HP_BONUS","is_daily":false,"chose_seed":false,"campfire_upgraded":2,"win_rate":0.0,"timestamp":1611248503,"path_taken":["M","?","?","M","M","R","E","R","T","M","?","E","?","$","R","BOSS","M","?","?","?","?","E","$","E","T","?"],"items_purchased_type":["Relic","Relic","Card"],"build_version":"2020-12-22","purchased_purges":1,"victory":false,"max_hp_per_floor":[89,89,89,89,89,89,89,89,89,89,89,103,103,103,103,103,108,108,108,108,108,108,108,108,108,108,108,108],"card_choices":[{"not_picked":["Tempest","Beam Cell"],"picked":"Defragment","floor":1.0},{"not_picked":["Leap","Coolheaded"],"picked":"Ball Lightning","floor":3.0},{"not_picked":["Go for the Eyes","Sweeping Beam","Darkness"],"picked":"SKIP","floor":4.0},{"not_picked":["Beam Cell","Compile Driver"],"picked":"Hologram","floor":5.0},{"not_picked":["Compile Driver","Stack"],"picked":"Machine Learning","floor":7.0},{"not_picked":["Compile Driver","Beam Cell","Aggregate"],"picked":"SKIP","floor":10.0},{"not_picked":["Compile Driver","Beam Cell"],"picked":"Aggregate","floor":10.0},{"not_picked":["Beam Cell","Rebound","Gash"],"picked":"SKIP","floor":12.0},{"not_picked":["Blizzard","Beam Cell"],"picked":"Chaos","floor":13.0},{"not_picked":["Buffer","Amplify","Echo Form"],"picked":"Electrodynamics","floor":16.0},{"not_picked":["Redo","Streamline","Stack"],"picked":"Hologram","floor":17.0},{"not_picked":["Auto Shields+1","Compile Driver","Skim"],"picked":"Stack","floor":18.0},{"not_picked":["BootSequence","Aggregate","Chaos"],"picked":"Amplify","floor":23.0},{"not_picked":["Auto Shields","Chill","Static Discharge"],"picked":"Buffer","floor":25}],"player_experience":65590,"relics_obtained":[{"floor":2.0,"key":"Lantern"},{"floor":7.0,"key":"Orichalcum"},{"floor":9.0,"key":"DataDisk"},{"floor":11.0,"key":"The Courier"},{"floor":12.0,"key":"Mango"},{"floor":23.0,"key":"Thread and Needle"},{"floor":25,"key":"Meat on the Bone"},{"floor":26,"key":"Cables"}],"event_choices":[{"damage_healed":0.0,"max_hp_gain":0.0,"max_hp_loss":0.0,"gold_gain":0.0,"event_name":"Wheel of Change","player_choice":"Relic","floor":2.0,"gold_loss":0.0,"damage_taken":0.0},{"cards_removed":["Strike_B"],"damage_healed":0.0,"max_hp_gain":0.0,"max_hp_loss":0.0,"gold_gain":0.0,"event_name":"Bonfire Elementals","player_choice":"Offered Basic","floor":19.0,"gold_loss":0.0,"damage_taken":0.0},{"damage_healed":0.0,"max_hp_gain":0.0,"max_hp_loss":0.0,"gold_gain":0.0,"event_name":"The Library","player_choice":"Read","floor":21.0,"gold_loss":0.0,"damage_taken":0.0,"cards_obtained":["Defragment"]},{"damage_healed":0.0,"max_hp_gain":0.0,"max_hp_loss":0.0,"gold_gain":0.0,"event_name":"N\u0027loth","player_choice":"Traded Relic","floor":22.0,"relics_lost":["Lantern"],"gold_loss":0.0,"damage_taken":0.0,"relics_obtained":["Nloth\u0027s Gift"]}],"is_beta":false,"boss_relics":[{"not_picked":["Coffee Dripper","Snecko Eye"],"picked":"Tiny House"}],"items_purged_floors":[14],"is_endless":false,"potions_floor_spawned":[1,10,12,18,20,23],"killed_by":"Snecko","ascension_level":5}}