{"host":"g01l53quoe6lrer0","time":1611263996,"event":{"mods":["2.2 Compatiblity","AchievementEnabler","BaseMod","Colored Map","Highlight Path","Keyboard Shortcuts","Minty Spire (QoL Compilation)","Permanent Neow","StSLib","SuperFastMode","everything is the same but u backflip on backflip"],"gold_per_floor":[116,130,55,66,86,86,86,86,86,86,86,104,104,3,3,76,76,93,93],"floor_reached":18,"language":"KOR","playtime":341,"items_purged":["Defend_B"],"score":296,"play_id":"82a3fa01-48e5-4f6d-9f11-22817772a860","local_time":"20210122061956","is_ascension_mode":true,"campfire_choices":[{"data":"Streamline","floor":6.0,"key":"SMITH"},{"data":"Zap","floor":7.0,"key":"SMITH"},{"data":"Dualcast","floor":8.0,"key":"SMITH"},{"data":"Turbo","floor":10.0,"key":"SMITH"},{"floor":13.0,"key":"REST"},{"data":"Compile Driver","floor":15.0,"key":"SMITH"}],"circlet_count":0,"master_deck":["AscendersBane","Strike_B","Strike_B","Strike_B","Defend_B","Defend_B","Defend_B","Zap+1","Dualcast+1","Streamline+1","Melter","Turbo+1","Rebound","Chill","Compile Driver+1","Creative AI"],"relics":["Cracked Core","WingedGreaves","Eternal Feather","Pear","Inserter"],"acts_visited":["Exordium","TheCity"],"potions_floor_usage":[16,16],"damage_taken":[{"damage":1.0,"enemies":"2 Louse","floor":1.0,"turns":3.0},{"damage":4.0,"enemies":"Jaw Worm","floor":2.0,"turns":3.0},{"damage":0.0,"enemies":"Small Slimes","floor":4.0,"turns":2.0},{"damage":27.0,"enemies":"Exordium Wildlife","floor":5.0,"turns":5.0},{"damage":9.0,"enemies":"Lots of Slimes","floor":12.0,"turns":4.0},{"damage":38,"enemies":"Hexaghost","floor":16,"turns":8},{"damage":39,"enemies":"Chosen","floor":18,"turns":8}],"seed_played":"-8206246526555090194","potions_obtained":[{"floor":1.0,"key":"EntropicBrew"},{"floor":5.0,"key":"BlessingOfTheForge"}],"is_trial":false,"path_per_floor":["M","M","?","M","M","R","R","R","T","R","?","M","R","$","R","B",null,"M"],"character_chosen":"DEFECT","items_purchased":["Compile Driver"],"campfire_rested":1,"item_purchase_floors":[14],"current_hp_per_floor":[63,59,59,59,32,32,32,32,32,38,22,13,44,44,53,15,59,20,20],"gold":93,"neow_bonus":"ONE_RARE_RELIC","is_daily":false,"chose_seed":false,"campfire_upgraded":5,"win_rate":0.0,"timestamp":1611263996,"path_taken":["M","M","?","M","M","R","R","R","T","R","?","M","R","$","R","BOSS","M"],"items_purchased_type":["Card"],"build_version":"2020-12-22","purchased_purges":1,"victory":false,"max_hp_per_floor":[64,64,64,64,64,64,64,64,64,64,74,74,74,74,74,74,74,74,74],"card_choices":[{"not_picked":["BootSequence","Steam"],"picked":"Streamline","floor":1.0},{"not_picked":["Sweeping Beam","Compile Driver"],"picked":"Melter","floor":2.0},{"not_picked":["Heatsinks","Redo"],"picked":"Turbo","floor":4.0},{"not_picked":["Force Field","Beam Cell"],"picked":"Rebound","floor":5.0},{"not_picked":["Amplify","Double Energy"],"picked":"Chill","floor":12.0},{"not_picked":["All For One","Buffer"],"picked":"Creative AI","floor":16}],"player_experience":223269,"relics_obtained":[{"floor":9.0,"key":"Eternal Feather"}],"event_choices":[{"cards_removed":["Strike_B"],"damage_healed":0.0,"max_hp_gain":0.0,"max_hp_loss":0.0,"gold_gain":0.0,"event_name":"The Cleric","player_choice":"Card Removal","floor":3.0,"gold_loss":75.0,"damage_taken":0.0},{"damage_healed":0.0,"max_hp_gain":0.0,"max_hp_loss":0.0,"gold_gain":0.0,"event_name":"Scrap Ooze","player_choice":"Success","floor":11.0,"gold_loss":0.0,"damage_taken":26.0,"relics_obtained":["Pear"]}],"is_beta":false,"boss_relics":[{"not_picked":["Nuclear Battery","Tiny House"],"picked":"Inserter"}],"items_purged_floors":[14],"is_endless":false,"potions_floor_spawned":[1,5],"killed_by":"Chosen","ascension_level":19}}