{"host":"9n6i2vl93jt4o42q","time":1611269588,"event":{"mods":["BaseMod","Minty Spire (QoL Compilation)","Relic Stats"],"gold_per_floor":[109,159,177,195,209,209,219,219,219,3,3,3],"floor_reached":11,"language":"ENG","playtime":15421,"items_purged":[],"score":130,"play_id":"26ebfde7-cb77-44d0-a62d-bc5982a1dc34","local_time":"20210121235308","is_ascension_mode":true,"campfire_choices":[{"data":"Dagger Spray","floor":6,"key":"SMITH"},{"floor":8,"key":"REST"}],"circlet_count":0,"master_deck":["AscendersBane","Strike_G","Strike_G","Strike_G","Strike_G","Defend_G","Defend_G","Defend_G","Defend_G","Survivor","Neutralize","Leg Sweep","Heel Hook","Dagger Spray+1","Crippling Poison","Deadly Poison","Footwork","Skewer"],"relics":["Ring of the Snake","Kunai","Membership Card"],"acts_visited":["Exordium"],"potions_floor_usage":[7],"damage_taken":[{"damage":4,"enemies":"Small Slimes","floor":1,"turns":4},{"damage":6,"enemies":"Cultist","floor":3,"turns":7},{"damage":1,"enemies":"Jaw Worm","floor":4,"turns":6},{"damage":10,"enemies":"Red Slaver","floor":5,"turns":7},{"damage":11,"enemies":"Large Slime","floor":7,"turns":7},{"damage":39,"enemies":"3 Sentries","floor":11,"turns":6}],"seed_played":"-1481110790063454757","potions_obtained":[{"floor":3,"key":"Dexterity Potion"},{"floor":4,"key":"AttackPotion"}],"is_trial":false,"path_per_floor":["M","?","M","M","M","R","M","R","T","$","E"],"character_chosen":"THE_SILENT","items_purchased":["Membership Card","Footwork","Skewer"],"campfire_rested":1,"item_purchase_floors":[10,10,10],"current_hp_per_floor":[55,49,43,42,32,32,21,39,39,39,0,0],"gold":3,"neow_bonus":"REMOVE_TWO","is_daily":false,"chose_seed":false,"campfire_upgraded":1,"win_rate":0.0,"timestamp":1611269588,"path_taken":["M","?","M","M","M","R","M","R","T","$","E"],"items_purchased_type":["Relic","Card","Card"],"build_version":"2020-12-22","purchased_purges":0,"victory":false,"max_hp_per_floor":[60,60,60,60,60,60,60,60,60,60,60,60],"relic_stats":{"counters":[6,37],"Kunai":[0],"obtain_stats":[{"Kunai":9,"Membership Card":10,"Ring of the Snake":0},{"Kunai":5,"Membership Card":5,"Ring of the Snake":0},{"Kunai":31,"Membership Card":31,"Ring of the Snake":0}],"Ring of the Snake":[12]},"card_choices":[{"not_picked":["Dodge and Roll","Expertise"],"picked":"Leg Sweep","floor":1},{"not_picked":["Endless Agony","PiercingWail"],"picked":"Heel Hook","floor":3},{"not_picked":["Endless Agony","Noxious Fumes"],"picked":"Dagger Spray","floor":4},{"not_picked":["Endless Agony","Dagger Throw"],"picked":"Crippling Poison","floor":5},{"not_picked":["Dodge and Roll","Outmaneuver"],"picked":"Deadly Poison","floor":7}],"player_experience":2207055,"relics_obtained":[{"floor":9,"key":"Kunai"}],"event_choices":[{"damage_healed":0,"gold_gain":50,"player_choice":"Touch","damage_taken":6,"max_hp_gain":0,"max_hp_loss":0,"event_name":"FaceTrader","floor":2,"gold_loss":0}],"is_beta":false,"boss_relics":[],"items_purged_floors":[],"is_endless":false,"potions_floor_spawned":[3,4],"killed_by":"3 Sentries","ascension_level":20}}