{"host":"yb2vosf5gpvgythe","time":1611220615,"event":{"mods":["BaseMod","Downfall","Minty Spire (QoL Compilation)","StSLib","egg"],"gold_per_floor":[99,114,125,142,142,171,171,171,188,188,188,188,205,236,247,345,345,345,357,457,477,83,83,138,38,54,54,54,89,89,122,140,243,243,143,162,172,81,434,434,434,334,347,375,475,56,56,82,95,95,95,95,95,95],"floor_reached":52,"language":"ENG","playtime":3867,"items_purged":["downfall:Malfunctioning","Slimebound:LeechEnergy","Parasite"],"score":820,"play_id":"818552f5-c209-48ad-ae32-860734a664de","local_time":"20210121041655","is_ascension_mode":true,"campfire_choices":[{"data":"Slimebound:Split","floor":1,"key":"SMITH"},{"data":"Slimebound:SplitAcid","floor":11,"key":"SMITH"},{"data":"Slimebound:DuplicatedForm","floor":18,"key":"SMITH"},{"data":"Slimebound:Teamwork","floor":23,"key":"SMITH"},{"data":"Slimebound:Prepare","floor":25,"key":"SMITH"},{"data":"Slimebound:LivingWall","floor":30,"key":"SMITH"},{"floor":35,"key":"RECALL"},{"data":"Slimebound:LevelUp","floor":42,"key":"SMITH"},{"data":"Slimebound:SplitBruiser","floor":47,"key":"SMITH"}],"circlet_count":0,"master_deck":["Slimebound:Strike_Slimebound+1","Slimebound:Tackle","Slimebound:Defend_Slimebound+1","Slimebound:Defend_Slimebound","Slimebound:Defend_Slimebound","Slimebound:Defend_Slimebound","Slimebound:Split+1","Slimebound:CorrosiveSpit","Slimebound:Prepare+1","Slimebound:SplitAcid+1","Slimebound:ComboTackle","Slimebound:SplitAcid+1","Slimebound:Teamwork+1","Slimebound:PressTheAttack","Slimebound:SplitLeeching","Slimebound:DuplicatedForm+1","Slimebound:DivideAndConquer+1","Slimebound:LevelUp+1","Slimebound:LivingWall+1","Slimebound:ProtectTheBoss","Slimebound:Prepare","Slimebound:Prepare","Slimebound:LeechLife","Slimebound:ProtectTheBoss","Slimebound:PrepareCrush","Slimebound:ServeAndProtect+1","Slimebound:LevelUp+1","Slimebound:RallyTheTroops","Slimebound:ProtectTheBoss+1","expansioncontent:YouAreMine","expansioncontent:HyperBeam","Slimebound:DisruptingSlam+1","Slimebound:LivingWall+1","Slimebound:Split","Slimebound:Schlurp","Slimebound:Equalize","Slimebound:MassFeed","Enlightenment","Slimebound:SplitBruiser+1","Slimebound:LeadByExample","Slimebound:GoopSpray","expansioncontent:PrepareCrush","Slimebound:GoopSpray"],"relics":["Philosopher\u0027s Stone","Letter Opener","Art of War","Eternal Feather","Blood Vial","Smiling Mask","Velvet Choker","Toy Ornithopter","Bag of Preparation","downfall:HeartBlessingBlue","sneckomod:BabySnecko","Bottled Lightning","Shovel","Empty Cage","downfall:HeartBlessingGreen","Potion Belt","Old Coin","Kunai","downfall:HeartBlessingRed","Shuriken","downfall:GremlinSack","Strawberry","Lantern"],"acts_visited":["Exordium","TheCity","TheBeyond","TheEnding"],"potions_floor_usage":[20,22,26,29,32,33,33,33,33,39,44,48,48,50,50],"damage_taken":[{"damage":4,"enemies":"2 Louse","floor":2,"turns":2},{"damage":0,"enemies":"Small Slimes","floor":3,"turns":4},{"damage":0,"enemies":"Jaw Worm","floor":4,"turns":3},{"damage":13,"enemies":"3 Sentries","floor":6,"turns":4},{"damage":0,"enemies":"3 Louse","floor":9,"turns":2},{"damage":0,"enemies":"Blue Slaver","floor":13,"turns":2},{"damage":20,"enemies":"Gremlin Nob","floor":14,"turns":3},{"damage":0,"enemies":"Gremlin Gang","floor":15,"turns":2},{"damage":26,"enemies":"SI_SHIV_ARCHETYPE","floor":16,"turns":9},{"damage":15,"enemies":"Spheric Guardian","floor":19,"turns":3},{"damage":41,"enemies":"downfall:LadyInBlue","floor":20,"turns":9},{"damage":0,"enemies":"Snecko","floor":21,"turns":4},{"damage":15,"enemies":"downfall:FleeingMerchant","floor":22,"turns":4},{"damage":6,"enemies":"Shelled Parasite and Fungi","floor":26,"turns":4},{"damage":9,"enemies":"Slavers","floor":29,"turns":3},{"damage":16,"enemies":"Book of Stabbing","floor":31,"turns":5},{"damage":15,"enemies":"Snake Plant","floor":32,"turns":3},{"damage":19,"enemies":"IC_MUSHROOM_ARCHETYPE","floor":33,"turns":7},{"damage":15,"enemies":"Orb Walker","floor":36,"turns":3},{"damage":0,"enemies":"3 Darklings","floor":37,"turns":2},{"damage":15,"enemies":"downfall:FleeingMerchant","floor":38,"turns":4},{"damage":27,"enemies":"2 Orb Walkers","floor":39,"turns":4},{"damage":16,"enemies":"Spire Growth","floor":43,"turns":3},{"damage":15,"enemies":"Giant Head","floor":44,"turns":7},{"damage":0,"enemies":"Giant Head","floor":45,"turns":2},{"damage":16,"enemies":"Reptomancer","floor":48,"turns":5},{"damage":0,"enemies":"Transient","floor":49,"turns":5},{"damage":33,"enemies":"WA_ARCHETYPE_DIVINITY","floor":50,"turns":11},{"damage":85,"enemies":"downfall:CharBossMerchant","floor":52,"turns":6}],"seed_played":"1230341557081799340","potions_obtained":[{"floor":3,"key":"hexamod:SoulburnPotion"},{"floor":9,"key":"SpeedPotion"},{"floor":14,"key":"SteroidPotion"},{"floor":20,"key":"Weak Potion"},{"floor":20,"key":"SneckoOil"},{"floor":21,"key":"DuplicationPotion"},{"floor":28,"key":"downfall:CursedFountainPotion"},{"floor":31,"key":"champ:CounterPotion"},{"floor":33,"key":"SteroidPotion"},{"floor":36,"key":"GamblersBrew"},{"floor":43,"key":"Explosive Potion"},{"floor":44,"key":"GamblersBrew"},{"floor":45,"key":"Slimebound:ThreeZeroPotion"}],"is_trial":false,"path_per_floor":["R","M","M","M","?","E","T","?","M","T","R","?","M","E","M","B",null,"R","M","?","M","$","R","T","R","M","?","?","E","R","E","M","B",null,"R","M","M","$","?","?","T","R","M","E","?","$","R","E","M","B",null,"E"],"character_chosen":"SLIMEBOUND","items_purchased":["Slimebound:ProtectTheBoss","Bag of Preparation","EntropicBrew","Slimebound:LevelUp","Slimebound:RallyTheTroops","Potion Belt","Strawberry","Slimebound:LeadByExample","Slimebound:GoopSpray","expansioncontent:PrepareCrush","Swift Potion"],"campfire_rested":0,"item_purchase_floors":[22,22,22,38,38,38,46,46,46,46,46],"current_hp_per_floor":[65,61,61,61,58,45,45,45,45,45,54,54,56,38,40,16,65,65,65,39,41,48,60,60,75,69,69,69,66,75,74,75,75,75,75,75,75,75,63,58,58,75,74,75,75,79,79,79,79,79,79,0,0,0],"gold":95,"neow_bonus":"BOSS_RELIC","is_daily":false,"chose_seed":false,"campfire_upgraded":8,"win_rate":0.0,"timestamp":1611220615,"path_taken":["R","M","M","M","?","E","T","?","M","?","R","?","M","E","M","BOSS","R","M","?","M","$","R","T","R","?","?","?","E","R","E","M","BOSS","R","M","M","$","?","?","T","R","M","E","?","$","R","E","M","BOSS","E"],"items_purchased_type":["Card","Relic","Potion","Card","Card","Relic","Relic","Card","Card","Card","Potion"],"build_version":"2020-12-22","purchased_purges":3,"victory":false,"max_hp_per_floor":[65,65,65,65,65,65,65,65,65,65,65,65,65,65,65,65,65,65,65,65,65,65,65,65,75,75,75,75,75,75,75,75,75,75,75,75,75,75,75,75,75,75,75,75,75,79,79,79,79,79,79,79,79,79],"card_choices":[{"not_picked":["Slimebound:SamplingLick","Slimebound:AcidTongue"],"picked":"Slimebound:Prepare","floor":2},{"not_picked":["Slimebound:AcidTongue","Slimebound:RollThrough"],"picked":"Slimebound:SplitAcid","floor":3},{"not_picked":["Slimebound:FinishingTackle","Slimebound:RainOfGoop"],"picked":"Slimebound:LeechEnergy","floor":4},{"not_picked":["Slimebound:Chomp","Slimebound:FinishingTackle"],"picked":"Slimebound:ComboTackle","floor":6},{"not_picked":["Slimebound:Dissolve","Slimebound:Repurpose"],"picked":"Slimebound:SplitAcid","floor":9},{"not_picked":["Slimebound:SplitMire","Slimebound:RainOfGoop"],"picked":"Slimebound:Teamwork","floor":13},{"not_picked":["Slimebound:LeechingTouch","Slimebound:ComboTackle"],"picked":"Slimebound:PressTheAttack","floor":14},{"not_picked":["Slimebound:SplitAcid","Slimebound:RollThrough"],"picked":"Slimebound:SplitLeeching","floor":15},{"not_picked":["Slimebound:WasteNot","Slimebound:SlimeSlap"],"picked":"Slimebound:DuplicatedForm","floor":16},{"not_picked":["Slimebound:DisruptingSlam","Slimebound:SplitMire"],"picked":"Slimebound:DivideAndConquer+1","floor":19},{"not_picked":["Slimebound:GoopTackle","Slimebound:Schlurp"],"picked":"Slimebound:LevelUp+1","floor":20},{"not_picked":["Slimebound:GoopTackle","Slimebound:RollThrough","Slimebound:TongueLash+1"],"picked":"SKIP","floor":21},{"not_picked":["Slimebound:SplitAcid+1","Slimebound:FlameTackle"],"picked":"Slimebound:LivingWall","floor":22},{"not_picked":["Slimebound:LeadByExample","Slimebound:RainOfGoop"],"picked":"Slimebound:Prepare","floor":26},{"not_picked":["Slimebound:SlimeBarrage","Slimebound:SlimeSpikes"],"picked":"Slimebound:Prepare","floor":29},{"not_picked":["Slimebound:SplitAcid","Slimebound:Nibble"],"picked":"Slimebound:LeechLife","floor":31},{"not_picked":["Slimebound:ForwardTackle","Slimebound:DisruptingSlam"],"picked":"Slimebound:ProtectTheBoss","floor":32},{"not_picked":["Slimebound:DouseInSlime","Slimebound:LeechLife"],"picked":"Slimebound:PrepareCrush","floor":33},{"not_picked":["Slimebound:PressTheAttack","Slimebound:DisruptingSlam","Slimebound:ItLooksTasty"],"picked":"SKIP","floor":36},{"not_picked":["Slimebound:TongueLash+1","Slimebound:DisruptingSlam+1"],"picked":"Slimebound:ServeAndProtect+1","floor":37},{"not_picked":["Slimebound:SplitMire","Slimebound:FinishingTackle","Slimebound:RollThrough+1"],"picked":"SKIP","floor":38},{"not_picked":["Slimebound:ComboTackle","Slimebound:RejuvenatingLick"],"picked":"Slimebound:ProtectTheBoss+1","floor":39},{"not_picked":["expansioncontent:AwakenDeath","expansioncontent:GuardianWhirl"],"picked":"expansioncontent:YouAreMine","floor":40},{"not_picked":["expansioncontent:AwakenDeath","expansioncontent:YouAreMine"],"picked":"expansioncontent:HyperBeam","floor":40},{"not_picked":["Slimebound:SplitAcid+1","Slimebound:FinishingTackle+1"],"picked":"Slimebound:DisruptingSlam+1","floor":43},{"not_picked":["Slimebound:ServeAndProtect+1","Slimebound:Equalize"],"picked":"Slimebound:LivingWall+1","floor":44},{"not_picked":["Slimebound:Chomp","Slimebound:SlimeSpikes"],"picked":"Slimebound:SplitBruiser","floor":45},{"not_picked":["Slimebound:LivingWall","Slimebound:SplitMire+1"],"picked":"Slimebound:GoopSpray","floor":48},{"not_picked":["Slimebound:Dissolve+1","Slimebound:SamplingLick+1","Slimebound:SplitMire"],"picked":"SKIP","floor":49}],"player_experience":442147,"relics_obtained":[{"floor":6,"key":"Art of War"},{"floor":7,"key":"Eternal Feather"},{"floor":10,"key":"Blood Vial"},{"floor":14,"key":"Smiling Mask"},{"floor":20,"key":"Toy Ornithopter"},{"floor":29,"key":"Bottled Lightning"},{"floor":31,"key":"Shovel"},{"floor":39,"key":"Old Coin"},{"floor":41,"key":"Kunai"},{"floor":44,"key":"Shuriken"},{"floor":45,"key":"downfall:GremlinSack"},{"floor":48,"key":"Lantern"}],"event_choices":[{"damage_healed":0,"gold_gain":0,"player_choice":"Success","damage_taken":3,"relics_obtained":["Letter Opener"],"max_hp_gain":0,"max_hp_loss":0,"event_name":"Scrap Ooze","floor":5,"gold_loss":0},{"damage_healed":0,"gold_gain":0,"player_choice":"Fight","damage_taken":0,"max_hp_gain":0,"max_hp_loss":0,"event_name":"Mysterious Sphere","floor":39,"gold_loss":0}],"is_beta":false,"boss_relics":[{"not_picked":["Astrolabe","Black Star"],"picked":"Velvet Choker"},{"not_picked":["Coffee Dripper","Runic Dome"],"picked":"Empty Cage"}],"items_purged_floors":[22,38,46],"is_endless":false,"potions_floor_spawned":[3,9,14,19,21,31,33,36,43,44,45],"killed_by":"downfall:CharBossMerchant","ascension_level":1}}