{"host":"k85tjwrh7mjrrc9a","time":1611260967,"event":{"mods":["AchievementEnabler","BaseMod","Colored Powertips","Highlight Path","Minty Spire (QoL Compilation)","Rare Cards Sparkle","StSLib"],"gold_per_floor":[111,111,111,130,149,149,159,159,159,189,200,152,152,172,172,271,271,285,285,297,222,242,242,262,278,301,317,317,317,317,328,328,328,328],"floor_reached":33,"language":"ENG","playtime":1268,"items_purged":["Shame"],"score":389,"play_id":"fababbf6-c600-4e10-88ff-66ec318e5a62","local_time":"20210121152927","is_ascension_mode":true,"campfire_choices":[{"data":"Bash","floor":6,"key":"SMITH"},{"data":"Inflame","floor":8,"key":"SMITH"},{"data":"Pommel Strike","floor":15,"key":"SMITH"},{"data":"Evolve","floor":23,"key":"SMITH"},{"floor":28,"key":"REST"},{"floor":32,"key":"REST"}],"circlet_count":0,"master_deck":["AscendersBane","Strike_R","Strike_R+1","Strike_R","Strike_R","Strike_R","Defend_R","Defend_R","Defend_R","Defend_R","Bash+1","Armaments+1","Iron Wave","Pommel Strike+1","Inflame+1","Shrug It Off","Twin Strike","Cleave","Pommel Strike","Feed","Evolve+1","Body Slam+1","Heavy Blade+1"],"relics":["Burning Blood","NeowsBlessing","InkBottle","Mercury Hourglass","TungstenRod","Velvet Choker","Dead Branch","MealTicket"],"acts_visited":["Exordium","TheCity"],"potions_floor_usage":[27,33],"damage_taken":[{"damage":0,"enemies":"Jaw Worm","floor":1,"turns":1},{"damage":0,"enemies":"Cultist","floor":4,"turns":1},{"damage":0,"enemies":"2 Louse","floor":5,"turns":1},{"damage":1,"enemies":"2 Fungi Beasts","floor":7,"turns":4},{"damage":16,"enemies":"Gremlin Nob","floor":10,"turns":4},{"damage":6,"enemies":"Large Slime","floor":11,"turns":7},{"damage":10,"enemies":"Lots of Slimes","floor":14,"turns":3},{"damage":30,"enemies":"Hexaghost","floor":16,"turns":9},{"damage":13,"enemies":"2 Thieves","floor":18,"turns":4},{"damage":3,"enemies":"Chosen","floor":20,"turns":4},{"damage":23,"enemies":"3 Cultists","floor":22,"turns":4},{"damage":34,"enemies":"Snake Plant","floor":24,"turns":4},{"damage":18,"enemies":"Sentry and Sphere","floor":25,"turns":5},{"damage":6,"enemies":"Cultist and Chosen","floor":27,"turns":4},{"damage":31,"enemies":"Snake Plant","floor":31,"turns":4},{"damage":67,"enemies":"Champ","floor":33,"turns":9}],"seed_played":"-3837828776982550999","potions_obtained":[{"floor":3,"key":"Swift Potion"},{"floor":3,"key":"Ancient Potion"},{"floor":3,"key":"BloodPotion"}],"is_trial":false,"path_per_floor":["M","?","?","M","M","R","M","R","T","E","M","$","?","M","R","B",null,"M","?","M","$","M","R","M","M","T","M","R","?","?","M","R","B"],"character_chosen":"IRONCLAD","items_purchased":["Cleave"],"campfire_rested":2,"item_purchase_floors":[12],"current_hp_per_floor":[78,62,62,68,74,74,79,79,79,69,69,69,62,58,58,34,69,65,65,68,68,54,54,26,14,14,17,43,43,43,18,44,0,0],"gold":328,"neow_bonus":"THREE_ENEMY_KILL","is_daily":false,"chose_seed":false,"campfire_upgraded":4,"win_rate":0.0,"timestamp":1611260967,"path_taken":["M","?","?","?","M","R","M","R","T","E","M","$","?","M","R","BOSS","M","?","M","$","M","R","M","M","T","M","R","?","?","?","R","BOSS"],"items_purchased_type":["Card"],"build_version":"2020-12-22","purchased_purges":1,"victory":false,"max_hp_per_floor":[80,80,80,80,80,80,80,80,80,80,80,80,80,80,80,80,80,83,83,83,83,86,86,86,86,86,89,89,89,89,89,89,89,89],"card_choices":[{"not_picked":["Flame Barrier","Sever Soul"],"picked":"Armaments","floor":1},{"not_picked":["Ghostly Armor","Sword Boomerang"],"picked":"Iron Wave","floor":4},{"not_picked":["Body Slam","Twin Strike"],"picked":"Pommel Strike","floor":5},{"not_picked":["Uppercut","Burning Pact"],"picked":"Inflame","floor":7},{"not_picked":["Thunderclap","Headbutt"],"picked":"Shrug It Off","floor":10},{"not_picked":["Clothesline","Armaments"],"picked":"Twin Strike","floor":11},{"not_picked":["Dropkick","Havoc"],"picked":"Pommel Strike","floor":14},{"not_picked":["Impervious","Berserk"],"picked":"Feed","floor":16},{"not_picked":["Warcry+1","Heavy Blade+1"],"picked":"Evolve","floor":18},{"not_picked":["Power Through+1","Body Slam","Sword Boomerang"],"picked":"SKIP","floor":20},{"not_picked":["Sword Boomerang+1","Juggernaut"],"picked":"Body Slam+1","floor":22},{"not_picked":["Anger","Rage"],"picked":"Heavy Blade+1","floor":24},{"not_picked":["Thunderclap","Sword Boomerang","Clash+1"],"picked":"SKIP","floor":25},{"not_picked":["Sword Boomerang","Rupture","Sever Soul"],"picked":"SKIP","floor":27},{"not_picked":["Fire Breathing+1","Armaments","Cleave"],"picked":"SKIP","floor":31}],"player_experience":205907,"relics_obtained":[{"floor":9,"key":"InkBottle"},{"floor":10,"key":"Mercury Hourglass"},{"floor":26,"key":"MealTicket"}],"event_choices":[{"damage_healed":0,"gold_gain":0,"player_choice":"Entered Light","damage_taken":16,"max_hp_gain":0,"max_hp_loss":0,"event_name":"Shining Light","floor":2,"gold_loss":0,"cards_upgraded":["Strike_R","Armaments"]},{"damage_healed":0,"gold_gain":0,"player_choice":"Got Potions","damage_taken":0,"max_hp_gain":0,"max_hp_loss":0,"event_name":"Lab","floor":3,"gold_loss":0},{"damage_healed":0,"gold_gain":0,"player_choice":"Success","damage_taken":7,"relics_obtained":["TungstenRod"],"max_hp_gain":0,"max_hp_loss":0,"event_name":"Scrap Ooze","floor":13,"gold_loss":0},{"damage_healed":0,"gold_gain":0,"player_choice":"Stole Relic","damage_taken":0,"relics_obtained":["Dead Branch"],"max_hp_gain":0,"max_hp_loss":0,"event_name":"Addict","floor":19,"gold_loss":0,"cards_obtained":["Shame"]},{"damage_healed":0,"gold_gain":0,"player_choice":"Ignored","damage_taken":0,"max_hp_gain":0,"max_hp_loss":0,"event_name":"Vampires","floor":29,"gold_loss":0},{"damage_healed":0,"gold_gain":0,"player_choice":"Bought 0 Potions","damage_taken":0,"max_hp_gain":0,"max_hp_loss":0,"event_name":"The Woman in Blue","floor":30,"gold_loss":0}],"is_beta":false,"boss_relics":[{"not_picked":["Calling Bell","Astrolabe"],"picked":"Velvet Choker"}],"items_purged_floors":[21],"is_endless":false,"potions_floor_spawned":[4,7,11,14,18,24,25],"killed_by":"Champ","ascension_level":11}}