{"host":"u4pncpybdtxxvw4r","time":1611250949,"event":{"mods":["AchievementEnabler","BaseMod","Block Reminder","Colored Powertips","Downfall","Marisa£®ÏF”Í°°ƒß¿Ì…≥£©","Minty Spire (QoL Compilation)","Permanent Neow","Potion Indicator Mod","Rare Cards Sparkle","StSLib","SuperFastMode"],"gold_per_floor":[99,99,99,99,99,24,93,93,106,6,25,125,140,151,164,260,260,160,177,177,177,30,30,56,74,87,100,9,9,9,9,20,20,20,20],"floor_reached":33,"language":"ZHS","playtime":1446,"items_purged":["downfall:Malfunctioning"],"score":235,"play_id":"6af1ce7e-1582-4ded-9062-d4c2c138ae91","local_time":"20210122014229","is_ascension_mode":false,"campfire_choices":[{"floor":1.0,"key":"RECALL"},{"data":"Guardian:Orbwalk","floor":8.0,"key":"SMITH"},{"data":"Guardian:SentryBeam","floor":10.0,"key":"SMITH"},{"data":"Guardian:GatlingBeam","floor":18,"key":"SMITH"},{"data":"Guardian:TimeBomb","floor":23,"key":"SMITH"}],"circlet_count":0,"master_deck":["Guardian:Strike_Guardian+1","Guardian:Strike_Guardian","Guardian:Strike_Guardian","Guardian:Defend_Guardian+1","Guardian:Defend_Guardian","Guardian:Defend_Guardian","Guardian:Defend_Guardian+1","Guardian:CurlUp","Guardian:TwinSlam","Guardian:SentryBeam+1","Guardian:Orbwalk+1","Guardian:ChargeUp","Guardian:Reroute","Guardian:TimeBomb+1","Guardian:GatlingBeam+1","Guardian:Clone","Guardian:GatlingBeam","CurseOfTheBell","Guardian:ChargeCore+1","Guardian:ChargeCore","Guardian:Reroute","Guardian:Preprogram","Guardian:TemporalStrike","Guardian:ShieldCharger","Guardian:Suspension","Guardian:Preprogram","Guardian:Clone","Guardian:ChargeCore+1"],"relics":["Guardian:ModeShifter","downfall:HeartsMalice","downfall:HeartBlessingRed","Calling Bell","Blood Vial","White Beast Statue","Ice Cream","downfall:HeartBlessingBlue","Guardian:PickAxe"],"acts_visited":["Exordium","TheCity"],"potions_floor_usage":[16,16,16,26,33,33,33],"damage_taken":[{"damage":0.0,"enemies":"2 Louse","floor":2.0,"turns":1.0},{"damage":0.0,"enemies":"Small Slimes","floor":5.0,"turns":1.0},{"damage":0.0,"enemies":"downfall:FleeingMerchant","floor":6.0,"turns":1.0},{"damage":1.0,"enemies":"Cultist","floor":9.0,"turns":4.0},{"damage":10.0,"enemies":"Exordium Thugs","floor":11.0,"turns":4.0},{"damage":7,"enemies":"Blue Slaver","floor":13,"turns":3},{"damage":3,"enemies":"Large Slime","floor":14,"turns":5},{"damage":14,"enemies":"Gremlin Gang","floor":15,"turns":4},{"damage":34,"enemies":"IC_STATUS_ARCHETYPE","floor":16,"turns":10},{"damage":11,"enemies":"Shell Parasite","floor":19,"turns":5},{"damage":0,"enemies":"downfall:FleeingMerchant","floor":22,"turns":4},{"damage":21,"enemies":"Snake Plant","floor":25,"turns":5},{"damage":15,"enemies":"Shelled Parasite and Fungi","floor":26,"turns":5},{"damage":3,"enemies":"Snecko","floor":27,"turns":4},{"damage":0,"enemies":"downfall:FleeingMerchant","floor":28,"turns":4},{"damage":15,"enemies":"Centurion and Healer","floor":32,"turns":5},{"damage":42,"enemies":"DF_ARCHETYPE_CLAW","floor":33,"turns":6}],"seed_played":"3480127719753193549","potions_obtained":[{"floor":4.0,"key":"downfall:CursedFountainPotion"},{"floor":9.0,"key":"Fire Potion"},{"floor":11.0,"key":"Fire Potion"},{"floor":19,"key":"Fire Potion"},{"floor":22,"key":"Strength Potion"},{"floor":25,"key":"Swift Potion"},{"floor":26,"key":"GamblersBrew"},{"floor":30,"key":"CultistPotion"}],"is_trial":false,"path_per_floor":["R","M","?","?","M","$","T","R","M","R","M","?","M","M","M","B",null,"R","M","?","?","$","R","T","M","M","M","$","?","?","?","M","B"],"character_chosen":"GUARDIAN","items_purchased":["Guardian:Preprogram","Guardian:TemporalStrike","Guardian:Clone"],"campfire_rested":0,"item_purchase_floors":[22,22,28],"current_hp_per_floor":[80,80,80,80,80,80,80,80,79,79,69,69,62,59,45,11,80,90,79,79,79,81,81,81,62,49,48,50,50,50,50,37,0,0,0],"gold":20,"neow_bonus":"THREE_ENEMY_KILL","is_daily":false,"chose_seed":false,"campfire_upgraded":4,"win_rate":0.0,"timestamp":1611250949,"path_taken":["R","M","?","?","?","?","T","R","M","R","M","?","M","M","M","BOSS","R","M","?","?","$","R","T","M","?","M","$","?","?","?","M","BOSS"],"items_purchased_type":["Card","Card","Card"],"build_version":"2020-12-22","purchased_purges":1,"victory":false,"max_hp_per_floor":[80,80,80,80,80,80,80,80,80,80,80,80,80,80,80,80,80,90,90,90,90,90,90,90,90,90,90,90,90,90,90,90,90,90,90],"card_choices":[{"not_picked":["Guardian:ShieldCharger","Guardian:Orbwalk"],"picked":"Guardian:SentryBeam","floor":2.0},{"not_picked":["Guardian:PrimingBeam","Guardian:BodySlam"],"picked":"Guardian:Orbwalk","floor":5.0},{"not_picked":["Guardian:DonusPower","Guardian:Clone"],"picked":"Guardian:ChargeUp","floor":6.0},{"not_picked":["Guardian:TemporalShield","Guardian:PolyBeam"],"picked":"Guardian:Reroute","floor":9.0},{"not_picked":["Guardian:Gem_Lightblue","Guardian:PolyBeam"],"picked":"Guardian:TimeBomb","floor":11.0},{"not_picked":["Guardian:Gem_Green","Guardian:RefractedBeam"],"picked":"Guardian:Gem_Lightblue","floor":13},{"not_picked":["Guardian:BodySlam","Guardian:PolyBeam"],"picked":"Guardian:GatlingBeam","floor":14},{"not_picked":["Guardian:EvasiveProtocol","Guardian:PrismaticBarrier"],"picked":"Guardian:Clone","floor":15},{"not_picked":["Guardian:FierceBash","Guardian:FastForward"],"picked":"Guardian:GatlingBeam","floor":16},{"not_picked":["Guardian:RollAttack","Guardian:Gem_Red"],"picked":"Guardian:ChargeCore+1","floor":19},{"not_picked":["Guardian:WalkerClaw","Guardian:TemporalShield"],"picked":"Guardian:Reroute","floor":22},{"not_picked":["Guardian:ChargeCore+1","Guardian:WalkerClaw"],"picked":"Guardian:ShieldCharger","floor":25},{"not_picked":["Guardian:Gem_Blue","Guardian:PiercingHide"],"picked":"Guardian:Suspension","floor":26},{"not_picked":["Guardian:RollAttack","Guardian:ChargeUp"],"picked":"Guardian:Preprogram","floor":27},{"not_picked":["Guardian:SpikerProtocol+1","Guardian:TemporalStrike"],"picked":"Guardian:Gem_Orange","floor":28},{"not_picked":["Guardian:VentSteam","Guardian:CrystalBeam+1"],"picked":"Guardian:ChargeCore+1","floor":32}],"player_experience":61701,"relics_obtained":[{"floor":17,"key":"Blood Vial"},{"floor":17,"key":"White Beast Statue"},{"floor":17,"key":"Ice Cream"},{"floor":24,"key":"Guardian:PickAxe"}],"event_choices":[],"is_beta":false,"boss_relics":[{"not_picked":["Astrolabe","Cursed Key"],"picked":"Calling Bell"}],"items_purged_floors":[6],"is_endless":false,"potions_floor_spawned":[9,11,19,22,25,26,27,28,32],"killed_by":"DF_ARCHETYPE_CLAW","ascension_level":0}}