{"host":"8rqsnaeml9gxb0kp","time":1611207196,"event":{"mods":["AchievementEnabler","BaseMod","Dark Map","Minty Spire (QoL Compilation)","StSLib"],"gold_per_floor":[359,375,394,394,57,86,105,139,151,163,188,200,231,243,255,362,374,400,429,441,441],"floor_reached":20,"language":"ENG","playtime":1076,"items_purged":[],"score":274,"play_id":"869decef-5df1-45ac-b5ad-f9b0ab0dcd91","local_time":"20210120213316","is_ascension_mode":true,"campfire_choices":[{"floor":10.0,"key":"REST"},{"floor":12.0,"key":"REST"},{"data":"Dual Wield","floor":15.0,"key":"SMITH"}],"circlet_count":0,"master_deck":["Strike_R","Strike_R","Strike_R","Strike_R+1","Strike_R+1","Defend_R","Defend_R","Defend_R","Defend_R","Bash","Pommel Strike","Thunderclap","Hemokinesis","Uppercut","Perfected Strike","Dual Wield+1","Feed","Iron Wave","Power Through","Feed","CurseOfTheBell","True Grit+1","Reaper"],"relics":["Burning Blood","Kunai","PreservedInsect","MawBank","Mercury Hourglass","Calling Bell","Blood Vial","Blue Candle","Gambling Chip"],"acts_visited":["Exordium","TheCity"],"potions_floor_usage":[18,19,20],"damage_taken":[{"damage":2.0,"enemies":"2 Louse","floor":1.0,"turns":4.0},{"damage":1.0,"enemies":"Small Slimes","floor":2.0,"turns":4.0},{"damage":7.0,"enemies":"Jaw Worm","floor":3.0,"turns":5.0},{"damage":42.0,"enemies":"Lagavulin","floor":6.0,"turns":6.0},{"damage":14.0,"enemies":"Exordium Wildlife","floor":7.0,"turns":4.0},{"damage":4.0,"enemies":"Gremlin Nob","floor":8.0,"turns":2.0},{"damage":13.0,"enemies":"Blue Slaver","floor":11.0,"turns":2.0},{"damage":0.0,"enemies":"Gremlin Gang","floor":13.0,"turns":3.0},{"damage":26.0,"enemies":"Slime Boss","floor":16.0,"turns":9.0},{"damage":25,"enemies":"2 Thieves","floor":18,"turns":5},{"damage":31,"enemies":"Shell Parasite","floor":19,"turns":7},{"damage":44,"enemies":"Masked Bandits","floor":20,"turns":3}],"seed_played":"-8321407412274273963","potions_obtained":[{"floor":1.0,"key":"Dexterity Potion"},{"floor":3.0,"key":"Swift Potion"},{"floor":6.0,"key":"LiquidBronze"},{"floor":18,"key":"Swift Potion"}],"is_trial":false,"path_per_floor":["M","M","M","?","$","E","M","E","T","R","M","R","M","?","R","B",null,"M","M","?"],"character_chosen":"IRONCLAD","items_purchased":["Uppercut","Kunai"],"campfire_rested":2,"item_purchase_floors":[5,5],"current_hp_per_floor":[72,72,71,57,57,21,13,15,15,36,29,50,59,64,64,44,71,54,31,0,0],"gold":441,"neow_bonus":"TWO_FIFTY_GOLD","is_daily":false,"chose_seed":false,"campfire_upgraded":1,"win_rate":0.0,"timestamp":1611207196,"path_taken":["M","M","M","?","$","E","M","E","T","R","M","R","M","?","R","BOSS","M","M","?"],"items_purchased_type":["Card","Relic"],"build_version":"2020-12-22","purchased_purges":0,"victory":false,"max_hp_per_floor":[72,72,72,72,72,72,72,72,72,72,72,72,75,80,80,80,80,80,80,83,83],"card_choices":[{"not_picked":["Fire Breathing","Warcry"],"picked":"Pommel Strike","floor":1.0},{"not_picked":["Searing Blow","Pommel Strike"],"picked":"Thunderclap","floor":2.0},{"not_picked":["Warcry","Bloodletting"],"picked":"Hemokinesis","floor":3.0},{"not_picked":["Heavy Blade","Reckless Charge"],"picked":"Perfected Strike","floor":6.0},{"not_picked":["Warcry","Dropkick"],"picked":"Dual Wield","floor":7.0},{"not_picked":["Headbutt","Body Slam"],"picked":"Feed","floor":8.0},{"not_picked":["Rupture","Sword Boomerang"],"picked":"Iron Wave","floor":11.0},{"not_picked":["Hemokinesis","Headbutt"],"picked":"Power Through","floor":13.0},{"not_picked":["Fiend Fire","Exhume"],"picked":"Feed","floor":16.0},{"not_picked":["Warcry","Headbutt"],"picked":"True Grit+1","floor":18},{"not_picked":["Flex","Whirlwind"],"picked":"Reaper","floor":19}],"player_experience":112476,"relics_obtained":[{"floor":6.0,"key":"PreservedInsect"},{"floor":8.0,"key":"MawBank"},{"floor":9.0,"key":"Mercury Hourglass"},{"floor":17.0,"key":"Blood Vial"},{"floor":17.0,"key":"Blue Candle"},{"floor":17.0,"key":"Gambling Chip"}],"event_choices":[{"damage_healed":0.0,"max_hp_gain":0.0,"max_hp_loss":0.0,"gold_gain":0.0,"event_name":"Shining Light","player_choice":"Entered Light","floor":4.0,"gold_loss":0.0,"damage_taken":14.0,"cards_upgraded":["Strike_R","Strike_R"]},{"damage_healed":0.0,"max_hp_gain":5.0,"max_hp_loss":0.0,"gold_gain":0.0,"event_name":"Big Fish","player_choice":"Donut","floor":14.0,"gold_loss":0.0,"damage_taken":0.0},{"damage_healed":0,"gold_gain":0,"player_choice":"Fought Bandits","damage_taken":0,"max_hp_gain":0,"max_hp_loss":0,"event_name":"Masked Bandits","floor":20,"gold_loss":0}],"is_beta":false,"boss_relics":[{"not_picked":["Snecko Eye","Coffee Dripper"],"picked":"Calling Bell"}],"items_purged_floors":[],"is_endless":false,"potions_floor_spawned":[1,3,6,11,18],"killed_by":"Masked Bandits","ascension_level":6}}