{"host":"fwszrsv3xaezmgui","time":1611208244,"event":{"mods":["BaseMod","Highlight Path","Minty Spire (QoL Compilation)","Quick Restart"],"gold_per_floor":[113,15,27,27,27,54,54,86,158,158,169,179,191,201,201,298,298,317,317,317,14,34,34,48,48,48,81,81,81],"floor_reached":28,"language":"ENG","playtime":1384,"items_purged":[],"score":273,"play_id":"c2a4acb8-765e-4c87-8af9-c857105c25cb","local_time":"20210121005044","is_ascension_mode":false,"campfire_choices":[{"data":"Storm","floor":7.0,"key":"SMITH"},{"floor":10.0,"key":"REST"},{"data":"Redo","floor":15.0,"key":"SMITH"},{"floor":23,"key":"REST"},{"floor":25,"key":"REST"}],"circlet_count":0,"master_deck":["Strike_B","Strike_B","Strike_B","Strike_B","Defend_B","Defend_B","Defend_B","Defend_B","Zap","Dualcast","Beam Cell","Gash","Storm+1","Tempest","Redo+1","Gash","Cold Snap","Sweeping Beam","Sweeping Beam","Multi-Cast","Echo Form","Auto Shields","Necronomicurse","Sunder","Gash","Tempest"],"relics":["Cracked Core","NeowsBlessing","Oddly Smooth Stone","Sundial","Kunai","Inserter","Necronomicon","Ornamental Fan","Regal Pillow","Toolbox","Meat on the Bone","Girya"],"acts_visited":["Exordium","TheCity"],"potions_floor_usage":[16,16,16,22,24,27],"damage_taken":[{"damage":0.0,"enemies":"Jaw Worm","floor":1.0,"turns":1.0},{"damage":0.0,"enemies":"Small Slimes","floor":3.0,"turns":1.0},{"damage":0.0,"enemies":"Gremlin Nob","floor":6.0,"turns":1.0},{"damage":30.0,"enemies":"Lagavulin","floor":8.0,"turns":5.0},{"damage":0.0,"enemies":"2 Louse","floor":11.0,"turns":2.0},{"damage":11.0,"enemies":"Exordium Thugs","floor":12.0,"turns":4.0},{"damage":3.0,"enemies":"Exordium Wildlife","floor":13.0,"turns":3.0},{"damage":0.0,"enemies":"3 Louse","floor":14.0,"turns":3.0},{"damage":36,"enemies":"Hexaghost","floor":16,"turns":10},{"damage":42,"enemies":"Shell Parasite","floor":18,"turns":9},{"damage":14,"enemies":"2 Thieves","floor":22,"turns":3},{"damage":32,"enemies":"Cultist and Chosen","floor":24,"turns":7},{"damage":45,"enemies":"Book of Stabbing","floor":27,"turns":6},{"damage":30,"enemies":"3 Cultists","floor":28,"turns":4}],"seed_played":"4239817144894216689","potions_obtained":[{"floor":6.0,"key":"LiquidMemories"},{"floor":11.0,"key":"CultistPotion"},{"floor":13.0,"key":"SpeedPotion"},{"floor":16,"key":"BlessingOfTheForge"},{"floor":18,"key":"LiquidMemories"},{"floor":22,"key":"Regen Potion"}],"is_trial":false,"path_per_floor":["M","$","M","?","?","E","R","E","T","R","M","M","M","M","R","B",null,"M","?","T","$","M","R","M","R","T","E","M"],"character_chosen":"DEFECT","items_purchased":["Gash","Storm","Regal Pillow","Toolbox"],"campfire_rested":3,"item_purchase_floors":[2,2,21,21],"current_hp_per_floor":[75,75,75,75,75,75,75,45,45,67,67,56,53,53,53,17,75,33,17,17,17,3,40,23,60,60,27,0,0],"gold":81,"neow_bonus":"THREE_ENEMY_KILL","is_daily":false,"chose_seed":false,"campfire_upgraded":2,"win_rate":0.0,"timestamp":1611208244,"path_taken":["M","$","M","?","?","E","R","E","T","R","M","M","M","M","R","BOSS","M","?","?","?","M","R","M","R","T","E","M"],"items_purchased_type":["Card","Card","Relic","Relic"],"build_version":"2020-12-22","purchased_purges":0,"victory":false,"max_hp_per_floor":[75,75,75,75,75,75,75,75,75,75,75,75,75,75,75,75,75,75,75,75,75,75,75,75,75,75,75,75,75],"card_choices":[{"not_picked":["Turbo","Compile Driver"],"picked":"Beam Cell","floor":1.0},{"not_picked":["Turbo","Steam"],"picked":"Tempest","floor":3.0},{"not_picked":["FTL","Beam Cell"],"picked":"Redo","floor":6.0},{"not_picked":["Darkness","Defragment"],"picked":"Gash","floor":8.0},{"not_picked":["Scrape","All For One"],"picked":"Cold Snap","floor":11.0},{"not_picked":["Rebound","Cold Snap"],"picked":"Sweeping Beam","floor":12.0},{"not_picked":["Rebound","Leap"],"picked":"Sweeping Beam","floor":13.0},{"not_picked":["Cold Snap","Coolheaded"],"picked":"Multi-Cast","floor":14.0},{"not_picked":["Reboot","Thunder Strike"],"picked":"Echo Form","floor":16},{"not_picked":["Conserve Battery","Sweeping Beam"],"picked":"Auto Shields","floor":18},{"not_picked":["Coolheaded","Cold Snap+1"],"picked":"Sunder","floor":22},{"not_picked":["Conserve Battery","Coolheaded+1"],"picked":"Gash","floor":24},{"not_picked":["Scrape","Sweeping Beam"],"picked":"Tempest","floor":27}],"player_experience":56140,"relics_obtained":[{"floor":6.0,"key":"Oddly Smooth Stone"},{"floor":8.0,"key":"Sundial"},{"floor":9.0,"key":"Kunai"},{"floor":19,"key":"Necronomicon"},{"floor":20,"key":"Ornamental Fan"},{"floor":26,"key":"Meat on the Bone"},{"floor":27,"key":"Girya"}],"event_choices":[{"damage_healed":0.0,"max_hp_gain":0.0,"max_hp_loss":0.0,"gold_gain":0.0,"event_name":"Liars Game","player_choice":"Ignored","floor":4.0,"gold_loss":0.0,"damage_taken":0.0},{"damage_healed":0.0,"max_hp_gain":0.0,"max_hp_loss":0.0,"gold_gain":0.0,"event_name":"Golden Idol","player_choice":"Ignored","floor":5.0,"gold_loss":0.0,"damage_taken":0.0},{"damage_healed":0,"gold_gain":0,"player_choice":"Obtained Book","damage_taken":16,"max_hp_gain":0,"max_hp_loss":0,"event_name":"Cursed Tome","floor":19,"gold_loss":0}],"is_beta":false,"boss_relics":[{"not_picked":["Busted Crown","Calling Bell"],"picked":"Inserter"}],"items_purged_floors":[],"is_endless":false,"potions_floor_spawned":[6,11,13,16,18,22],"killed_by":"3 Cultists","ascension_level":0}}