{"host":"xp5rvh2jwe2ejyfm","time":1611240389,"event":{"mods":["BaseMod","Downfall","Hermit","Minty Spire (QoL Compilation)","Robot Space Explorer","StSLib","The Clintock","The Construct","The Cursed","The Disciple","The Forsaken","The Hierophant","The Runesmith"],"gold_per_floor":[99,117,117,133,233,233,233,250,279,298,311,111,130,141,154,255,255,255,270,283,302,313,323,323,342,342,342,342,342,354,368,378,474,474,474,493,511,178,198,198,223,256,274,300,320,349,362,362,381,381,381,381],"floor_reached":50,"language":"ENG","playtime":2796,"items_purged":[],"score":568,"play_id":"3a077b67-69f2-4345-a590-a02d30bfb0e6","local_time":"20210121094629","is_ascension_mode":false,"campfire_choices":[{"floor":1,"key":"RECALL"},{"data":"Slimebound:SamplingLick","floor":12,"key":"SMITH"},{"data":"Slimebound:GoopSpray","floor":18,"key":"SMITH"},{"floor":26,"key":"REST"},{"floor":29,"key":"REST"},{"data":"Slimebound:AcidTongue","floor":35,"key":"SMITH"},{"data":"Slimebound:MinionMaster","floor":40,"key":"SMITH"}],"circlet_count":0,"master_deck":["Slimebound:Strike_Slimebound","Slimebound:Strike_Slimebound","Slimebound:Strike_Slimebound","Slimebound:Tackle","Slimebound:Defend_Slimebound","Slimebound:Defend_Slimebound","Slimebound:Split+1","Slimebound:CorrosiveSpit","Slimebound:GoopSpray","Slimebound:HauntingLick","Slimebound:RollThrough","Slimebound:SamplingLick+1","Slimebound:Recollect","Slimebound:SplitBruiser","Slimebound:Schlurp","Slimebound:GoopSpray+1","Slimebound:Recollect","Slimebound:LivingWall","Slimebound:DouseInSlime","Slimebound:SpikyOuterGoop","Slimebound:SamplingLick","Slimebound:LivingWall","Slimebound:Schlurp","Slimebound:Prepare","Slimebound:ItLooksTasty+1","Slimebound:SamplingLick","Slimebound:ForwardTackle","Slimebound:AcidTongue+1","Slimebound:MinionMaster+1","Slimebound:Prepare","Slimebound:Schlurp","Slimebound:MegaLick+1","Slimebound:DivideAndConquer","Slimebound:Nibble+1","Slimebound:AcidTongue","Slimebound:TagTeam","Slimebound:SplitAcid+1","Slimebound:AcidTongue"],"relics":["Slimebound:AbsorbEndCombat","Smiling Mask","WarpedTongs","Matryoshka","Potion Belt","downfall:HeartBlessingRed","downfall:HeartBlessingGreen","construct:ClawGrip","Omamori","Mercury Hourglass","sneckomod:BabySnecko","construct:WeddingRing","Bronze Scales","Lantern","Blood Vial","Girya"],"acts_visited":["Exordium","TheCity","TheBeyond"],"potions_floor_usage":[20,22,22,23,25,25,32,33,42,46,46,50],"damage_taken":[{"damage":4,"enemies":"Cultist","floor":2,"turns":4},{"damage":9,"enemies":"Small Slimes","floor":4,"turns":3},{"damage":30,"enemies":"downfall:Heads","floor":5,"turns":5},{"damage":0,"enemies":"2 Louse","floor":8,"turns":2},{"damage":14,"enemies":"Lagavulin","floor":9,"turns":7},{"damage":13,"enemies":"Lots of Slimes","floor":10,"turns":3},{"damage":0,"enemies":"Large Slime","floor":11,"turns":3},{"damage":0,"enemies":"3 Louse","floor":13,"turns":2},{"damage":0,"enemies":"2 Fungi Beasts","floor":14,"turns":3},{"damage":8,"enemies":"Large Slime","floor":15,"turns":5},{"damage":24,"enemies":"DF_ARCHETYPE_STREAMLINE","floor":16,"turns":12},{"damage":0,"enemies":"Chosen","floor":19,"turns":4},{"damage":17,"enemies":"Centurion and Healer","floor":20,"turns":5},{"damage":11,"enemies":"Cultist and Chosen","floor":21,"turns":8},{"damage":40,"enemies":"Chosen and Byrds","floor":22,"turns":9},{"damage":0,"enemies":"Snake Plant","floor":23,"turns":5},{"damage":2,"enemies":"Centurion and Healer","floor":25,"turns":4},{"damage":4,"enemies":"Snecko","floor":30,"turns":5},{"damage":1,"enemies":"Shelled Parasite and Fungi","floor":31,"turns":5},{"damage":1,"enemies":"3 Cultists","floor":32,"turns":4},{"damage":16,"enemies":"WA_ARCHETYPE_CALM","floor":33,"turns":8},{"damage":10,"enemies":"Orb Walker","floor":36,"turns":3},{"damage":13,"enemies":"3 Darklings","floor":37,"turns":4},{"damage":4,"enemies":"4 Shapes","floor":39,"turns":5},{"damage":6,"enemies":"Nemesis","floor":42,"turns":6},{"damage":0,"enemies":"Writhing Mass","floor":43,"turns":4},{"damage":10,"enemies":"Sphere and 2 Shapes","floor":45,"turns":5},{"damage":9,"enemies":"Giant Head","floor":46,"turns":8},{"damage":24,"enemies":"Spire Growth","floor":47,"turns":5},{"damage":36,"enemies":"Transient","floor":49,"turns":5},{"damage":112,"enemies":"IC_BLOCK_ARCHETYPE","floor":50,"turns":4}],"seed_played":"-5507785736584161529","potions_obtained":[{"floor":5,"key":"LiquidMemories"},{"floor":9,"key":"sneckomod:MuddlingPotion"},{"floor":10,"key":"CultistPotion"},{"floor":15,"key":"Energy Potion"},{"floor":16,"key":"EssenceOfSteel"},{"floor":19,"key":"EntropicBrew"},{"floor":20,"key":"Swift Potion"},{"floor":31,"key":"DistilledChaos"},{"floor":37,"key":"Block Potion"},{"floor":42,"key":"BlessingOfTheForge"},{"floor":46,"key":"Fruit Juice"}],"is_trial":false,"path_per_floor":["R","M","?","M","?","?","T","M","E","M","M","R","M","M","M","B",null,"R","M","M","M","M","M","T","M","R","?","?","R","M","M","M","B",null,"R","M","M","?","M","R","T","E","M","?","M","E","M","?","M","B"],"character_chosen":"SLIMEBOUND","items_purchased":[],"campfire_rested":2,"item_purchase_floors":[],"current_hp_per_floor":[65,63,63,60,38,38,38,42,36,29,31,31,37,39,39,21,65,65,65,54,49,13,17,17,23,42,42,42,61,59,62,65,53,65,65,59,52,73,73,73,73,71,73,73,63,69,51,51,19,0,0,0],"gold":381,"neow_bonus":"RANDOM_COMMON_RELIC","is_daily":false,"chose_seed":false,"campfire_upgraded":4,"win_rate":0.0,"timestamp":1611240389,"path_taken":["R","M","?","?","?","?","T","?","E","M","M","R","M","M","M","BOSS","R","M","M","M","M","M","T","M","R","?","?","R","M","?","M","BOSS","R","M","M","?","M","R","T","E","M","?","M","E","M","?","M","BOSS"],"items_purchased_type":[],"build_version":"2020-12-22","purchased_purges":0,"victory":false,"max_hp_per_floor":[65,65,65,65,65,65,65,65,65,65,65,65,65,65,65,65,65,65,65,65,65,65,65,65,65,65,65,65,65,65,65,65,65,65,65,65,65,73,73,73,73,73,73,73,73,78,78,78,78,78,78,78],"card_choices":[{"not_picked":["Slimebound:SplitMire","Slimebound:SplitAcid"],"picked":"Slimebound:GoopSpray","floor":2},{"not_picked":["Slimebound:SplitBruiser","Slimebound:FinishingTackle"],"picked":"Slimebound:HauntingLick","floor":4},{"not_picked":["Slimebound:FormOfPuddle","Slimebound:GrowthPunch"],"picked":"Slimebound:RollThrough","floor":5},{"not_picked":["Slimebound:RallyTheTroops","Slimebound:PressTheAttack"],"picked":"Slimebound:SamplingLick","floor":8},{"not_picked":["Slimebound:Replication","Slimebound:ViciousTackle"],"picked":"Slimebound:Recollect","floor":9},{"not_picked":["Slimebound:RollThrough","Slimebound:GoopTackle"],"picked":"Slimebound:SplitBruiser","floor":10},{"not_picked":["Slimebound:ServeAndProtect","Slimebound:RainOfGoop"],"picked":"Slimebound:Schlurp","floor":11},{"not_picked":["Slimebound:LeechEnergy","Slimebound:DisruptingSlam"],"picked":"Slimebound:GoopSpray","floor":13},{"not_picked":["Slimebound:SlimeBrawl","Slimebound:HauntingLick"],"picked":"Slimebound:Recollect","floor":14},{"not_picked":["Slimebound:SplitAcid","Slimebound:Recollect"],"picked":"Slimebound:LivingWall","floor":15},{"not_picked":["Slimebound:RallyTheTroops","Slimebound:PrepareCrush"],"picked":"Slimebound:DouseInSlime","floor":16},{"not_picked":["Slimebound:FormOfPuddle","Slimebound:SlimeBarrage"],"picked":"Slimebound:SpikyOuterGoop","floor":19},{"not_picked":["Slimebound:RollThrough","Slimebound:SplitLeeching+1"],"picked":"Slimebound:SamplingLick","floor":20},{"not_picked":["Slimebound:GoopTackle","Slimebound:SplitLeeching"],"picked":"Slimebound:LivingWall","floor":21},{"not_picked":["Slimebound:FormOfPuddle","Slimebound:ComboTackle"],"picked":"Slimebound:Schlurp","floor":22},{"not_picked":["Slimebound:RollThrough","Slimebound:Replication"],"picked":"Slimebound:Prepare","floor":23},{"not_picked":["Slimebound:PressTheAttack","Slimebound:ForwardTackle"],"picked":"Slimebound:ItLooksTasty+1","floor":25},{"not_picked":["Slimebound:PressTheAttack+1","Slimebound:SplitMire"],"picked":"Slimebound:SamplingLick","floor":30},{"not_picked":["Slimebound:Dissolve","Slimebound:SlimeBrawl"],"picked":"Slimebound:ForwardTackle","floor":31},{"not_picked":["Slimebound:Recycling","Slimebound:SlimeSpikes"],"picked":"Slimebound:AcidTongue","floor":32},{"not_picked":["Slimebound:CheckThePlaybook","Slimebound:TagTeam"],"picked":"Slimebound:MinionMaster","floor":33},{"not_picked":["Slimebound:Schlurp+1","Slimebound:LivingWall"],"picked":"Slimebound:Prepare","floor":36},{"not_picked":["Slimebound:ComboTackle+1","Slimebound:SplitLeeching+1"],"picked":"Slimebound:Schlurp","floor":37},{"not_picked":["Slimebound:SlimeSpikes+1","Slimebound:SplitAcid"],"picked":"Slimebound:MegaLick+1","floor":39},{"not_picked":["Slimebound:SlimeSpikes+1","Slimebound:SplitBruiser+1"],"picked":"Slimebound:DivideAndConquer","floor":42},{"not_picked":["Slimebound:ItLooksTasty+1","Slimebound:SplitBruiser"],"picked":"Slimebound:Nibble+1","floor":43},{"not_picked":["Slimebound:ServeAndProtect","Slimebound:SlimeBarrage"],"picked":"Slimebound:AcidTongue","floor":45},{"not_picked":["Slimebound:Grow+1","Slimebound:SamplingLick+1"],"picked":"Slimebound:TagTeam","floor":46},{"not_picked":["Slimebound:Prepare","Slimebound:SplitLeeching"],"picked":"Slimebound:SplitAcid+1","floor":47},{"not_picked":["Slimebound:SplitAcid+1","Slimebound:SplitBruiser"],"picked":"Slimebound:AcidTongue","floor":49}],"player_experience":286578,"relics_obtained":[{"floor":7,"key":"Matryoshka"},{"floor":9,"key":"Potion Belt"},{"floor":24,"key":"Omamori"},{"floor":24,"key":"Mercury Hourglass"},{"floor":41,"key":"Bronze Scales"},{"floor":41,"key":"Lantern"},{"floor":42,"key":"Blood Vial"},{"floor":46,"key":"Girya"}],"event_choices":[{"damage_healed":0,"gold_gain":0,"player_choice":"Rummage","damage_taken":0,"relics_obtained":["WarpedTongs"],"max_hp_gain":0,"max_hp_loss":0,"event_name":"Accursed Blacksmith","floor":3,"gold_loss":0,"cards_obtained":["Pain"]},{"damage_healed":0,"gold_gain":0,"player_choice":"Ignored","damage_taken":0,"max_hp_gain":0,"max_hp_loss":0,"event_name":"Mysterious Sphere","floor":48,"gold_loss":0}],"is_beta":false,"boss_relics":[{"not_picked":["Slimebound:AbsorbEndCombatUpgraded","SlaversCollar"],"picked":"construct:ClawGrip"},{"not_picked":["SacredBark","Busted Crown"],"picked":"construct:WeddingRing"}],"items_purged_floors":[],"is_endless":false,"potions_floor_spawned":[5,9,10,15,16,19,20,25,30,31,37,42,46],"killed_by":"IC_BLOCK_ARCHETYPE","ascension_level":0}}