{"host":"ifd7sfhtlbe34qll","time":1611252590,"event":{"mods":["2.2 Compatiblity","BaseMod","Block Reminder","Colored Map","Curses Come First","Downfall","Highlight Path","Minty Spire (QoL Compilation)","Potion Indicator Mod","Quick Restart","Relic Stats","StSLib"],"gold_per_floor":[99,117,117,136,136,152,152,185,205,205,236,236,268,268,278,278,278,278],"floor_reached":16,"language":"ENG","playtime":837,"items_purged":[],"score":240,"play_id":"dff24987-1937-4a00-8b14-b1635d4e56d6","local_time":"20210121120950","is_ascension_mode":true,"campfire_choices":[{"data":"hexamod:Sear","floor":1,"key":"SMITH"},{"floor":12,"key":"REST"}],"circlet_count":0,"master_deck":["AscendersBane","hexamod:Strike","hexamod:Strike","hexamod:Strike","hexamod:Defend","hexamod:Defend","hexamod:Defend","hexamod:Defend","hexamod:Sear+1","hexamod:Float","hexamod:HauntingEcho","hexamod:PhantomFireball","hexamod:BacktrackSmack","hexamod:GiftsFromTheDead","hexamod:GhostOfSpirePast","hexamod:FastForward","hexamod:EtherealExpedition","hexamod:HexaLevel","hexamod:SuperheatedStrike","hexamod:ShieldOfDarkness"],"relics":["Runic Pyramid","hexamod:CandleOfCauterizing","Tiny Chest","Pear","Juzu Bracelet","Smiling Mask"],"acts_visited":["Exordium"],"potions_floor_usage":[8,11,16],"damage_taken":[{"damage":6,"enemies":"2 Louse","floor":2,"turns":4},{"damage":4,"enemies":"Jaw Worm","floor":4,"turns":4},{"damage":0,"enemies":"Cultist","floor":6,"turns":3},{"damage":15,"enemies":"Lagavulin","floor":8,"turns":4},{"damage":24,"enemies":"Exordium Thugs","floor":9,"turns":4},{"damage":10,"enemies":"3 Sentries","floor":11,"turns":5},{"damage":16,"enemies":"Lagavulin","floor":13,"turns":7},{"damage":8,"enemies":"Blue Slaver","floor":15,"turns":3},{"damage":6,"enemies":"DF_ARCHETYPE_STREAMLINE","floor":16,"turns":5}],"seed_played":"1822762055362904368","potions_obtained":[{"floor":6,"key":"DistilledChaos"},{"floor":9,"key":"AttackPotion"},{"floor":15,"key":"Weak Potion"}],"is_trial":false,"path_per_floor":["R","M","?","M","?","M","T","E","M","T","E","R","E","?","M","B"],"character_chosen":"THE_SPIRIT","items_purchased":[],"campfire_rested":1,"item_purchase_floors":[],"current_hp_per_floor":[57,51,51,47,47,47,47,32,8,18,8,29,13,13,5,0,0,0],"gold":278,"neow_bonus":"BOSS_RELIC","is_daily":false,"chose_seed":false,"campfire_upgraded":1,"win_rate":0.0,"timestamp":1611252590,"path_taken":["R","M","?","M","?","M","T","E","M","?","E","R","E","?","M","BOSS"],"items_purchased_type":[],"build_version":"2020-12-22","purchased_purges":0,"victory":false,"max_hp_per_floor":[63,63,63,63,63,63,63,63,63,73,73,73,73,73,73,73,73,73],"relic_stats":{"counters":[9,39],"Tiny Chest":0,"Juzu Bracelet":1,"Smiling Mask":0,"obtain_stats":[{"hexamod:CandleOfCauterizing":7,"Pear":10,"Tiny Chest":8,"Juzu Bracelet":11,"Smiling Mask":13,"hexamod:SpiritBrand":0,"Runic Pyramid":0},{"hexamod:CandleOfCauterizing":3,"Pear":5,"Tiny Chest":4,"Juzu Bracelet":6,"Smiling Mask":7,"hexamod:SpiritBrand":0,"Runic Pyramid":0},{"hexamod:CandleOfCauterizing":11,"Pear":19,"Tiny Chest":15,"Juzu Bracelet":24,"Smiling Mask":31,"hexamod:SpiritBrand":0,"Runic Pyramid":0}]},"card_choices":[{"not_picked":["hexamod:SwordOfDarkness","hexamod:BurningTouch"],"picked":"hexamod:HauntingEcho","floor":2},{"not_picked":["hexamod:FastForward","hexamod:Hexaguard"],"picked":"hexamod:PhantomFireball","floor":4},{"not_picked":["hexamod:FlamesFromBeyond","hexamod:BurningTouch"],"picked":"hexamod:BacktrackSmack","floor":6},{"not_picked":["hexamod:GhostShield","hexamod:GhostLash"],"picked":"hexamod:GiftsFromTheDead","floor":8},{"not_picked":["hexamod:BurningTouch","hexamod:CatchUp"],"picked":"hexamod:GhostOfSpirePast","floor":9},{"not_picked":["hexamod:HauntingEcho","hexamod:NecessarySacrifice"],"picked":"hexamod:FastForward","floor":11},{"not_picked":["hexamod:InspiringFlames","hexamod:BurningTouch"],"picked":"hexamod:EtherealExpedition","floor":13},{"not_picked":["hexamod:Firestarter","hexamod:PowerFromBeyond"],"picked":"hexamod:ShieldOfDarkness","floor":15}],"player_experience":1692364,"relics_obtained":[{"floor":7,"key":"hexamod:CandleOfCauterizing"},{"floor":8,"key":"Tiny Chest"},{"floor":10,"key":"Pear"},{"floor":11,"key":"Juzu Bracelet"},{"floor":13,"key":"Smiling Mask"}],"event_choices":[{"cards_removed":["hexamod:Strike"],"damage_healed":0,"gold_gain":0,"player_choice":"Card Removal","damage_taken":0,"max_hp_gain":0,"max_hp_loss":0,"event_name":"The Cleric","floor":5,"gold_loss":0}],"is_beta":false,"boss_relics":[],"items_purged_floors":[],"is_endless":false,"potions_floor_spawned":[6,9,15],"killed_by":"DF_ARCHETYPE_STREAMLINE","ascension_level":20}}