{"host":"4udtejx3ummmwg8f","time":1611197480,"event":{"mods":["BaseMod","Minty Spire (QoL Compilation)"],"gold_per_floor":[110,285,285,304,318,318,343,343,415,515,550,570,589,608,608,703,703,718,643,662,662,662,662,662,662],"floor_reached":24,"language":"ENG","playtime":1636,"items_purged":[],"score":231,"play_id":"5cf40b85-07cd-40c1-8207-503e555f2bf7","local_time":"20210121132120","daily_mods":["Heirloom","Time Dilation"],"is_ascension_mode":false,"campfire_choices":[{"data":"Noxious Fumes","floor":6,"key":"SMITH"},{"floor":8,"key":"REST"},{"data":"Doppelganger","floor":15,"key":"SMITH"},{"data":"Crippling Poison","floor":23,"key":"SMITH"}],"circlet_count":0,"master_deck":["Defend_G","Defend_G","Defend_G","Defend_G","Defend_G","Survivor","Neutralize","Escape Plan","Doubt","Doppelganger+1","All Out Attack","Noxious Fumes+1","Dagger Throw","Crippling Poison+1","Choke","Die Die Die","Bane","Corpse Explosion","CurseOfTheBell","Backstab","Underhanded Strike+1","Bite","Bite","Bite","Bite","Bite"],"relics":["Ring of the Snake","Torii","Whetstone","Gremlin Horn","Bag of Preparation","Calling Bell","Orichalcum","Blue Candle","The Specimen"],"acts_visited":["Exordium","TheCity"],"potions_floor_usage":[7,16,16,16,20],"damage_taken":[{"damage":1,"enemies":"Small Slimes","floor":1,"turns":3},{"damage":1,"enemies":"Cultist","floor":4,"turns":4},{"damage":1,"enemies":"Jaw Worm","floor":5,"turns":6},{"damage":20,"enemies":"Gremlin Nob","floor":7,"turns":4},{"damage":1,"enemies":"Lagavulin","floor":11,"turns":6},{"damage":2,"enemies":"Blue Slaver","floor":12,"turns":4},{"damage":0,"enemies":"3 Louse","floor":13,"turns":3},{"damage":2,"enemies":"2 Fungi Beasts","floor":14,"turns":3},{"damage":27,"enemies":"Hexaghost","floor":16,"turns":7},{"damage":1,"enemies":"Chosen","floor":18,"turns":5},{"damage":18,"enemies":"Spheric Guardian","floor":20,"turns":4},{"damage":60,"enemies":"Book of Stabbing","floor":24,"turns":6}],"seed_played":"1907791456025514219","potions_obtained":[{"floor":4,"key":"Poison Potion"},{"floor":7,"key":"SteroidPotion"},{"floor":12,"key":"SteroidPotion"},{"floor":14,"key":"SteroidPotion"},{"floor":16,"key":"SneckoOil"}],"is_trial":true,"path_per_floor":["M","?","?","M","M","R","E","R","T","?","E","M","M","M","R","B",null,"M","?","M","?","?","R","E"],"character_chosen":"THE_SILENT","items_purchased":[],"campfire_rested":1,"item_purchase_floors":[],"current_hp_per_floor":[69,69,69,68,67,67,47,68,68,68,67,65,65,63,63,36,70,69,69,51,49,42,42,0,0],"gold":662,"neow_bonus":"","is_daily":false,"chose_seed":false,"campfire_upgraded":3,"win_rate":0.0,"timestamp":1611197480,"path_taken":["M","?","?","M","?","R","E","R","T","?","E","M","?","M","R","BOSS","M","?","M","?","?","R","E"],"items_purchased_type":[],"build_version":"2020-12-22","purchased_purges":0,"victory":false,"max_hp_per_floor":[70,70,70,70,70,70,70,70,70,70,70,70,70,70,70,70,70,70,70,70,49,54,54,54,54],"card_choices":[{"not_picked":["Slice","Prepared"],"picked":"Escape Plan","floor":1},{"not_picked":["Deadly Poison","Bane"],"picked":"All Out Attack","floor":4},{"not_picked":["Dagger Throw","Cloak And Dagger"],"picked":"Noxious Fumes","floor":5},{"not_picked":["Prepared","Outmaneuver"],"picked":"Dagger Throw","floor":7},{"not_picked":["Riddle With Holes","Finisher"],"picked":"Crippling Poison","floor":11},{"not_picked":["All Out Attack","Prepared"],"picked":"Choke","floor":12},{"not_picked":["Dodge and Roll","Deflect"],"picked":"Die Die Die","floor":13},{"not_picked":["Poisoned Stab","Dodge and Roll"],"picked":"Bane","floor":14},{"not_picked":["Bullet Time","Night Terror"],"picked":"Corpse Explosion","floor":16},{"not_picked":["Outmaneuver","Bane"],"picked":"Backstab","floor":18},{"not_picked":["Deflect","Slice"],"picked":"Underhanded Strike+1","floor":20}],"player_experience":118401,"relics_obtained":[{"floor":7,"key":"Whetstone"},{"floor":9,"key":"Gremlin Horn"},{"floor":11,"key":"Bag of Preparation"},{"floor":17,"key":"Orichalcum"},{"floor":17,"key":"Blue Candle"},{"floor":17,"key":"The Specimen"}],"event_choices":[{"damage_healed":0,"gold_gain":175,"player_choice":"AGREE","damage_taken":0,"max_hp_gain":0,"max_hp_loss":0,"event_name":"Liars Game","floor":2,"gold_loss":0,"cards_obtained":["Doubt"]},{"damage_healed":0,"gold_gain":0,"player_choice":"1 cards matched","damage_taken":0,"max_hp_gain":0,"max_hp_loss":0,"event_name":"Match and Keep!","floor":3,"gold_loss":0,"cards_obtained":["Doppelganger"]},{"damage_healed":0,"gold_gain":100,"player_choice":"Pray","damage_taken":0,"max_hp_gain":0,"max_hp_loss":0,"event_name":"Golden Shrine","floor":10,"gold_loss":0},{"cards_removed":["Strike_G"],"damage_healed":0,"gold_gain":0,"player_choice":"Gave Gold","damage_taken":0,"max_hp_gain":0,"max_hp_loss":0,"event_name":"Beggar","floor":19,"gold_loss":75},{"damage_healed":0,"gold_gain":0,"player_choice":"Became a vampire","damage_taken":0,"max_hp_gain":0,"max_hp_loss":21,"event_name":"Vampires","floor":21,"gold_loss":0,"cards_obtained":["Bite","Bite","Bite","Bite","Bite"]},{"damage_healed":0,"gold_gain":0,"player_choice":"Shed Blood","damage_taken":12,"max_hp_gain":5,"max_hp_loss":0,"event_name":"Forgotten Altar","floor":22,"gold_loss":0}],"is_beta":false,"boss_relics":[{"not_picked":["Ectoplasm","Cursed Key"],"picked":"Calling Bell"}],"items_purged_floors":[],"is_endless":true,"potions_floor_spawned":[4,7,12,14,16],"killed_by":"Book of Stabbing","ascension_level":0}}