{"host":"0j49nvi4cbm626s8","time":1611225235,"event":{"mods":["AchievementEnabler","BaseMod","Highlight Path","Marisa????????","Minty Spire (QoL Compilation)"],"gold_per_floor":[118,118,118,138,148,148,148,148,174,191,206,313,75,306,306,637,637,741,480,480,480,499,499,657,101,147,147,246,246,246],"floor_reached":29,"language":"ENG","playtime":1094,"items_purged":["Strike_MRS","Strike_MRS","UpSweep"],"score":489,"play_id":"d5bb4606-7cd6-4e8a-a409-6c63b4ca8bc9","local_time":"20210121113355","is_ascension_mode":true,"campfire_choices":[{"data":"GalacticHalo","floor":6,"key":"SMITH"},{"data":"GalacticHalo","floor":8,"key":"SMITH"},{"floor":15,"key":"REST"},{"data":"Robbery","floor":23,"key":"SMITH"},{"data":"GalacticHalo","floor":27,"key":"SMITH"}],"circlet_count":0,"master_deck":["AscendersBane","Defend_MRS","Defend_MRS","Defend_MRS","MasterSpark","PowerUp","GalacticHalo+1","GalacticHalo+1","Robbery+1","GalacticHalo+1","MilkyWay","MilkyWay"],"relics":["MiniHakkero","Akabeko","Tiny Chest","Mercury Hourglass","Juzu Bracelet","StoneCalendar","Sozu","MealTicket","Lee\u0027s Waffle","Gremlin Horn","Smiling Mask"],"acts_visited":["Exordium","TheCity"],"potions_floor_usage":[12,14,16,18,22],"damage_taken":[{"damage":0,"enemies":"Cultist","floor":1,"turns":3},{"damage":0,"enemies":"Jaw Worm","floor":4,"turns":6},{"damage":0,"enemies":"2 Louse","floor":5,"turns":2},{"damage":0,"enemies":"Blue Slaver","floor":10,"turns":5},{"damage":5,"enemies":"Large Slime","floor":11,"turns":4},{"damage":11,"enemies":"3 Sentries","floor":12,"turns":14},{"damage":4,"enemies":"Lagavulin","floor":14,"turns":7},{"damage":28,"enemies":"Slime Boss","floor":16,"turns":7},{"damage":0,"enemies":"2 Thieves","floor":18,"turns":3},{"damage":0,"enemies":"3 Byrds","floor":22,"turns":3},{"damage":2,"enemies":"Centurion and Healer","floor":24,"turns":5},{"damage":4,"enemies":"3 Cultists","floor":28,"turns":7},{"damage":82,"enemies":"Gremlin Leader","floor":29,"turns":8}],"seed_played":"-896287427500164889","potions_obtained":[{"floor":1,"key":"PowerPotion"},{"floor":4,"key":"Swift Potion"},{"floor":12,"key":"Block Potion"},{"floor":14,"key":"LiquidBronze"},{"floor":16,"key":"FearPotion"}],"is_trial":false,"path_per_floor":["M","?","?","M","M","R","?","R","T","M","M","E","$","E","R","B",null,"M","$","?","?","M","R","M","$","T","R","M","E"],"character_chosen":"MARISA","items_purchased":["Juzu Bracelet","MealTicket","Lee\u0027s Waffle","Gremlin Horn"],"campfire_rested":1,"item_purchase_floors":[13,19,25,25],"current_hp_per_floor":[63,45,45,45,45,45,38,38,38,38,33,22,22,18,39,11,55,55,55,55,35,35,35,33,82,82,82,78,0,0],"gold":246,"neow_bonus":"TRANSFORM_CARD","is_daily":false,"chose_seed":false,"campfire_upgraded":4,"win_rate":0.0,"timestamp":1611225235,"path_taken":["M","?","?","M","M","R","?","R","T","M","M","E","?","E","R","BOSS","M","$","?","?","M","R","M","$","T","R","M","E"],"items_purchased_type":["Relic","Relic","Relic","Relic"],"build_version":"2020-12-22","purchased_purges":3,"victory":false,"max_hp_per_floor":[70,70,70,70,70,70,70,70,70,70,70,70,70,70,70,70,70,70,70,70,75,75,75,75,82,82,82,82,82,82],"card_choices":[{"not_picked":["ChargingUp","DragonMeteor"],"picked":"GalacticHalo","floor":1},{"not_picked":["Singularity","GrandCross"],"picked":"GalacticHalo","floor":4},{"not_picked":["AsteroidBelt","PropBag","DoubleSpark"],"picked":"SKIP","floor":5},{"not_picked":["SporeBomb","DarkSpark","StarDustReverie"],"picked":"SKIP","floor":10},{"not_picked":["GalacticHalo","AlicesGift"],"picked":"Robbery","floor":11},{"not_picked":["EventHorizon","GravityBeat"],"picked":"GalacticHalo","floor":12},{"not_picked":["SuperNova","DC"],"picked":"MilkyWay","floor":14},{"not_picked":["LuminesStrike","ShootingEcho","UnstableBomb"],"picked":"SKIP","floor":18},{"not_picked":["GravityBeat","MagicAbsorber","UnstableBomb+1"],"picked":"SKIP","floor":22},{"not_picked":["WitchLeyline","IllusionStar","ChargeUpSpray"],"picked":"SKIP","floor":24},{"not_picked":["RefractionSpark","MeteoricShower","6A"],"picked":"SKIP","floor":28}],"player_experience":259707,"relics_obtained":[{"floor":9,"key":"Tiny Chest"},{"floor":12,"key":"Mercury Hourglass"},{"floor":14,"key":"StoneCalendar"},{"floor":26,"key":"Smiling Mask"}],"event_choices":[{"damage_healed":0,"gold_gain":0,"player_choice":"Success","damage_taken":18,"relics_obtained":["Akabeko"],"max_hp_gain":0,"max_hp_loss":0,"event_name":"Scrap Ooze","floor":2,"gold_loss":0},{"cards_removed":["Strike_MRS"],"damage_healed":0,"gold_gain":0,"player_choice":"Forget","damage_taken":0,"max_hp_gain":0,"max_hp_loss":0,"event_name":"Living Wall","floor":3,"gold_loss":0},{"cards_removed":["Defend_MRS"],"damage_healed":0,"gold_gain":0,"player_choice":"Card Removal","damage_taken":7,"max_hp_gain":0,"max_hp_loss":0,"event_name":"Golden Wing","floor":7,"gold_loss":0},{"damage_healed":0,"gold_gain":0,"player_choice":"Read","damage_taken":0,"max_hp_gain":0,"max_hp_loss":0,"event_name":"The Library","floor":20,"gold_loss":0,"cards_obtained":["MilkyWay"]},{"damage_healed":0,"gold_gain":0,"player_choice":"Shed Blood","damage_taken":25,"max_hp_gain":5,"max_hp_loss":0,"event_name":"Forgotten Altar","floor":21,"gold_loss":0}],"is_beta":false,"boss_relics":[{"not_picked":["Fusion Hammer","Runic Dome"],"picked":"Sozu"}],"items_purged_floors":[13,19,25],"is_endless":false,"potions_floor_spawned":[1,4,12,14,16,28],"killed_by":"Gremlin Leader","ascension_level":16}}