{"host":"4bbalj7r5kimsnho","time":1611250752,"event":{"mods":["AchievementEnabler","BaseMod","Colored Powertips","Hermit","Minty Spire (QoL Compilation)","StSLib"],"gold_per_floor":[119,138,63,73,93,121,134,134,134,134,148,148,174,449,449,545,545,555,555,555,233,233,233,233,267,294,124,424,434,434,454,454,454,454],"floor_reached":33,"language":"ENG","playtime":2238,"items_purged":["Strike_R","Defend_R"],"score":300,"play_id":"f3166b21-72b7-41e1-b7a6-a339c9035382","local_time":"20210121173912","is_ascension_mode":true,"campfire_choices":[{"data":"Ghostly Armor","floor":10,"key":"SMITH"},{"data":"Rampage","floor":12,"key":"SMITH"},{"data":"Fire Breathing","floor":15,"key":"SMITH"},{"data":"Evolve","floor":23,"key":"SMITH"},{"data":"Brutality","floor":30,"key":"SMITH"},{"floor":32,"key":"REST"}],"circlet_count":0,"master_deck":["Strike_R","Strike_R","Defend_R","Defend_R","Bash","Twin Strike","Warcry+1","Fire Breathing+1","Rampage+1","Ghostly Armor+1","Intimidate+1","Cleave","Regret","Pummel","Flex","Regret","Brutality+1","Evolve+1","Fire Breathing","Shame","Inflame+1","Rupture","Good Instincts","Writhe"],"relics":["Burning Blood","Pantograph","White Beast Statue","Meat on the Bone","Ornamental Fan","Empty Cage","Nilry\u0027s Codex","Lantern","Orichalcum","Boot","War Paint","Old Coin"],"acts_visited":["Exordium","TheCity"],"potions_floor_usage":[6,13,13,16,16,18,29,31,31,33],"damage_taken":[{"damage":0,"enemies":"2 Louse","floor":1,"turns":2},{"damage":1,"enemies":"Cultist","floor":2,"turns":3},{"damage":0,"enemies":"Small Slimes","floor":4,"turns":3},{"damage":17,"enemies":"Looter","floor":5,"turns":3},{"damage":28,"enemies":"Lagavulin","floor":6,"turns":8},{"damage":2,"enemies":"2 Fungi Beasts","floor":7,"turns":4},{"damage":26,"enemies":"Exordium Wildlife","floor":11,"turns":4},{"damage":18,"enemies":"3 Sentries","floor":13,"turns":5},{"damage":20,"enemies":"Slime Boss","floor":16,"turns":7},{"damage":27,"enemies":"3 Byrds","floor":18,"turns":5},{"damage":37,"enemies":"Book of Stabbing","floor":25,"turns":5},{"damage":20,"enemies":"Chosen","floor":29,"turns":5},{"damage":32,"enemies":"Snake Plant","floor":31,"turns":5},{"damage":106,"enemies":"Automaton","floor":33,"turns":6}],"seed_played":"5542906085797360567","potions_obtained":[{"floor":2,"key":"Block Potion"},{"floor":6,"key":"SpeedPotion"},{"floor":7,"key":"Weak Potion"},{"floor":11,"key":"Fire Potion"},{"floor":13,"key":"SkillPotion"},{"floor":16,"key":"AttackPotion"},{"floor":18,"key":"GamblersBrew"},{"floor":25,"key":"BloodPotion"},{"floor":29,"key":"Weak Potion"},{"floor":31,"key":"SkillPotion"}],"is_trial":false,"path_per_floor":["M","M","$","M","M","E","M","?","T","R","M","R","E","?","R","B",null,"M","?","?","$","?","R","?","E","T","$","?","M","R","M","R","B"],"character_chosen":"IRONCLAD","items_purchased":["Fire Breathing","Lantern","Rupture","Good Instincts"],"campfire_rested":1,"item_purchase_floors":[21,21,27,27],"current_hp_per_floor":[80,80,80,80,69,47,51,51,51,51,43,43,43,43,43,54,80,59,59,43,43,43,43,43,24,24,24,24,38,38,24,48,0,0],"gold":454,"neow_bonus":"THREE_CARDS","is_daily":false,"chose_seed":false,"campfire_upgraded":5,"win_rate":0.0,"timestamp":1611250752,"path_taken":["M","M","$","M","M","E","M","?","T","R","M","R","E","?","R","BOSS","M","?","?","$","?","R","?","E","T","?","?","M","R","M","R","BOSS"],"items_purchased_type":["Card","Relic","Card","Card"],"build_version":"2020-12-22","purchased_purges":2,"victory":false,"max_hp_per_floor":[80,80,80,80,80,80,80,80,80,80,80,80,80,80,80,80,80,80,80,80,80,80,80,80,80,80,80,80,80,80,80,80,80,80],"card_choices":[{"not_picked":["Anger","Havoc"],"picked":"Twin Strike","floor":0},{"not_picked":["Anger","Perfected Strike"],"picked":"Warcry","floor":1},{"not_picked":["Feel No Pain","Combust"],"picked":"Fire Breathing","floor":2},{"not_picked":["Intimidate","Iron Wave"],"picked":"Rampage","floor":4},{"not_picked":["Havoc","Entrench"],"picked":"Ghostly Armor","floor":5},{"not_picked":["Fire Breathing","Havoc"],"picked":"Intimidate","floor":6},{"not_picked":["Iron Wave","Twin Strike"],"picked":"Cleave","floor":7},{"not_picked":["Shockwave","Warcry"],"picked":"Pummel","floor":11},{"not_picked":["Disarm","Thunderclap"],"picked":"Flex","floor":13},{"not_picked":["Feed","Corruption"],"picked":"Brutality","floor":16},{"not_picked":["Entrench","Clash+1","Body Slam"],"picked":"SKIP","floor":18},{"not_picked":["Clash","Thunderclap+1"],"picked":"Inflame+1","floor":25},{"not_picked":["Iron Wave","Uppercut","Dark Embrace"],"picked":"SKIP","floor":29},{"not_picked":["Entrench","Warcry","Clash"],"picked":"SKIP","floor":31}],"player_experience":109886,"relics_obtained":[{"floor":6,"key":"Pantograph"},{"floor":9,"key":"Meat on the Bone"},{"floor":13,"key":"Ornamental Fan"},{"floor":20,"key":"Nilry\u0027s Codex"},{"floor":25,"key":"Boot"},{"floor":26,"key":"War Paint"}],"event_choices":[{"damage_healed":0,"gold_gain":0,"player_choice":"Box","damage_taken":0,"relics_obtained":["White Beast Statue"],"max_hp_gain":0,"max_hp_loss":0,"event_name":"Big Fish","floor":8,"gold_loss":0,"cards_obtained":["Regret"]},{"damage_healed":0,"gold_gain":275,"player_choice":"Desecrate","damage_taken":0,"max_hp_gain":0,"max_hp_loss":0,"event_name":"Golden Shrine","floor":14,"gold_loss":0,"cards_obtained":["Regret"]},{"damage_healed":0,"gold_gain":0,"player_choice":"Read","damage_taken":0,"max_hp_gain":0,"max_hp_loss":0,"event_name":"The Library","floor":19,"gold_loss":0,"cards_obtained":["Evolve"]},{"damage_healed":0,"gold_gain":0,"player_choice":"Obtained Book","damage_taken":16,"max_hp_gain":0,"max_hp_loss":0,"event_name":"Cursed Tome","floor":20,"gold_loss":0},{"damage_healed":0,"gold_gain":0,"player_choice":"Stole Relic","damage_taken":0,"relics_obtained":["Orichalcum"],"max_hp_gain":0,"max_hp_loss":0,"event_name":"Addict","floor":22,"gold_loss":0,"cards_obtained":["Shame"]},{"cards_removed":["Defend_R"],"damage_healed":0,"gold_gain":0,"player_choice":"Elegance","damage_taken":0,"max_hp_gain":0,"max_hp_loss":0,"event_name":"Back to Basics","floor":24,"gold_loss":0},{"damage_healed":0,"gold_gain":0,"player_choice":"Opened","damage_taken":0,"relics_obtained":["Old Coin"],"max_hp_gain":0,"max_hp_loss":0,"event_name":"The Mausoleum","floor":28,"gold_loss":0,"cards_obtained":["Writhe"]}],"is_beta":false,"boss_relics":[{"not_picked":["Black Blood","Cursed Key"],"picked":"Empty Cage"}],"items_purged_floors":[3,21],"is_endless":false,"potions_floor_spawned":[2,6,7,11,13,16,18,25,29,31],"killed_by":"Automaton","ascension_level":2}}