{"host":"p25bz88bsavvfmyg","time":1611246591,"event":{"mods":["BaseMod","Minty Spire (QoL Compilation)","Permanent Neow","StSLib"],"gold_per_floor":[119,69,69,69,85,117,117,144,219,219,236,265,328,343,343,343,343],"floor_reached":16,"language":"ENG","playtime":473,"items_purged":[],"score":183,"play_id":"4b34d0e4-c27c-4601-93ba-79eb11852324","local_time":"20210121172951","is_ascension_mode":true,"campfire_choices":[{"data":"Armaments","floor":7,"key":"SMITH"},{"data":"Sword Boomerang","floor":10,"key":"SMITH"},{"data":"Battle Trance","floor":15,"key":"SMITH"}],"circlet_count":0,"master_deck":["AscendersBane","Strike_R+1","Strike_R","Strike_R","Strike_R","Defend_R","Defend_R","Defend_R+1","Defend_R","Bash","Cleave","Thunderclap+1","Armaments+1","Sword Boomerang+1","Bludgeon","Battle Trance+1"],"relics":["Burning Blood","Ancient Tea Set","Bag of Marbles","Kunai","Magic Flower"],"acts_visited":["Exordium"],"potions_floor_usage":[6,14,16],"damage_taken":[{"damage":0,"enemies":"2 Louse","floor":1,"turns":3},{"damage":4,"enemies":"Small Slimes","floor":5,"turns":3},{"damage":40,"enemies":"Lagavulin","floor":6,"turns":7},{"damage":36,"enemies":"Gremlin Nob","floor":8,"turns":5},{"damage":0,"enemies":"Jaw Worm","floor":11,"turns":1},{"damage":19,"enemies":"Lagavulin","floor":12,"turns":5},{"damage":15,"enemies":"3 Sentries","floor":13,"turns":6},{"damage":0,"enemies":"Blue Slaver","floor":14,"turns":1},{"damage":47,"enemies":"Hexaghost","floor":16,"turns":10}],"seed_played":"-5373200246650259453","potions_obtained":[{"floor":1,"key":"Fire Potion"},{"floor":5,"key":"FairyPotion"},{"floor":11,"key":"BlessingOfTheForge"},{"floor":14,"key":"BloodPotion"}],"is_trial":false,"path_per_floor":["M","?","?","?","M","E","R","E","T","R","M","E","?","M","R","B"],"character_chosen":"IRONCLAD","items_purchased":[],"campfire_rested":0,"item_purchase_floors":[],"current_hp_per_floor":[78,78,62,62,64,30,30,30,30,30,36,23,14,23,23,0,0],"gold":343,"neow_bonus":"THREE_CARDS","is_daily":false,"chose_seed":false,"campfire_upgraded":3,"win_rate":0.0,"timestamp":1611246591,"path_taken":["M","?","?","?","M","E","R","E","T","R","M","E","?","M","R","BOSS"],"items_purchased_type":[],"build_version":"2020-12-22","purchased_purges":0,"victory":false,"max_hp_per_floor":[80,80,80,80,80,80,80,80,80,80,80,80,80,80,80,80,80],"card_choices":[{"not_picked":["True Grit","Clash"],"picked":"Cleave","floor":0},{"not_picked":["Blood for Blood","Shrug It Off"],"picked":"Thunderclap","floor":1},{"not_picked":["Wild Strike","Intimidate"],"picked":"Armaments","floor":5},{"not_picked":["True Grit","Fire Breathing","Hemokinesis"],"picked":"SKIP","floor":6},{"not_picked":["Sever Soul","Heavy Blade"],"picked":"Sword Boomerang","floor":8},{"not_picked":["Berserk","Burning Pact","Anger"],"picked":"SKIP","floor":11},{"not_picked":["Havoc","Rampage"],"picked":"Bludgeon","floor":12},{"not_picked":["Clothesline","Thunderclap"],"picked":"Battle Trance","floor":13},{"not_picked":["Havoc","Flex","True Grit"],"picked":"SKIP","floor":14}],"player_experience":477447,"relics_obtained":[{"floor":6,"key":"Ancient Tea Set"},{"floor":8,"key":"Bag of Marbles"},{"floor":12,"key":"Kunai"},{"floor":13,"key":"Magic Flower"}],"event_choices":[{"cards_removed":["Strike_R"],"damage_healed":0,"gold_gain":0,"player_choice":"Card Removal","damage_taken":0,"max_hp_gain":0,"max_hp_loss":0,"event_name":"The Cleric","floor":2,"gold_loss":50},{"damage_healed":0,"gold_gain":0,"player_choice":"Entered Light","damage_taken":16,"max_hp_gain":0,"max_hp_loss":0,"event_name":"Shining Light","floor":3,"gold_loss":0,"cards_upgraded":["Defend_R","Strike_R"]},{"damage_healed":0,"gold_gain":0,"player_choice":"Grow","damage_taken":0,"max_hp_gain":0,"max_hp_loss":0,"event_name":"Living Wall","floor":4,"gold_loss":0,"cards_upgraded":["Thunderclap"]},{"damage_healed":0,"gold_gain":0,"player_choice":"Searched \u00272\u0027 times","damage_taken":0,"max_hp_gain":0,"max_hp_loss":0,"event_name":"Dead Adventurer","floor":13,"gold_loss":0}],"is_beta":false,"boss_relics":[],"items_purged_floors":[],"is_endless":false,"potions_floor_spawned":[1,5,11,14],"killed_by":"Hexaghost","ascension_level":11}}