{"host":"0x0gr83ly0vxzjzg","time":1611187578,"event":{"mods":["BaseMod","Bestiary","Better Skull","Curses Come First","Hubris","Infinite Spire","Minty Spire (QoL Compilation)","Shop Mod","StSLib","The Cursed","The Servant 0.9.4"],"gold_per_floor":[112,130,47,47,47,47,47,65,65,65,11,30,94,110,110,213,213,231,231,231,231,231,231,231,231],"floor_reached":24,"language":"ENG","playtime":1155,"items_purged":[],"score":182,"play_id":"ff86057a-d904-48e6-a81c-7b70350d453d","local_time":"20210120190618","is_ascension_mode":false,"campfire_choices":[{"data":"TheCursedMod:CleanUpWorkshop","floor":7.0,"key":"SMITH"},{"data":"TheCursedMod:CircleOfFlame","floor":10.0,"key":"SMITH"},{"data":"TheCursedMod:AbyssShockwave","floor":15,"key":"SMITH"},{"data":"infinitespire:DeathsTouch","floor":23,"key":"SMITH"}],"circlet_count":0,"master_deck":["TheCursedMod:Strike_TheCursed+1","TheCursedMod:Strike_TheCursed+1","TheCursedMod:Strike_TheCursed+1","TheCursedMod:Strike_TheCursed+1","TheCursedMod:Defend_TheCursed+1","TheCursedMod:Defend_TheCursed+1","TheCursedMod:Defend_TheCursed+1","TheCursedMod:Defend_TheCursed+1","TheCursedMod:CursedWand","TheCursedMod:CleanUpWorkshop+1","TheCursedMod:Dregs","TheCursedMod:Wield","TheCursedMod:CircleOfFlame+1","TheCursedMod:CircleOfCorruption","TheCursedMod:SpitefulPlan","Pain","TheCursedMod:CircleOfBlood","TheCursedMod:CursedShiv","TheCursedMod:NeowsMight","TheCursedMod:AbyssShockwave+1","TheCursedMod:NeowsMight","TheCursedMod:VoidForm","TheCursedMod:CursedMace","hubris:Greed","hubris:Disease","infinitespire:DeathsTouch+1","TheCursedMod:HellsGateOpen"],"relics":["hubris:TerracottaHorce","hubris:Icosahedron","hubris:Towel","WarpedTongs","Pantograph","Bag of Marbles","hubris:HollowSoul","Shovel"],"acts_visited":["Exordium","TheCity"],"potions_floor_usage":[13,18,24],"damage_taken":[{"damage":4.0,"enemies":"Jaw Worm","floor":1.0,"turns":4.0},{"damage":0.0,"enemies":"2 Louse","floor":2.0,"turns":2.0},{"damage":0.0,"enemies":"Small Slimes","floor":8.0,"turns":1.0},{"damage":10,"enemies":"Exordium Thugs","floor":12,"turns":3},{"damage":18,"enemies":"3 Sentries","floor":13,"turns":6},{"damage":6,"enemies":"Looter","floor":14,"turns":3},{"damage":30,"enemies":"Hexaghost","floor":16,"turns":6},{"damage":10,"enemies":"Chosen","floor":18,"turns":4},{"damage":21,"enemies":"Nightmare","floor":24,"turns":3}],"seed_played":"309122575516138617","potions_obtained":[{"floor":12,"key":"LiquidMemories"},{"floor":13,"key":"SpeedPotion"},{"floor":16,"key":"Block Potion"}],"is_trial":false,"path_per_floor":["M","M","$","?","?","?","R","M","T","R","$","M","?","M","R","B",null,"M","?","AVR","?","?","R","NM"],"character_chosen":"THE_CURSED","items_purchased":["TheCursedMod:CircleOfCorruption","TheCursedMod:SpitefulPlan","TheCursedMod:CursedShiv"],"campfire_rested":0,"item_purchase_floors":[3,3,11],"current_hp_per_floor":[71,71,71,71,71,71,71,71,71,71,71,75,57,51,51,50,69,61,61,61,61,61,61,0,0],"gold":231,"neow_bonus":"BOSS_RELIC","is_daily":false,"chose_seed":false,"campfire_upgraded":4,"win_rate":0.0,"timestamp":1611187578,"path_taken":["M","M","$","?","?","?","R","?","T","R","?","M","?","M","R","BOSS","M","?","AVR","?","?","R","NM"],"items_purchased_type":["Card","Card","Card"],"build_version":"2020-12-22","purchased_purges":0,"victory":false,"max_hp_per_floor":[75,75,75,75,75,75,75,75,75,75,75,75,75,75,75,75,75,75,75,75,75,75,75,75,75],"card_choices":[{"not_picked":["TheCursedMod:Torture","TheCursedMod:SurpriseAttack"],"picked":"TheCursedMod:Wield","floor":1.0},{"not_picked":["TheCursedMod:Wield","TheCursedMod:RavingStaff"],"picked":"TheCursedMod:CircleOfFlame","floor":2.0},{"not_picked":["TheCursedMod:SmokeScreen","TheCursedMod:Obscuration"],"picked":"TheCursedMod:CircleOfBlood","floor":8.0},{"not_picked":["TheCursedMod:SurpriseAttack","TheCursedMod:CircleOfFlame"],"picked":"TheCursedMod:NeowsMight","floor":12},{"not_picked":["TheCursedMod:ReleasedKnowledge","TheCursedMod:Hemoplague"],"picked":"TheCursedMod:AbyssShockwave","floor":13},{"not_picked":["TheCursedMod:Evocation","TheCursedMod:CursedAmulet"],"picked":"TheCursedMod:NeowsMight","floor":14},{"not_picked":["TheCursedMod:ShockAndAwe","TheCursedMod:StunningStrike"],"picked":"TheCursedMod:VoidForm","floor":16},{"not_picked":["TheCursedMod:Stretching+1","TheCursedMod:FleshFromBone"],"picked":"TheCursedMod:CursedMace","floor":18},{"not_picked":["infinitespire:FinalStrike","infinitespire:Punishment"],"picked":"infinitespire:DeathsTouch","floor":21}],"player_experience":100572,"relics_obtained":[{"floor":9.0,"key":"Pantograph"}],"event_choices":[{"damage_healed":0.0,"max_hp_gain":0.0,"max_hp_loss":0.0,"gold_gain":0.0,"event_name":"Accursed Blacksmith","player_choice":"Rummage","floor":6.0,"gold_loss":0.0,"damage_taken":0.0,"relics_obtained":["WarpedTongs"],"cards_obtained":["Pain"]},{"damage_healed":0,"gold_gain":30,"player_choice":"Searched \u00273\u0027 times","damage_taken":0,"relics_obtained":["Bag of Marbles"],"max_hp_gain":0,"max_hp_loss":0,"event_name":"Dead Adventurer","floor":13,"gold_loss":0},{"damage_healed":0,"gold_gain":0,"player_choice":"Simplicity","damage_taken":0,"max_hp_gain":0,"max_hp_loss":0,"event_name":"Back to Basics","floor":19,"gold_loss":0,"cards_upgraded":["TheCursedMod:Strike_TheCursed","TheCursedMod:Strike_TheCursed","TheCursedMod:Strike_TheCursed","TheCursedMod:Strike_TheCursed","TheCursedMod:Defend_TheCursed","TheCursedMod:Defend_TheCursed","TheCursedMod:Defend_TheCursed","TheCursedMod:Defend_TheCursed"]},{"damage_healed":0,"gold_gain":0,"player_choice":"Read","damage_taken":0,"max_hp_gain":0,"max_hp_loss":0,"event_name":"The Library","floor":22,"gold_loss":0,"cards_obtained":["TheCursedMod:HellsGateOpen"]}],"is_beta":false,"boss_relics":[{"not_picked":["hubris:BlackHole","Runic Pyramid"],"picked":"hubris:HollowSoul"}],"items_purged_floors":[],"is_endless":false,"potions_floor_spawned":[12,13,16],"killed_by":"Nightmare","ascension_level":0}}