{"host":"r10yh36zs2k9z1sa","time":1611241293,"event":{"mods":["AchievementEnabler","Act Like it!","Aspiration","Astrologer","BaseMod","Colored Map","Conspire","Gensokyo","Hermit","Highlight Path","KinomotoSakuraMod(¤ì¤§¥»?)","Koishi","KomeijiMod","Marisa¡]Ãú«B¡@Å]²z¨F¡^","Minty Spire (QoL Compilation)","Permanent Neow","Quick Restart","Reimu¡]³Õ???¡^","Remilia¡]Á¢¦Ì²ú?¡^","StSLib","SuperFastMode","The Administrix","The Animator","The Bug Knight","The Cursed","The Gatherer","The Marked","The Mystic","The Runesmith","The Saiyan","The Senshi","The Servant 0.9.4","Youmu¡]»î¾z§¯?¡^","Yuri Mod","Yuyuko"],"gold_per_floor":[219,219,230,248,74,92,105,142,142,168,205,155,203,220,220,220,220],"floor_reached":16,"language":"ZHS","playtime":1231,"items_purged":[],"score":114,"play_id":"d800c321-4b78-4349-a3e4-90f7f9d07af5","local_time":"20210121230133","is_ascension_mode":false,"campfire_choices":[{"data":"yuri:ThornRemove","floor":15,"key":"SMITH"}],"circlet_count":0,"master_deck":["yuri:yuriStrike","yuri:yuriStrike","yuri:yuriStrike","yuri:yuriStrike","yuri:yuriDefend","yuri:yuriDefend","yuri:yuriDefend","yuri:yuriDefend","yuri:yuriDefend","yuri:Oolong","yuri:yuriStab","yuri:ThrowingKnives","yuri:BookPurple","yuri:RepairCode","Searching","yuri:GlitchRemove","yuri:HeavierStrike","yuri:ThrowingKnives","yuri:BookRed","yuri:ThornRemove+1"],"relics":["yuri:yuriKnife","CeramicFish","Blue Candle","Anchor","Regal Pillow"],"acts_visited":["Exordium"],"potions_floor_usage":[11,11,13],"damage_taken":[{"damage":2,"enemies":"Jaw Worm","floor":1,"turns":3},{"damage":0,"enemies":"Cultist","floor":3,"turns":3},{"damage":4,"enemies":"conspire:RoseBush","floor":4,"turns":3},{"damage":6,"enemies":"Blue Slaver","floor":6,"turns":4},{"damage":7,"enemies":"Exordium Wildlife","floor":7,"turns":3},{"damage":43,"enemies":"Lagavulin","floor":8,"turns":10},{"damage":9,"enemies":"3 Sentries","floor":11,"turns":6},{"damage":0,"enemies":"Red Slaver","floor":13,"turns":3},{"damage":0,"enemies":"3 Louse","floor":14,"turns":6},{"damage":41,"enemies":"The Guardian","floor":16,"turns":13}],"seed_played":"-3471237624547517688","potions_obtained":[{"floor":3,"key":"Energy Potion"},{"floor":7,"key":"AttackPotion"},{"floor":8,"key":"Energy Potion"},{"floor":11,"key":"GrandPatriotsElixir:ReiMu"}],"is_trial":false,"path_per_floor":["M","?","M","M","$","M","M","E","T","T","E","?","M","M","R","B"],"character_chosen":"YURI","items_purchased":["Searching"],"campfire_rested":0,"item_purchase_floors":[5],"current_hp_per_floor":[80,80,80,76,76,74,71,32,32,32,27,27,31,38,38,4,4],"gold":220,"neow_bonus":"HUNDRED_GOLD","is_daily":false,"chose_seed":false,"campfire_upgraded":1,"win_rate":0.0,"timestamp":1611241293,"path_taken":["M","?","M","M","?","?","M","E","T","?","E","?","M","M","R","BOSS"],"items_purchased_type":["Card"],"build_version":"2020-12-22","purchased_purges":0,"victory":false,"max_hp_per_floor":[80,80,80,80,80,80,80,80,80,80,80,80,80,80,80,80,80],"card_choices":[{"not_picked":["yuri:GlitchedStrike","yuri:ThrowBook"],"picked":"yuri:ThrowingKnives","floor":1},{"not_picked":["yuri:GlitchedStrike","yuri:yuriQuickStrike"],"picked":"yuri:BookPurple","floor":3},{"not_picked":["yuri:InsanityDefense","yuri:ThrowingKnives"],"picked":"yuri:RepairCode","floor":4},{"not_picked":["yuri:ThrowBook","yuri:GlitchedStrike"],"picked":"yuri:GlitchRemove","floor":6},{"not_picked":["yuri:Stalk","yuri:MultiDip","yuri:yuriHeavyStrike"],"picked":"SKIP","floor":7},{"not_picked":["yuri:ThrowBook","yuri:ChibiInvasion"],"picked":"yuri:HeavierStrike","floor":8},{"not_picked":["yuri:InsanityDefense","yuri:RecklessStrike"],"picked":"yuri:ThrowingKnives","floor":8},{"not_picked":["yuri:CalmingAura","yuri:GhostForm"],"picked":"yuri:BookRed","floor":11},{"not_picked":["yuri:CalmingAura","yuri:MPose"],"picked":"yuri:ThornRemove","floor":13},{"not_picked":["yuri:Spin","yuri:yuriQuickStrike","yuri:ChibiInvasion"],"picked":"SKIP","floor":14}],"player_experience":282500,"relics_obtained":[{"floor":8,"key":"CeramicFish"},{"floor":9,"key":"Blue Candle"},{"floor":10,"key":"Anchor"},{"floor":11,"key":"Regal Pillow"}],"event_choices":[{"cards_removed":["Defend_S"],"damage_healed":0,"gold_gain":0,"player_choice":"Took Card","damage_taken":0,"max_hp_gain":0,"max_hp_loss":0,"event_name":"NoteForYourself","floor":2,"gold_loss":0,"cards_obtained":["Defend_S"]},{"cards_removed":["yuri:yuriStrike"],"damage_healed":0,"gold_gain":0,"player_choice":"Card Removal","damage_taken":0,"max_hp_gain":0,"max_hp_loss":0,"event_name":"The Cleric","floor":12,"gold_loss":50}],"is_beta":false,"boss_relics":[],"items_purged_floors":[],"is_endless":false,"potions_floor_spawned":[3,7,8,11],"killed_by":"The Guardian","ascension_level":0}}