{"host":"vyjryxuuuxkt43k4","time":1611202716,"event":{"mods":["AchievementEnabler","BaseMod","Colored Map","DeckTracker","Keyboard Shortcuts","Minty Spire (QoL Compilation)","Permanent Neow","Quick Restart","StSLib","SuperFastMode","everything is the same but u backflip on backflip"],"gold_per_floor":[116,134,144,144,58,58,93,107,180,206,206,225,57,84,84,163,163,179,179,196,196,250,283,299,299,299,317,351,371,396,396,396,470,520,536,553,478,491,471,471,497,521,556,602,639,651,63,73,73,73,73,73,16,41,41],"floor_reached":56,"language":"KOR","playtime":3255,"items_purged":["Strike_R","Strike_R"],"score":2150,"play_id":"4a342c1e-3846-4666-9c57-4d5d643be78d","local_time":"20210121131836","is_ascension_mode":true,"campfire_choices":[{"data":"Wild Strike","floor":6.0,"key":"SMITH"},{"floor":15.0,"key":"REST"},{"data":"Feed","floor":25.0,"key":"SMITH"},{"floor":32.0,"key":"REST"},{"floor":40.0,"key":"RECALL"},{"data":"Uppercut","floor":49,"key":"SMITH"},{"floor":52,"key":"REST"}],"circlet_count":0,"master_deck":["AscendersBane","Defend_R","Defend_R","Defend_R","Defend_R","Bash","Feed+1","Battle Trance","Wild Strike+1","Feel No Pain","Bludgeon","Headbutt","Feel No Pain+1","Shrug It Off","Battle Trance","Corruption","Body Slam","Impervious","Offering","Dark Embrace","Uppercut+1","Burning Pact+1","Body Slam+1","Barricade","Power Through+1","Feel No Pain","Armaments+1","Reaper","Havoc","Juggernaut"],"relics":["Burning Blood","Mango","Bottled Flame","Strawberry","Nunchaku","Odd Mushroom","Snecko Eye","Enchiridion","Eternal Feather","Omamori","Blood Vial","Happy Flower","Tiny House","MawBank","Potion Belt","HornCleat","Champion Belt","Magic Flower","Sundial"],"acts_visited":["Exordium","TheCity","TheBeyond","TheEnding"],"potions_floor_usage":[50,55,55],"damage_taken":[{"damage":7.0,"enemies":"Small Slimes","floor":1.0,"turns":3.0},{"damage":1.0,"enemies":"Cultist","floor":2.0,"turns":4.0},{"damage":3.0,"enemies":"2 Louse","floor":3.0,"turns":4.0},{"damage":51.0,"enemies":"Gremlin Nob","floor":7.0,"turns":5.0},{"damage":30.0,"enemies":"Gremlin Gang","floor":8.0,"turns":5.0},{"damage":20.0,"enemies":"3 Sentries","floor":10.0,"turns":6.0},{"damage":11.0,"enemies":"Looter","floor":12.0,"turns":2.0},{"damage":18.0,"enemies":"The Mushroom Lair","floor":14.0,"turns":3.0},{"damage":45.0,"enemies":"Slime Boss","floor":16.0,"turns":12.0},{"damage":0.0,"enemies":"2 Thieves","floor":18.0,"turns":3.0},{"damage":9.0,"enemies":"Chosen","floor":20.0,"turns":3.0},{"damage":29.0,"enemies":"Slavers","floor":23.0,"turns":5.0},{"damage":6.0,"enemies":"Snake Plant","floor":24.0,"turns":3.0},{"damage":8.0,"enemies":"Shelled Parasite and Fungi","floor":27.0,"turns":3.0},{"damage":40.0,"enemies":"Gremlin Leader","floor":28.0,"turns":6.0},{"damage":20.0,"enemies":"Snecko","floor":29.0,"turns":5.0},{"damage":13.0,"enemies":"Book of Stabbing","floor":30.0,"turns":4.0},{"damage":66.0,"enemies":"Collector","floor":33.0,"turns":6.0},{"damage":36.0,"enemies":"3 Darklings","floor":35.0,"turns":4.0},{"damage":11.0,"enemies":"3 Shapes","floor":36.0,"turns":5.0},{"damage":13.0,"enemies":"Writhing Mass","floor":38.0,"turns":4.0},{"damage":10.0,"enemies":"Giant Head","floor":41.0,"turns":5.0},{"damage":52.0,"enemies":"3 Darklings","floor":42.0,"turns":5.0},{"damage":27.0,"enemies":"Nemesis","floor":44.0,"turns":5.0},{"damage":0.0,"enemies":"Mind Bloom Boss Battle","floor":45.0,"turns":6.0},{"damage":0.0,"enemies":"Maw","floor":48.0,"turns":7.0},{"damage":77,"enemies":"Donu and Deca","floor":50,"turns":12},{"damage":19,"enemies":"Shield and Spear","floor":54,"turns":4},{"damage":10,"enemies":"The Heart","floor":55,"turns":6}],"seed_played":"-7737011087283051303","potions_obtained":[{"floor":1.0,"key":"FearPotion"},{"floor":7.0,"key":"BloodPotion"},{"floor":8.0,"key":"Block Potion"},{"floor":10.0,"key":"Explosive Potion"},{"floor":14.0,"key":"PowerPotion"},{"floor":16.0,"key":"LiquidBronze"},{"floor":20.0,"key":"DistilledChaos"},{"floor":27.0,"key":"LiquidMemories"},{"floor":28.0,"key":"EssenceOfSteel"},{"floor":30.0,"key":"SneckoOil"},{"floor":34.0,"key":"DistilledChaos"},{"floor":36.0,"key":"SkillPotion"},{"floor":39.0,"key":"PowerPotion"},{"floor":44.0,"key":"PowerPotion"}],"is_trial":false,"path_per_floor":["M","M","M","?","$","R","E","M","T","E","?","M","$","?","R","B",null,"M","?","M","?","T","E","M","R","T","M","E","M","E","?","R","B",null,"M","M","$","M","?","R","E","M","T","E","?","?","$","M","R","B",null,"R","$","E","B",null],"character_chosen":"IRONCLAD","items_purchased":["Feel No Pain","Nunchaku","Magic Flower","ElixirPotion","ElixirPotion","Dexterity Potion"],"campfire_rested":3,"item_purchase_floors":[5,13,47,47,47,53],"current_hp_per_floor":[70,78,84,72,72,72,60,39,39,35,28,26,26,14,48,12,91,100,100,97,76,76,56,59,71,71,73,39,31,26,26,81,27,115,87,84,84,83,83,98,96,52,52,37,49,49,49,78,93,46,134,163,163,162,163],"gold":41,"neow_bonus":"TRANSFORM_CARD","is_daily":false,"chose_seed":false,"campfire_upgraded":3,"win_rate":0.0,"timestamp":1611202716,"path_taken":["M","M","M","?","$","R","E","?","T","E","?","M","$","?","R","BOSS","M","?","?","?","?","E","?","R","T","M","E","M","E","?","R","BOSS","M","M","?","M","?","R","E","?","T","E","?","?","$","M","R","BOSS","R","$","E","BOSS"],"items_purchased_type":["Card","Relic","Relic","Potion","Potion","Potion"],"build_version":"2020-12-22","purchased_purges":2,"victory":true,"max_hp_per_floor":[78,81,84,84,84,84,98,101,101,111,111,114,114,114,114,117,117,120,120,120,120,120,123,126,126,126,130,130,134,134,134,134,138,143,143,143,143,147,147,147,147,147,147,151,155,155,155,159,159,163,163,163,163,163,163],"card_choices":[{"not_picked":["Pommel Strike","Shrug It Off"],"picked":"Battle Trance","floor":1.0},{"not_picked":["Rampage","Infernal Blade"],"picked":"Wild Strike","floor":2.0},{"not_picked":["Sword Boomerang","Wild Strike","Reckless Charge"],"picked":"SKIP","floor":3.0},{"not_picked":["Flex","Twin Strike"],"picked":"Bludgeon","floor":7.0},{"not_picked":["Heavy Blade","Pommel Strike"],"picked":"Headbutt","floor":8.0},{"not_picked":["Thunderclap","Cleave"],"picked":"Feel No Pain","floor":10.0},{"not_picked":["Headbutt","Clothesline"],"picked":"Shrug It Off","floor":12.0},{"not_picked":["Limit Break","Twin Strike"],"picked":"Battle Trance","floor":14.0},{"not_picked":["Double Tap","Barricade"],"picked":"Corruption","floor":16.0},{"not_picked":["Pommel Strike+1","Rage"],"picked":"Body Slam","floor":18.0},{"not_picked":["Perfected Strike","Shrug It Off","Flex"],"picked":"SKIP","floor":20.0},{"not_picked":["Shockwave","Sentinel"],"picked":"Offering","floor":23.0},{"not_picked":["Anger","Flex"],"picked":"Dark Embrace","floor":24.0},{"not_picked":["Carnage","Warcry"],"picked":"Uppercut","floor":27.0},{"not_picked":["Infernal Blade","Sentinel"],"picked":"Burning Pact+1","floor":28.0},{"not_picked":["Heavy Blade","Anger"],"picked":"Body Slam+1","floor":29.0},{"not_picked":["Armaments","Blood for Blood","Seeing Red"],"picked":"SKIP","floor":30.0},{"not_picked":["Brutality","Fiend Fire"],"picked":"Barricade","floor":33.0},{"not_picked":["Perfected Strike","Sever Soul"],"picked":"Power Through+1","floor":34.0},{"not_picked":["Cleave","Havoc","Flex"],"picked":"SKIP","floor":35.0},{"not_picked":["Sever Soul","Pommel Strike","Iron Wave"],"picked":"SKIP","floor":36.0},{"not_picked":["Bloodletting","Warcry","Sword Boomerang"],"picked":"SKIP","floor":38.0},{"not_picked":["Wild Strike","True Grit","Immolate"],"picked":"SKIP","floor":41.0},{"not_picked":["Warcry","Heavy Blade+1"],"picked":"Feel No Pain","floor":42.0},{"not_picked":["Reckless Charge","Dark Embrace","Rampage"],"picked":"SKIP","floor":44.0},{"not_picked":["Body Slam+1","Burning Pact"],"picked":"Armaments+1","floor":45.0},{"not_picked":["Twin Strike","Armaments+1"],"picked":"Havoc","floor":48.0},{"not_picked":["Headbutt+1","Thunderclap"],"picked":"Juggernaut","floor":54}],"player_experience":185068,"relics_obtained":[{"floor":7.0,"key":"Mango"},{"floor":9.0,"key":"Bottled Flame"},{"floor":10.0,"key":"Strawberry"},{"floor":14.0,"key":"Odd Mushroom"},{"floor":21.0,"key":"Enchiridion"},{"floor":23.0,"key":"Eternal Feather"},{"floor":26.0,"key":"Omamori"},{"floor":28.0,"key":"Blood Vial"},{"floor":30.0,"key":"Happy Flower"},{"floor":41.0,"key":"MawBank"},{"floor":43.0,"key":"Potion Belt"},{"floor":44.0,"key":"HornCleat"},{"floor":45.0,"key":"Champion Belt"},{"floor":54,"key":"Sundial"}],"event_choices":[{"damage_healed":0.0,"max_hp_gain":0.0,"max_hp_loss":0.0,"gold_gain":0.0,"event_name":"Wheel of Change","player_choice":"Damaged","floor":4.0,"gold_loss":0.0,"damage_taken":12.0},{"cards_removed":["Strike_R"],"damage_healed":0.0,"max_hp_gain":0.0,"max_hp_loss":0.0,"gold_gain":0.0,"event_name":"Golden Wing","player_choice":"Card Removal","floor":11.0,"gold_loss":0.0,"damage_taken":7.0},{"damage_healed":0.0,"max_hp_gain":0.0,"max_hp_loss":0.0,"gold_gain":0.0,"event_name":"Mushrooms","player_choice":"Fought Mushrooms","floor":14.0,"gold_loss":0.0,"damage_taken":0.0},{"damage_healed":0.0,"max_hp_gain":0.0,"max_hp_loss":0.0,"gold_gain":0.0,"cards_transformed":["Strike_R"],"event_name":"Transmorgrifier","player_choice":"Transformed","floor":19.0,"gold_loss":0.0,"damage_taken":0.0,"cards_obtained":["Impervious"]},{"damage_healed":0.0,"max_hp_gain":0.0,"max_hp_loss":0.0,"gold_gain":0.0,"event_name":"Cursed Tome","player_choice":"Obtained Book","floor":21.0,"gold_loss":0.0,"damage_taken":21.0},{"damage_healed":0.0,"max_hp_gain":0.0,"max_hp_loss":0.0,"gold_gain":0.0,"event_name":"N\u0027loth","player_choice":"Ignored","floor":31.0,"gold_loss":0.0,"damage_taken":0.0},{"damage_healed":0.0,"max_hp_gain":0.0,"max_hp_loss":0.0,"gold_gain":0.0,"event_name":"The Woman in Blue","player_choice":"Bought 1 Potion","floor":39.0,"gold_loss":0.0,"damage_taken":0.0},{"damage_healed":0.0,"max_hp_gain":0.0,"max_hp_loss":0.0,"gold_gain":0.0,"event_name":"MindBloom","player_choice":"Fight","floor":45.0,"gold_loss":0.0,"damage_taken":0.0},{"damage_healed":0.0,"max_hp_gain":0.0,"max_hp_loss":0.0,"gold_gain":0.0,"event_name":"Match and Keep!","player_choice":"1 cards matched","floor":46.0,"gold_loss":0.0,"damage_taken":0.0,"cards_obtained":["Reaper"]}],"is_beta":false,"boss_relics":[{"not_picked":["Runic Dome","Velvet Choker"],"picked":"Snecko Eye"},{"not_picked":["Pandora\u0027s Box","SacredBark"],"picked":"Tiny House"}],"items_purged_floors":[37,47],"is_endless":false,"potions_floor_spawned":[1,7,8,10,14,16,20,27,28,30,36,41,42,44],"ascension_level":16}}