{"host":"sn3z3ri9wzge00zg","time":1611250561,"event":{"mods":["BaseMod","BetterRewards","Colored Map","Hubris","Infinite Spire","Minty Spire (QoL Compilation)","Replay The Spire","Shop Mod","StSLib"],"gold_per_floor":[112,912,120,130,149,177,177,191,191,210,210,210,223,103,103,198,998,1016,1032,1032,957,957,957,215,227,227,254,254,273,273,286,286,407,407,451,495,538,587,587,659,659,733,733,610,919,1006,503,554,554,554,1354,1354,968,1057,1057],"floor_reached":56,"language":"RUS","playtime":5537,"items_purged":["Strike_B","Strike_B","Defend_B","Defend_B","Dualcast","Heatsinks"],"score":2074,"play_id":"8735afdc-6f24-4fed-b7eb-37148e9847b7","local_time":"20210121213601","is_ascension_mode":true,"campfire_choices":[{"data":"Loop","floor":7,"key":"SMITH"},{"data":"Loop","floor":12,"key":"SMITH"},{"floor":15,"key":"RECALL"},{"data":"White Noise","floor":23,"key":"SMITH"},{"data":"Heatsinks","floor":28,"key":"SMITH"},{"data":"Hologram","floor":30,"key":"SMITH"},{"data":"Loop","floor":32,"key":"SMITH"},{"data":"Noxious Fumes","floor":41,"key":"SMITH"},{"data":"ReplayTheSpireMod:Black Plague","floor":49,"key":"SMITH"},{"data":"Crow Ritual","floor":52,"key":"SMITH"}],"circlet_count":0,"master_deck":["Defend_B+1","Defend_B+1","Zap+1","Static Discharge+1","Loop+1","Loop+1","Leap","Hologram+1","Electrodynamics","Loop+1","Buffer","White Noise+1","Heatsinks+1","Buffer","FIFO Queue+1","Static Discharge","Amplify+1","Heatsinks","Noxious Fumes+1","Capacitor+1","Crow Ritual+1","ReplayTheSpireMod:Black Plague+1","Cold Snap","Self Repair","Defragment"],"relics":["Cracked Core","Black Star","Ornamental Fan","Garlic","Chemical X","Iron Hammer","Replay:Rubber Ducky","OrangePellets","Ginger","hubris:DisguiseKit","hubris:TerracottaHorce","hubris:BottledHeart","hubris:BallOfYels","Kunai","ClockworkSouvenir","Mummified Hand","Sundial","InkBottle","Centennial Puzzle","infinitespire:EvilPickle","hubris:Backtick","Lantern","Prayer Wheel","Meat on the Bone","Matryoshka","ReplayTheSpireMod:Lightbulb","Simple Rune","hubris:SlimyHat","Bottled Tornado","Replay:Frozen Program","White Beast Statue","Anchor","hubris:GlazedTorus","hubris:Reverence","Membership Card","hubris:DeckOfHolding","Happy Flower","Boot","Carrot","infinitespire:FocusingShard","Gambling Chip"],"acts_visited":["Exordium","TheCity","TheBeyond","TheEnding"],"potions_floor_usage":[6,55,55,55],"damage_taken":[{"damage":8,"enemies":"Jaw Worm","floor":1,"turns":3},{"damage":0,"enemies":"Cultist","floor":4,"turns":4},{"damage":0,"enemies":"2 Louse","floor":5,"turns":2},{"damage":9,"enemies":"Lagavulin","floor":6,"turns":5},{"damage":0,"enemies":"Lots of Slimes","floor":8,"turns":4},{"damage":0,"enemies":"Exordium Thugs","floor":10,"turns":4},{"damage":0,"enemies":"Blue Slaver","floor":13,"turns":2},{"damage":0,"enemies":"Slime Boss","floor":16,"turns":5},{"damage":4,"enemies":"2 Thieves","floor":18,"turns":2},{"damage":0,"enemies":"3 Byrds","floor":19,"turns":3},{"damage":0,"enemies":"Snecko","floor":25,"turns":4},{"damage":0,"enemies":"Book of Stabbing","floor":27,"turns":5},{"damage":0,"enemies":"Centurion and Healer","floor":29,"turns":1},{"damage":0,"enemies":"3 Cultists","floor":31,"turns":2},{"damage":0,"enemies":"Pondfish","floor":33,"turns":7},{"damage":0,"enemies":"3 Darklings","floor":35,"turns":1},{"damage":0,"enemies":"3 Shapes","floor":36,"turns":4},{"damage":0,"enemies":"Maw","floor":37,"turns":5},{"damage":0,"enemies":"3 Darklings","floor":38,"turns":3},{"damage":0,"enemies":"R_Hoarder","floor":40,"turns":5},{"damage":0,"enemies":"Nightmare","floor":42,"turns":7},{"damage":0,"enemies":"Nemesis","floor":46,"turns":1},{"damage":0,"enemies":"Transient","floor":48,"turns":3},{"damage":0,"enemies":"hubris:GrandSnecko","floor":50,"turns":3},{"damage":0,"enemies":"Shield and Spear","floor":54,"turns":1},{"damage":0,"enemies":"The Heart","floor":55,"turns":4}],"seed_played":"-7793993810605263893","potions_obtained":[{"floor":1,"key":"BlessingOfTheForge"},{"floor":4,"key":"PowerPotion"},{"floor":13,"key":"AttackPotion"}],"is_trial":false,"path_per_floor":["M","?","$","M","M","E","R","M","T","M","?","R","M","$","R","B",null,"M","M","?","?","?","R","$","M","T","E","R","M","R","M","R","B",null,"M","M","M","M","?","E","R","NM","T","$","?","E","$","M","R","B",null,"R","$","E","B",null],"character_chosen":"DEFECT","items_purchased":["Loop","Ornamental Fan","Garlic","Chemical X","OrangePellets","Ginger","hubris:DisguiseKit","Loop","Adrenaline Potion","hubris:BallOfYels","Kunai","ClockworkSouvenir","Heatsinks","Replay:Frozen Program","Capacitor+1","White Beast Statue","Anchor","Crow Ritual","Membership Card","hubris:DeckOfHolding","Happy Flower","Heatsinks","Cold Snap","Boot","Carrot","Self Repair","Ancient Potion","Elixir"],"campfire_rested":0,"item_purchase_floors":[3,3,3,3,14,14,14,14,14,24,24,24,24,44,44,44,44,44,47,47,47,47,47,53,53,53,53,53],"current_hp_per_floor":[67,67,67,67,67,58,58,58,58,58,58,58,58,58,58,58,71,67,67,67,67,1,1,1,1,1,1,1,1,1,1,1,1,1,1,1,1,1,1,1,1,1,1,1,1,1,1,1,1,1,1,1,1,1,1],"gold":1057,"neow_bonus":"UPGRADE_CARD","is_daily":false,"chose_seed":false,"campfire_upgraded":9,"win_rate":0.0,"timestamp":1611250561,"path_taken":["M","?","$","?","M","E","R","M","T","M","?","R","?","$","R","BOSS","M","M","?","?","?","R","$","M","T","E","R","?","R","M","R","BOSS","M","M","?","M","?","E","R","NM","T","$","?","E","$","M","R","BOSS","R","$","E","BOSS"],"items_purchased_type":["Card","Relic","Relic","Relic","Relic","Relic","Relic","Card","Potion","Relic","Relic","Relic","Card","Relic","Card","Relic","Relic","Card","Relic","Relic","Relic","Card","Card","Relic","Relic","Card","Potion","Potion"],"build_version":"2020-12-22","purchased_purges":6,"victory":true,"max_hp_per_floor":[75,75,75,75,75,75,75,75,75,75,75,75,75,75,75,75,75,75,75,75,75,1,1,1,1,1,1,1,1,1,1,1,1,1,1,1,1,1,1,1,1,1,1,1,1,1,1,1,1,1,1,1,1,1,1],"card_choices":[{"not_picked":["Gash","Barrage"],"picked":"Static Discharge","floor":1},{"not_picked":["Cold Snap","Coolheaded"],"picked":"Leap","floor":4},{"not_picked":["Steam Power","Steam"],"picked":"Hologram","floor":5},{"not_picked":["Blizzard","ReplaySolidLightProjector","Coolheaded"],"picked":"SKIP","floor":6},{"not_picked":["Leap","Go for the Eyes"],"picked":"Electrodynamics","floor":8},{"not_picked":["Turbo","Rebound","Redo"],"picked":"SKIP","floor":10},{"not_picked":["Streamline","ReplayTheSpireMod:GoodbyeWorld","Redo"],"picked":"SKIP","floor":13},{"not_picked":["Multi-Cast","All For One","Atom Bomb"],"picked":"Buffer","floor":16},{"not_picked":["Panic Button","Sweeping Beam","Quick Slash"],"picked":"White Noise","floor":18},{"not_picked":["hubris:Ukulele","Turbo+1","Leap","Dagger Throw"],"picked":"SKIP","floor":19},{"not_picked":["hubris:PowerSurge","Ball Lightning","Cold Snap+1","Prepared"],"picked":"SKIP","floor":25},{"not_picked":["Leap+1","Stack+1","Sucker Punch"],"picked":"Buffer","floor":27},{"not_picked":["Chaos","Coolheaded+1","Slice"],"picked":"FIFO Queue+1","floor":29},{"not_picked":["Stack","Time Bomb","Sucker Punch"],"picked":"Static Discharge","floor":31},{"not_picked":["Reboot","hubris:DoWhile","ReplayTheSpireMod:Necrosis"],"picked":"Amplify","floor":33},{"not_picked":["Beam Cell","ReplayTheSpireMod:Reroute Power+1","Stack+1","Deadly Poison"],"picked":"SKIP","floor":35},{"not_picked":["Gash","Steam+1","Deadly Poison"],"picked":"Heatsinks","floor":36},{"not_picked":["Darkness","Beam Cell+1","Conserve Battery+1","Masterful Stab"],"picked":"SKIP","floor":37},{"not_picked":["Melter","Ball Lightning","Rebound","Expertise"],"picked":"SKIP","floor":38},{"not_picked":["BasicCrystalCard","BootSequence+1","Beam Cell+1"],"picked":"Noxious Fumes","floor":40},{"not_picked":["Rainbow","ReplayTheSpireMod:Repulse","Glacier+1","Underhanded Strike"],"picked":"SKIP","floor":42},{"not_picked":["Replay:Fractal Strike","ReplayTheSpireMod:Chaos Vortex"],"picked":"ReplayTheSpireMod:Black Plague","floor":45},{"not_picked":["Conserve Battery","Tempest","Hologram+1","Dodge and Roll"],"picked":"SKIP","floor":46},{"not_picked":["Gash","Leap","Auto Shields+1","Underhanded Strike"],"picked":"SKIP","floor":48},{"not_picked":["Conserve Battery+1","Go for the Eyes","Compile Driver","Underhanded Strike"],"picked":"SKIP","floor":48},{"not_picked":["Steam","BasicCrystalCard+1","PiercingWail"],"picked":"Defragment","floor":54}],"player_experience":21276,"relics_obtained":[{"floor":6,"key":"Iron Hammer"},{"floor":6,"key":"Replay:Rubber Ducky"},{"floor":26,"key":"Sundial"},{"floor":27,"key":"InkBottle"},{"floor":27,"key":"Centennial Puzzle"},{"floor":40,"key":"Meat on the Bone"},{"floor":40,"key":"Matryoshka"},{"floor":42,"key":"ReplayTheSpireMod:Lightbulb"},{"floor":42,"key":"Simple Rune"},{"floor":43,"key":"hubris:SlimyHat"},{"floor":43,"key":"Bottled Tornado"},{"floor":46,"key":"hubris:GlazedTorus"},{"floor":46,"key":"hubris:Reverence"},{"floor":54,"key":"infinitespire:FocusingShard"},{"floor":54,"key":"Gambling Chip"}],"event_choices":[{"damage_healed":0,"gold_gain":0,"player_choice":"Upgraded","damage_taken":0,"max_hp_gain":0,"max_hp_loss":0,"event_name":"Upgrade Shrine","floor":2,"gold_loss":0,"cards_upgraded":["Static Discharge"]},{"cards_removed":["Strike_B"],"damage_healed":0,"gold_gain":0,"player_choice":"Purged","damage_taken":0,"max_hp_gain":0,"max_hp_loss":0,"event_name":"Purifier","floor":11,"gold_loss":0},{"damage_healed":0,"gold_gain":0,"player_choice":"Ignored","damage_taken":0,"max_hp_gain":0,"max_hp_loss":0,"event_name":"Vampires","floor":20,"gold_loss":0},{"cards_removed":["Strike_B"],"damage_healed":0,"gold_gain":0,"player_choice":"Gave Gold","damage_taken":0,"max_hp_gain":0,"max_hp_loss":0,"event_name":"Beggar","floor":21,"gold_loss":75}],"is_beta":false,"boss_relics":[{"not_picked":["Replay:Drink Me","ReplayTheSpireMod:SealedPack"],"picked":"hubris:TerracottaHorce"},{"not_picked":["ChewingGum","infinitespire:Cupcake"],"picked":"hubris:Backtick"}],"items_purged_floors":[3,14,24,44,47,53],"is_endless":false,"potions_floor_spawned":[1,4,13,18,27,29,36,38,46,48,54],"ascension_level":6}}