{"host":"1x0iiauhsd6tfigj","time":1611208324,"event":{"mods":["AchievementEnabler","BaseMod","Block Reminder","Colored Map","Colored Powertips","DeckTracker","Googly Eyes","Highlight Path","Minty Spire (QoL Compilation)","Permanent Neow","Quick Restart","Relic Sorter","Relic Stats","Slay-I","StSLib"],"gold_per_floor":[114,129,144,68,18,18,33,48,73,103,103,57,57,87,87,187,187,202,202,217,217,217,217,247,247,272,287,302,29,44,59,59,159,209,224,149,164,214,214,244,244,244,269,284,299,299,299,314,314,314,314],"floor_reached":50,"language":"ENG","playtime":3047,"items_purged":[],"score":702,"play_id":"d6da3d0b-d76c-494d-9629-bb038bf51faf","local_time":"20210120225204","daily_mods":["Chimera","Hoarder","Binary"],"is_ascension_mode":false,"campfire_choices":[{"data":"Zap","floor":6,"key":"SMITH"},{"data":"Iron Wave","floor":11,"key":"SMITH"},{"data":"Armaments","floor":15,"key":"SMITH"},{"floor":23,"key":"REST"},{"data":"Armaments","floor":25,"key":"SMITH"},{"floor":32,"key":"REST"},{"data":"Pummel","floor":42,"key":"SMITH"},{"floor":47,"key":"REST"},{"floor":49,"key":"REST"}],"circlet_count":0,"master_deck":["Bash+1","Survivor","Zap+1","Strike_R+1","Strike_G","Strike_B","Defend_R","Defend_G","Defend_P","Whirlwind","Whirlwind","Whirlwind","Anger","Anger","Anger","Anger","Anger","Anger","Flex","Flex","Flex","Twin Strike","Twin Strike","Twin Strike","Iron Wave+1","Iron Wave","Iron Wave","Armaments+1","Armaments","Armaments+1","Pummel+1","Pummel+1","Pummel","Juggernaut","Juggernaut","Clothesline","Clothesline","Clothesline","Iron Wave","Iron Wave","Iron Wave","Clash","Clash","Clash","Shrug It Off","Shrug It Off","Shrug It Off","Thunderclap+1","Thunderclap+1","Thunderclap+1","Disarm","Disarm","Disarm","Flame Barrier+1","Flame Barrier+1","Flame Barrier+1","Shrug It Off","Shrug It Off","Shrug It Off","Shrug It Off","Shrug It Off","Shrug It Off"],"relics":["Burning Blood","Whetstone","Bag of Preparation","Boot","SacredBark","MutagenicStrength","Singing Bowl","Akabeko","White Beast Statue","Tiny House","TungstenRod","Dead Branch","Bronze Scales"],"acts_visited":["Exordium","TheCity","TheBeyond"],"potions_floor_usage":[2,16,16,16,24,30,33,38,40,44,44,45,48,48,50],"damage_taken":[{"damage":1,"enemies":"Jaw Worm","floor":1,"turns":5},{"damage":5,"enemies":"Small Slimes","floor":2,"turns":3},{"damage":0,"enemies":"2 Louse","floor":3,"turns":1},{"damage":0,"enemies":"2 Fungi Beasts","floor":7,"turns":3},{"damage":8,"enemies":"Gremlin Gang","floor":8,"turns":2},{"damage":6,"enemies":"Gremlin Nob","floor":10,"turns":3},{"damage":15,"enemies":"3 Sentries","floor":14,"turns":4},{"damage":0,"enemies":"Slime Boss","floor":16,"turns":3},{"damage":0,"enemies":"3 Byrds","floor":18,"turns":3},{"damage":22,"enemies":"Shell Parasite","floor":20,"turns":5},{"damage":19,"enemies":"Slavers","floor":24,"turns":5},{"damage":0,"enemies":"Snake Plant","floor":27,"turns":2},{"damage":25,"enemies":"Snecko","floor":28,"turns":4},{"damage":39,"enemies":"Shelled Parasite and Fungi","floor":30,"turns":6},{"damage":7,"enemies":"Chosen and Byrds","floor":31,"turns":4},{"damage":102,"enemies":"Collector","floor":33,"turns":10},{"damage":0,"enemies":"3 Shapes","floor":35,"turns":1},{"damage":0,"enemies":"Orb Walker","floor":37,"turns":1},{"damage":9,"enemies":"Mind Bloom Boss Battle","floor":38,"turns":9},{"damage":6,"enemies":"Nemesis","floor":40,"turns":5},{"damage":43,"enemies":"Maw","floor":44,"turns":9},{"damage":56,"enemies":"Transient","floor":45,"turns":5},{"damage":7,"enemies":"Sphere and 2 Shapes","floor":48,"turns":10},{"damage":110,"enemies":"Awakened One","floor":50,"turns":23}],"seed_played":"811174962971598332","potions_obtained":[{"floor":1,"key":"Weak Potion"},{"floor":3,"key":"Fire Potion"},{"floor":8,"key":"DistilledChaos"},{"floor":10,"key":"PowerPotion"},{"floor":18,"key":"Explosive Potion"},{"floor":28,"key":"FairyPotion"},{"floor":30,"key":"BloodPotion"},{"floor":31,"key":"Fire Potion"},{"floor":33,"key":"LiquidMemories"},{"floor":34,"key":"Strength Potion"},{"floor":35,"key":"Block Potion"},{"floor":38,"key":"AttackPotion"},{"floor":40,"key":"SpeedPotion"},{"floor":44,"key":"EssenceOfSteel"},{"floor":45,"key":"BloodPotion"},{"floor":48,"key":"SpeedPotion"}],"is_trial":false,"path_per_floor":["M","M","M","$","?","R","M","M","T","E","R","$","?","E","R","B",null,"M","?","M","?","?","R","E","R","T","M","M","$","M","M","R","B",null,"M","$","M","?","?","E","?","R","T","M","M","?","R","M","R","B"],"character_chosen":"IRONCLAD","items_purchased":["Anger","Flex","Armaments","White Beast Statue","Shrug It Off","Disarm"],"campfire_rested":4,"item_purchase_floors":[4,4,12,29,29,36],"current_hp_per_floor":[80,80,80,80,80,80,80,78,78,78,78,78,83,74,74,80,85,85,85,69,69,69,85,74,74,74,82,63,63,65,66,91,62,100,102,102,102,99,99,101,99,99,99,64,56,56,86,85,103,0,0],"gold":314,"neow_bonus":"","is_daily":true,"chose_seed":false,"campfire_upgraded":5,"win_rate":0.0,"timestamp":1611208324,"path_taken":["M","M","M","$","?","R","M","M","T","E","R","$","?","E","R","BOSS","M","?","M","?","?","R","E","R","T","?","M","$","M","M","R","BOSS","M","$","M","?","?","E","?","R","T","M","M","?","R","M","R","BOSS"],"items_purchased_type":["Card","Card","Card","Relic","Card","Card"],"build_version":"2020-12-22","purchased_purges":0,"victory":false,"max_hp_per_floor":[80,80,80,80,80,80,80,80,80,80,80,80,85,85,85,85,85,85,85,85,85,85,85,87,87,87,89,89,89,89,91,91,93,100,102,102,102,102,102,104,99,99,99,101,103,103,103,103,103,103,103],"relic_stats":{"Singing Bowl":18,"counters":[24,126],"Dead Branch":[30],"Bronze Scales":[167],"Bag of Preparation":[36],"Whetstone":["Bash","Strike_R"],"Boot":[261],"obtain_stats":[{"Tiny House":34,"Singing Bowl":24,"SacredBark":17,"Dead Branch":40,"Bag of Preparation":10,"Whetstone":9,"Boot":14,"Burning Blood":0,"Akabeko":26,"White Beast Statue":29,"MutagenicStrength":19,"Bronze Scales":43,"TungstenRod":38},{"Tiny House":16,"Singing Bowl":11,"SacredBark":8,"Dead Branch":20,"Bag of Preparation":6,"Whetstone":5,"Boot":7,"Burning Blood":0,"Akabeko":11,"White Beast Statue":13,"MutagenicStrength":9,"Bronze Scales":20,"TungstenRod":19},{"Tiny House":63,"Singing Bowl":37,"SacredBark":24,"Dead Branch":79,"Bag of Preparation":17,"Whetstone":14,"Boot":21,"Burning Blood":0,"Akabeko":37,"White Beast Statue":43,"MutagenicStrength":27,"Bronze Scales":79,"TungstenRod":74}],"Burning Blood":102,"TungstenRod":32},"card_choices":[{"not_picked":["Burning Pact"],"picked":"Whirlwind","floor":1},{"not_picked":["Perfected Strike"],"picked":"Anger","floor":2},{"not_picked":["Wild Strike","Heavy Blade"],"picked":"SKIP","floor":3},{"not_picked":["Spot Weakness"],"picked":"Twin Strike","floor":7},{"not_picked":["Body Slam","Heavy Blade"],"picked":"SKIP","floor":8},{"not_picked":["Headbutt"],"picked":"Iron Wave","floor":10},{"not_picked":["Rupture"],"picked":"Pummel","floor":14},{"not_picked":["Demon Form"],"picked":"Juggernaut","floor":16},{"not_picked":["Hemokinesis"],"picked":"Clothesline","floor":18},{"not_picked":["Perfected Strike"],"picked":"Iron Wave","floor":20},{"not_picked":["Second Wind","Impervious"],"picked":"Singing Bowl","floor":24},{"not_picked":["Thunderclap","Perfected Strike"],"picked":"Singing Bowl","floor":27},{"not_picked":["Combust"],"picked":"Clash","floor":28},{"not_picked":["Armaments"],"picked":"Thunderclap+1","floor":30},{"not_picked":["Spot Weakness+1","Fiend Fire"],"picked":"Singing Bowl","floor":31},{"not_picked":["Exhume","Fiend Fire"],"picked":"Singing Bowl","floor":33},{"not_picked":["Wild Strike","Dark Embrace"],"picked":"Singing Bowl","floor":34},{"not_picked":["Sword Boomerang+1","Thunderclap+1"],"picked":"Singing Bowl","floor":35},{"not_picked":["Headbutt+1"],"picked":"Flame Barrier+1","floor":37},{"not_picked":["True Grit+1"],"picked":"Shrug It Off","floor":38},{"not_picked":["Berserk","True Grit+1"],"picked":"Singing Bowl","floor":40},{"not_picked":["Burning Pact+1","Heavy Blade+1"],"picked":"Singing Bowl","floor":44},{"not_picked":["Dual Wield+1","Pommel Strike+1"],"picked":"Singing Bowl","floor":45},{"not_picked":["Sword Boomerang"],"picked":"Shrug It Off","floor":48}],"player_experience":1572216,"relics_obtained":[{"floor":9,"key":"Whetstone"},{"floor":10,"key":"Bag of Preparation"},{"floor":14,"key":"Boot"},{"floor":24,"key":"Singing Bowl"},{"floor":26,"key":"Akabeko"},{"floor":38,"key":"TungstenRod"},{"floor":40,"key":"Dead Branch"},{"floor":43,"key":"Bronze Scales"}],"event_choices":[{"cards_removed":["Eruption"],"damage_healed":0,"gold_gain":0,"player_choice":"Card Removal","damage_taken":0,"max_hp_gain":0,"max_hp_loss":0,"event_name":"The Cleric","floor":5,"gold_loss":50},{"damage_healed":0,"gold_gain":0,"player_choice":"Donut","damage_taken":0,"max_hp_gain":5,"max_hp_loss":0,"event_name":"Big Fish","floor":13,"gold_loss":0},{"damage_healed":0,"gold_gain":0,"player_choice":"Inject Mutagens","damage_taken":0,"relics_obtained":["MutagenicStrength"],"max_hp_gain":0,"max_hp_loss":0,"event_name":"Drug Dealer","floor":19,"gold_loss":0},{"damage_healed":0,"gold_gain":0,"player_choice":"Ignored","damage_taken":0,"max_hp_gain":0,"max_hp_loss":0,"event_name":"Beggar","floor":21,"gold_loss":0},{"damage_healed":0,"gold_gain":0,"player_choice":"Ignored","damage_taken":0,"max_hp_gain":0,"max_hp_loss":0,"event_name":"N\u0027loth","floor":22,"gold_loss":0},{"damage_healed":0,"gold_gain":0,"player_choice":"Fight","damage_taken":0,"max_hp_gain":0,"max_hp_loss":0,"event_name":"MindBloom","floor":38,"gold_loss":0},{"cards_removed":["Juggernaut"],"damage_healed":0,"gold_gain":0,"player_choice":"Removed Power","damage_taken":0,"max_hp_gain":0,"max_hp_loss":0,"event_name":"Falling","floor":39,"gold_loss":0},{"damage_healed":0,"gold_gain":0,"player_choice":"Max HP","damage_taken":0,"max_hp_gain":0,"max_hp_loss":5,"event_name":"Winding Halls","floor":41,"gold_loss":0},{"damage_healed":0,"gold_gain":0,"player_choice":"Ignored","damage_taken":0,"max_hp_gain":0,"max_hp_loss":0,"event_name":"Tomb of Lord Red Mask","floor":46,"gold_loss":0}],"is_beta":false,"boss_relics":[{"not_picked":["Sozu","Snecko Eye"],"picked":"SacredBark"},{"not_picked":["SlaversCollar","Runic Cube"],"picked":"Tiny House"}],"items_purged_floors":[],"is_endless":false,"potions_floor_spawned":[1,3,8,10,18,28,30,31,33,35,37,38,40,44,45,48],"killed_by":"Awakened One","ascension_level":0}}