{"host":"obplhmlw33xb91v8","time":1611249595,"event":{"mods":["AchievementEnabler","BaseMod","Block Reminder","Curses Come First","Dio Mod","Evolution","Friendly Minions","HololiveMod","Koishi","Minty Spire (QoL Compilation)","Quick Restart","Reimu??????","Relic Stats","Remilia??????","Shop Mod","Spicy Shops","StSLib","The Alterego","The Gatherer","The IronCluck","The Servant 0.9.4","The Wild Card","TheSwordswoman","Uncapped","Waifu the Spire","Yakumo Yukari mod","Yohane!","Youmu??????","Yuyuko","egg"],"gold_per_floor":[118,133,10,85,105,105,29,29,29],"floor_reached":8,"language":"ENG","playtime":219,"items_purged":[],"score":46,"play_id":"721a354f-e09f-4f20-8944-3a49468c3d4c","local_time":"20210121121955","is_ascension_mode":false,"campfire_choices":[{"data":"theWildCard:Amaterasu","floor":6,"key":"SMITH"}],"circlet_count":0,"master_deck":["theWildCard:BasicStrike","theWildCard:BasicStrike","theWildCard:BasicStrike","theWildCard:BasicStrike","theWildCard:BasicDefend","theWildCard:BasicDefend","theWildCard:BasicDefend","theWildCard:BasicDefend","theWildCard:CallToAdventure","theWildCard:Arsene","theWildCard:Proficiency","theWildCard:EnergizedStroke","theWildCard:Amaterasu+1"],"relics":["theWildCard:VelvetContract","EVO:Axolotl","NeowsBlessing","InkBottle","Strange Spoon"],"acts_visited":["Exordium"],"potions_floor_usage":[],"damage_taken":[{"damage":0,"enemies":"Jaw Worm","floor":1,"turns":1},{"damage":0,"enemies":"Small Slimes","floor":2,"turns":1},{"damage":0,"enemies":"2 Louse","floor":5,"turns":1},{"damage":61,"enemies":"Lagavulin","floor":8,"turns":6}],"seed_played":"7587911559329996632","potions_obtained":[],"is_trial":false,"path_per_floor":["M","M","$","?","M","R","$","E"],"character_chosen":"THE_WILD_CARD","items_purchased":["InkBottle","Strange Spoon"],"campfire_rested":0,"item_purchase_floors":[3,7],"current_hp_per_floor":[60,60,60,49,49,49,49,0,0],"gold":29,"neow_bonus":"THREE_ENEMY_KILL","is_daily":false,"chose_seed":false,"campfire_upgraded":1,"win_rate":0.0,"timestamp":1611249595,"path_taken":["M","M","$","?","M","R","$","E"],"items_purchased_type":["Relic","Relic"],"build_version":"2020-12-22","purchased_purges":0,"victory":false,"max_hp_per_floor":[60,60,60,60,60,60,60,60,60],"relic_stats":{"Strange Spoon":[2],"counters":[4,9],"obtain_stats":[{"theWildCard:VelvetContract":0,"Strange Spoon":7,"NeowsBlessing":0,"EVO:Axolotl":0,"InkBottle":3},{"theWildCard:VelvetContract":0,"Strange Spoon":3,"NeowsBlessing":0,"EVO:Axolotl":0,"InkBottle":2},{"theWildCard:VelvetContract":0,"Strange Spoon":3,"NeowsBlessing":0,"EVO:Axolotl":0,"InkBottle":2}],"InkBottle":[2]},"card_choices":[{"not_picked":["theWildCard:BladeOfGenerations","theWildCard:Attunement"],"picked":"theWildCard:Proficiency","floor":1},{"not_picked":["theWildCard:Patience","theWildCard:Unburden"],"picked":"theWildCard:EnergizedStroke","floor":2},{"not_picked":["theWildCard:MaskChange","theWildCard:Proficiency"],"picked":"theWildCard:Amaterasu","floor":5}],"player_experience":251874,"relics_obtained":[],"event_choices":[{"damage_healed":0,"gold_gain":75,"player_choice":"Gather Gold","damage_taken":11,"max_hp_gain":0,"max_hp_loss":0,"event_name":"World of Goop","floor":4,"gold_loss":0}],"is_beta":false,"boss_relics":[],"items_purged_floors":[],"is_endless":false,"potions_floor_spawned":[],"killed_by":"Lagavulin","ascension_level":0}}