{"host":"3sxd4it2cvd2ryl6","time":1611214397,"event":{"mods":["AchievementEnabler","Aspiration","BaseMod","Colored Powertips","Halation","Minty Spire (QoL Compilation)","StSLib","Transform Curses"],"gold_per_floor":[118,118,134,152,117,143,143,105,128,128,140,158,158,186,186,284,284,294,308,308,308,322,322,334,345,345,345,359,359,370,370,370,466,466,485,485,485,495,495,495],"floor_reached":39,"language":"ENG","playtime":1439,"items_purged":[],"score":564,"play_id":"468ad041-02db-4a57-a2bf-8efe59549688","local_time":"20210121083317","is_ascension_mode":true,"campfire_choices":[{"floor":7,"key":"REST"},{"floor":13,"key":"REST"},{"data":"Poisoned Stab","floor":15,"key":"SMITH"},{"data":"Bouncing Flask","floor":15,"key":"SMITH"},{"floor":23,"key":"REST"},{"floor":27,"key":"REST"},{"floor":29,"key":"REST"},{"floor":32,"key":"REST"}],"circlet_count":0,"master_deck":["Strike_G","Strike_G","Strike_G","Strike_G","Strike_G","Defend_G","Defend_G","Defend_G","Defend_G","Defend_G","Survivor","Neutralize","Blade Dance","Sucker Punch","Poisoned Stab+1","Quick Slash","Bouncing Flask+1","Flying Knee","Outmaneuver","Quick Slash","Corpse Explosion","Dagger Spray","Slice","Poisoned Stab","Bane","Dagger Spray+1","Accuracy+1","Quick Slash","Die Die Die","PiercingWail","Apotheosis+1","Accuracy"],"relics":["Ring of the Snake","halation:PinkSoulGem","halation:PenCase","Bronze Scales","Sundial","Lizard Tail","MutagenicStrength","Nloth\u0027s Gift","The Courier","Paper Crane","Cursed Key"],"acts_visited":["Exordium","TheCity","TheBeyond"],"potions_floor_usage":[14,14,14,22,28,30,33,38],"damage_taken":[{"damage":3,"enemies":"Jaw Worm","floor":1,"turns":4},{"damage":0,"enemies":"2 Louse","floor":3,"turns":3},{"damage":1,"enemies":"Cultist","floor":4,"turns":3},{"damage":35,"enemies":"Lagavulin","floor":6,"turns":9},{"damage":0,"enemies":"Large Slime","floor":11,"turns":4},{"damage":0,"enemies":"Lots of Slimes","floor":12,"turns":1},{"damage":31,"enemies":"3 Sentries","floor":14,"turns":8},{"damage":42,"enemies":"Hexaghost","floor":16,"turns":7},{"damage":8,"enemies":"Chosen","floor":18,"turns":4},{"damage":22,"enemies":"Spheric Guardian","floor":19,"turns":4},{"damage":15,"enemies":"Snake Plant","floor":22,"turns":3},{"damage":0,"enemies":"Sentry and Sphere","floor":24,"turns":1},{"damage":20,"enemies":"Cultist and Chosen","floor":25,"turns":4},{"damage":8,"enemies":"Snake Plant","floor":28,"turns":3},{"damage":31,"enemies":"Shelled Parasite and Fungi","floor":30,"turns":3},{"damage":105,"enemies":"Champ","floor":33,"turns":9},{"damage":21,"enemies":"3 Shapes","floor":35,"turns":2},{"damage":16,"enemies":"3 Darklings","floor":38,"turns":3},{"damage":40,"enemies":"Spire Growth","floor":39,"turns":3}],"seed_played":"-6569296047069764289","potions_obtained":[{"floor":3,"key":"Regen Potion"},{"floor":11,"key":"EssenceOfSteel"},{"floor":14,"key":"Fruit Juice"},{"floor":19,"key":"DistilledChaos"},{"floor":25,"key":"Explosive Potion"},{"floor":28,"key":"Regen Potion"},{"floor":30,"key":"DistilledChaos"},{"floor":35,"key":"Explosive Potion"}],"is_trial":false,"path_per_floor":["M","?","M","M","?","E","R","$","T","?","M","M","R","E","R","B",null,"M","M","?","?","M","R","M","M","T","R","M","R","M","T","R","B",null,"M","?","?","M","M"],"character_chosen":"THE_SILENT","items_purchased":["Bouncing Flask"],"campfire_rested":6,"item_purchase_floors":[8],"current_hp_per_floor":[67,67,67,66,77,42,65,65,65,53,53,53,76,65,65,23,67,59,37,37,37,22,46,46,26,26,50,42,66,47,47,71,33,70,49,49,49,33,0,0],"gold":495,"neow_bonus":"TEN_PERCENT_HP_BONUS","is_daily":false,"chose_seed":false,"campfire_upgraded":2,"win_rate":0.0,"timestamp":1611214397,"path_taken":["M","?","M","M","?","E","R","$","T","?","?","M","R","E","R","BOSS","M","M","?","?","M","R","?","M","T","R","M","R","M","?","R","BOSS","M","?","?","M","M"],"items_purchased_type":["Card"],"build_version":"2020-12-22","purchased_purges":0,"victory":false,"max_hp_per_floor":[77,77,77,77,77,77,77,77,77,77,77,77,77,82,82,82,82,82,82,82,82,82,82,82,82,82,82,82,82,82,82,82,82,82,82,82,82,82,82,82],"card_choices":[{"not_picked":["Acrobatics","Heel Hook"],"picked":"Blade Dance","floor":1},{"not_picked":["Dagger Throw","Leg Sweep"],"picked":"Sucker Punch","floor":3},{"not_picked":["Concentrate","Predator"],"picked":"Poisoned Stab","floor":4},{"not_picked":["Blade Dance","Grand Finale"],"picked":"Quick Slash","floor":6},{"not_picked":["Expertise","Bane"],"picked":"Flying Knee","floor":11},{"not_picked":["Blur","Cloak And Dagger"],"picked":"Outmaneuver","floor":12},{"not_picked":["Distraction","Prepared"],"picked":"Quick Slash","floor":14},{"not_picked":["aspiration:Lunge","Die Die Die"],"picked":"Corpse Explosion","floor":16},{"not_picked":["Dagger Throw","All Out Attack"],"picked":"Dagger Spray","floor":18},{"not_picked":["Reflex","Prepared"],"picked":"Slice","floor":19},{"not_picked":["Catalyst","Flying Knee"],"picked":"Poisoned Stab","floor":22},{"not_picked":["Blur+1","Heel Hook"],"picked":"Bane","floor":24},{"not_picked":["Malaise","PiercingWail"],"picked":"Dagger Spray+1","floor":25},{"not_picked":["After Image","Dagger Throw+1"],"picked":"Accuracy+1","floor":28},{"not_picked":["Dodge and Roll","Choke+1"],"picked":"Quick Slash","floor":30},{"not_picked":["Burst","Glass Knife"],"picked":"Die Die Die","floor":33},{"not_picked":["Choke+1","Underhanded Strike"],"picked":"PiercingWail","floor":35},{"not_picked":["Impatience","Madness"],"picked":"Apotheosis","floor":36},{"not_picked":["Acrobatics","Heel Hook+1"],"picked":"Accuracy","floor":38}],"player_experience":519510,"relics_obtained":[{"floor":6,"key":"halation:PenCase"},{"floor":9,"key":"Bronze Scales"},{"floor":14,"key":"Lizard Tail"},{"floor":26,"key":"The Courier"},{"floor":31,"key":"Paper Crane"}],"event_choices":[{"damage_healed":19,"gold_gain":0,"player_choice":"Healed","damage_taken":0,"max_hp_gain":0,"max_hp_loss":0,"event_name":"The Cleric","floor":5,"gold_loss":35},{"damage_healed":0,"gold_gain":0,"player_choice":"Success","damage_taken":12,"relics_obtained":["Sundial"],"max_hp_gain":0,"max_hp_loss":0,"event_name":"Scrap Ooze","floor":10,"gold_loss":0},{"damage_healed":0,"gold_gain":0,"player_choice":"Inject Mutagens","damage_taken":0,"relics_obtained":["MutagenicStrength"],"max_hp_gain":0,"max_hp_loss":0,"event_name":"Drug Dealer","floor":20,"gold_loss":0},{"damage_healed":0,"gold_gain":0,"player_choice":"Traded Relic","damage_taken":0,"relics_obtained":["Nloth\u0027s Gift"],"max_hp_gain":0,"max_hp_loss":0,"event_name":"N\u0027loth","floor":21,"relics_lost":["aspiration:SecretTechniqueScroll"],"gold_loss":0},{"damage_healed":0,"gold_gain":0,"player_choice":"Memory 1","damage_taken":0,"max_hp_gain":0,"max_hp_loss":0,"event_name":"SensoryStone","floor":36,"gold_loss":0},{"damage_healed":0,"gold_gain":0,"player_choice":"Forge","damage_taken":0,"max_hp_gain":0,"max_hp_loss":0,"event_name":"Accursed Blacksmith","floor":37,"gold_loss":0,"cards_upgraded":["Apotheosis"]}],"is_beta":false,"boss_relics":[{"not_picked":["halation:Risk","Empty Cage"],"picked":"aspiration:SecretTechniqueScroll"},{"not_picked":["Runic Pyramid","halation:PinkAlligatorPlush"],"picked":"Cursed Key"}],"items_purged_floors":[],"is_endless":false,"potions_floor_spawned":[3,11,14,19,25,28,30,35],"killed_by":"Spire Growth","ascension_level":7}}