{"host":"nkolxg4se00n20yf","time":1611232529,"event":{"mods":["BaseMod","CatGirl Mod","Chen","Colored Map","Colored Powertips","Downfall","Friendly Minions","Infinite Spire","Kiyohime????","Marisa????????","Minty Spire (QoL Compilation)","StSLib","Td1madao Mod","The Administrix","The Cursed","The Exalted","The Hierophant","The Servant 0.9.4"],"gold_per_floor":[110,110,120,136,149,149,181,181,181,199,215,43,59,69,69,69,69],"floor_reached":16,"language":"ENG","playtime":679,"items_purged":[],"score":207,"play_id":"a4312825-2f3a-458f-b2fb-cf5c6a5da943","local_time":"20210121133529","is_ascension_mode":true,"campfire_choices":[{"floor":6,"key":"REST"},{"floor":8,"key":"REST"},{"floor":15,"key":"REST"}],"circlet_count":0,"master_deck":["AscendersBane","Strike_G","Strike_G","Strike_G","Strike_G","Strike_G","Defend_G","Defend_G","Defend_G","Defend_G+1","Defend_G+1","Survivor","Neutralize+1","Poisoned Stab","Sucker Punch","Heel Hook","Catalyst","Masterful Stab","Deadly Poison","Backflip","Backstab","Tactician"],"relics":["Ring of the Snake","Bag of Preparation","War Paint","infinitespire:Eraser","HandDrill"],"acts_visited":["Exordium"],"potions_floor_usage":[16,16],"damage_taken":[{"damage":0,"enemies":"2 Louse","floor":1,"turns":3},{"damage":0,"enemies":"Cultist","floor":3,"turns":3},{"damage":0,"enemies":"Jaw Worm","floor":4,"turns":4},{"damage":18,"enemies":"Gremlin Gang","floor":5,"turns":6},{"damage":47,"enemies":"Gremlin Nob","floor":7,"turns":6},{"damage":0,"enemies":"2 Fungi Beasts","floor":10,"turns":3},{"damage":9,"enemies":"Looter","floor":11,"turns":3},{"damage":8,"enemies":"Blue Slaver","floor":13,"turns":3},{"damage":8,"enemies":"Lots of Slimes","floor":14,"turns":4},{"damage":27,"enemies":"Hexaghost","floor":16,"turns":9}],"seed_played":"-3331886257574262584","potions_obtained":[{"floor":7,"key":"champ:CounterPotion"},{"floor":10,"key":"bronze:BurnAndBuffPotion"}],"is_trial":false,"path_per_floor":["M","?","M","M","M","R","E","R","T","M","M","$","M","M","R","B"],"character_chosen":"THE_SILENT","items_purchased":["HandDrill"],"campfire_rested":3,"item_purchase_floors":[12],"current_hp_per_floor":[59,59,59,59,41,60,13,32,32,32,23,23,15,7,26,0,0],"gold":69,"neow_bonus":"RANDOM_COMMON_RELIC","is_daily":false,"chose_seed":false,"campfire_upgraded":0,"win_rate":0.0,"timestamp":1611232529,"path_taken":["M","?","M","M","M","R","E","R","T","?","M","$","M","M","R","BOSS"],"items_purchased_type":["Relic"],"build_version":"2020-12-22","purchased_purges":0,"victory":false,"max_hp_per_floor":[66,66,66,66,66,66,66,66,66,66,66,66,66,66,66,66,66],"card_choices":[{"not_picked":["Sucker Punch","Dagger Spray"],"picked":"Poisoned Stab","floor":1},{"not_picked":["Concentrate","Blur"],"picked":"Sucker Punch","floor":3},{"not_picked":["Underhanded Strike","Dodge and Roll"],"picked":"Heel Hook","floor":4},{"not_picked":["Bane","Reflex"],"picked":"Catalyst","floor":5},{"not_picked":["Well Laid Plans","Phantasmal Killer"],"picked":"Masterful Stab","floor":7},{"not_picked":["Dash","Infinite Blades"],"picked":"Deadly Poison","floor":10},{"not_picked":["Eviscerate","Endless Agony"],"picked":"Backflip","floor":11},{"not_picked":["Prepared","PiercingWail"],"picked":"Backstab","floor":13},{"not_picked":["Setup","Dash"],"picked":"Tactician","floor":14}],"player_experience":1123785,"relics_obtained":[{"floor":7,"key":"War Paint"},{"floor":9,"key":"infinitespire:Eraser"}],"event_choices":[{"damage_healed":0,"gold_gain":0,"player_choice":"Upgraded","damage_taken":0,"max_hp_gain":0,"max_hp_loss":0,"event_name":"Upgrade Shrine","floor":2,"gold_loss":0,"cards_upgraded":["Neutralize"]}],"is_beta":false,"boss_relics":[],"items_purged_floors":[],"is_endless":false,"potions_floor_spawned":[7,10,13,14],"killed_by":"Hexaghost","ascension_level":19}}