{"host":"ordk2y2ebcetabk6","time":1611192336,"event":{"mods":["AlwaysNeverKeys","Astrologer","Bard","BaseMod","Better Debug","Colored Map","Colored Powertips","Dark Map","Hermit","Highlight Path","Minty Spire (QoL Compilation)","Permanent Neow","Rare Cards Sparkle","Spire Arcade","StSLib","The Explorer","TheLocksmith","Wandering Minibosses","Wide Potions","thorton"],"gold_per_floor":[109,109,14,14,26,44,60,75,75,75,87,98,98,132,132,231,231,244,244,7,7,7,7,34,34,34,44,44,44,44,64,64,168,168,181,196,496,514,528,583,583,583,583,396,412,412,35,52,52,52],"floor_reached":51,"language":"ENG","playtime":1921,"items_purged":["bard:Strike+1"],"score":792,"play_id":"9125f312-f801-46ef-8b97-1723e12e755a","local_time":"20210120182536","is_ascension_mode":false,"campfire_choices":[{"data":"bard:HideousLaughter","floor":10.0,"key":"SMITH"},{"data":"bard:HideousLaughter","floor":15.0,"key":"SMITH"},{"data":"bard:PhantasmalForce","floor":23.0,"key":"SMITH"},{"data":"bard:PhantasmalForce","floor":28.0,"key":"SMITH"},{"data":"bard:FeastOnFear","floor":32,"key":"SMITH"},{"data":"bard:Sonata","floor":46,"key":"SMITH"},{"floor":49,"key":"REST"}],"circlet_count":0,"master_deck":["bard:Defend+1","bard:Defend+1","bard:Defend+1","bard:Defend+1","bard:Riposte+1","bard:HideousLaughter+1","bard:PhantasmalForce+1","bard:Shout","bard:FeastOnFear+1","bard:BestowCurse","bard:Thunderwave","bard:StudiedStrike","bard:HideousLaughter+1","bard:PhantasmalForce+1","bard:FingerOfDeath","Mayhem","Necronomicurse","bard:Aphasia+1","bard:BestowCurse","bard:LingeringEcho","bard:Sonata+1","bard:Aphasia+1","Necronomicurse","bard:HarmoniousVoice","bard:HarmoniousVoice"],"relics":["bard:PitchPipe","bard:BagPipes","Eternal Feather","HornCleat","Empty Cage","FossilizedHelix","Necronomicon","Gremlin Horn","MutagenicStrength","Blue Candle","Busted Crown","Gambling Chip","Art of War","DollysMirror","Bronze Scales","TheAbacus"],"acts_visited":["Exordium","TheCity","TheBeyond"],"potions_floor_usage":[48,50],"damage_taken":[{"damage":3.0,"enemies":"Jaw Worm","floor":1.0,"turns":4.0},{"damage":0.0,"enemies":"Cultist","floor":5.0,"turns":3.0},{"damage":1.0,"enemies":"Small Slimes","floor":6.0,"turns":3.0},{"damage":0.0,"enemies":"2 Fungi Beasts","floor":7.0,"turns":4.0},{"damage":0.0,"enemies":"Looter","floor":8.0,"turns":3.0},{"damage":7.0,"enemies":"3 Louse","floor":11.0,"turns":3.0},{"damage":0.0,"enemies":"2 Fungi Beasts","floor":12.0,"turns":6.0},{"damage":6.0,"enemies":"Gremlin Nob","floor":14.0,"turns":4.0},{"damage":0.0,"enemies":"Hexaghost","floor":16.0,"turns":8.0},{"damage":10.0,"enemies":"2 Thieves","floor":18.0,"turns":4.0},{"damage":0.0,"enemies":"Gremlin Leader","floor":24.0,"turns":3.0},{"damage":0.0,"enemies":"Chosen","floor":27.0,"turns":2.0},{"damage":0,"enemies":"3 Cultists","floor":31,"turns":6},{"damage":24,"enemies":"Collector","floor":33,"turns":9},{"damage":5,"enemies":"3 Darklings","floor":35,"turns":5},{"damage":0,"enemies":"Orb Walker","floor":36,"turns":4},{"damage":0,"enemies":"Spire Growth","floor":38,"turns":3},{"damage":0,"enemies":"Maw","floor":39,"turns":4},{"damage":7,"enemies":"2 Orb Walkers","floor":40,"turns":7},{"damage":7,"enemies":"Sphere and 2 Shapes","floor":45,"turns":3},{"damage":19,"enemies":"4 Shapes","floor":48,"turns":3},{"damage":22,"enemies":"Donu and Deca","floor":50,"turns":10}],"seed_played":"9015916515087241004","potions_obtained":[{"floor":6.0,"key":"Swift Potion"},{"floor":7.0,"key":"BlessingOfTheForge"},{"floor":12.0,"key":"SpeedPotion"},{"floor":14.0,"key":"Swift Potion"},{"floor":16.0,"key":"Weak Potion"},{"floor":31,"key":"Strength Potion"},{"floor":33,"key":"DistilledChaos"}],"is_trial":false,"path_per_floor":["M","?","$","?","M","M","M","M","T","R","M","M","?","E","R","B",null,"M","?","$","?","?","R","E","?","T","M","R","?","?","M","R","B",null,"M","M","?","M","M","?","?","?","T","$","M","R","$","M","R","B",null],"character_chosen":"BARD","items_purchased":["bard:HideousLaughter","bard:PhantasmalForce","Mayhem","DollysMirror","bard:HarmoniousVoice","bard:HarmoniousVoice","Bronze Scales","TheAbacus"],"campfire_rested":1,"item_purchase_floors":[3,3,20,44,44,47,47,47],"current_hp_per_floor":[67,67,67,53,53,52,52,52,52,61,54,54,47,41,50,50,70,60,60,60,44,44,53,53,53,53,53,62,62,62,62,70,46,70,65,65,65,65,65,58,58,58,58,58,51,63,63,44,66,44],"gold":52,"neow_bonus":"REMOVE_CARD","is_daily":false,"chose_seed":false,"campfire_upgraded":6,"win_rate":0.0,"timestamp":1611192336,"path_taken":["M","?","?","?","M","M","M","M","T","R","?","M","?","E","R","BOSS","M","?","$","?","?","R","E","?","T","M","R","?","?","M","R","BOSS","M","M","?","?","M","?","?","?","T","$","M","R","$","M","R","BOSS"],"items_purchased_type":["Card","Card","Card","Relic","Card","Card","Relic","Relic"],"build_version":"2020-12-22","purchased_purges":1,"victory":true,"max_hp_per_floor":[70,70,70,70,70,70,70,70,70,70,70,70,70,70,70,70,70,70,70,70,70,70,70,70,70,70,70,70,70,70,70,70,70,70,70,70,70,70,70,70,66,66,66,66,66,66,66,66,66,66],"card_choices":[{"not_picked":["bard:FeastOnFear","bard:LingeringPerformance","bard:PhantasmalForce"],"picked":"SKIP","floor":1.0},{"not_picked":["bard:Greatness","bard:Fermata"],"picked":"bard:Shout","floor":5.0},{"not_picked":["bard:SongBolt","bard:HarmoniousVoice"],"picked":"bard:FeastOnFear","floor":6.0},{"not_picked":["bard:Greatness","bard:Gamble"],"picked":"bard:BestowCurse","floor":7.0},{"not_picked":["bard:InspiringSong","bard:Flourish"],"picked":"bard:Thunderwave","floor":8.0},{"not_picked":["bard:Fermata","bard:Silence"],"picked":"bard:StudiedStrike","floor":11.0},{"not_picked":["bard:EchoEcho","bard:BucklerBash"],"picked":"bard:HideousLaughter","floor":12.0},{"not_picked":["bard:Parry","bard:Fermata"],"picked":"bard:PhantasmalForce","floor":14.0},{"not_picked":["bard:Wish","bard:BottledSong"],"picked":"bard:FingerOfDeath","floor":16.0},{"not_picked":["bard:InspiringSong","bard:Rest","bard:HideousLaughter"],"picked":"SKIP","floor":18.0},{"not_picked":["bard:FeastOnFear","bard:HideousLaughter","bard:SixFourTime"],"picked":"SKIP","floor":24.0},{"not_picked":["bard:Greatness+1","bard:GlyphOfWarding+1"],"picked":"bard:Aphasia+1","floor":27.0},{"not_picked":["bard:LingeringPerformance","bard:Thunderwave"],"picked":"bard:LingeringEcho","floor":31},{"not_picked":["bard:Rhapsody","bard:Focused"],"picked":"bard:Sonata","floor":33},{"not_picked":["bard:PhantasmalForce"],"picked":"SKIP","floor":35},{"not_picked":["bard:BestowCurse+1"],"picked":"SKIP","floor":36},{"not_picked":["bard:OffKey+1"],"picked":"SKIP","floor":38},{"not_picked":[],"picked":"bard:Aphasia+1","floor":39},{"not_picked":["bard:Balestra+1"],"picked":"SKIP","floor":45},{"not_picked":["bard:BucklerBash+1"],"picked":"SKIP","floor":48}],"player_experience":1101321,"relics_obtained":[{"floor":9.0,"key":"Eternal Feather"},{"floor":14.0,"key":"HornCleat"},{"floor":19.0,"key":"FossilizedHelix"},{"floor":21.0,"key":"Necronomicon"},{"floor":24.0,"key":"Gremlin Horn"},{"floor":26.0,"key":"Blue Candle"},{"floor":40,"key":"Gambling Chip"},{"floor":43,"key":"Art of War"}],"event_choices":[{"damage_healed":0.0,"max_hp_gain":0.0,"max_hp_loss":0.0,"gold_gain":0.0,"event_name":"Upgrade Shrine","player_choice":"Upgraded","floor":2.0,"gold_loss":0.0,"damage_taken":0.0,"cards_upgraded":["bard:Riposte"]},{"damage_healed":0.0,"max_hp_gain":0.0,"max_hp_loss":0.0,"gold_gain":0.0,"event_name":"Shining Light","player_choice":"Entered Light","floor":4.0,"gold_loss":0.0,"damage_taken":14.0,"cards_upgraded":["bard:Strike","bard:Defend"]},{"cards_removed":["bard:Strike"],"damage_healed":0.0,"max_hp_gain":0.0,"max_hp_loss":0.0,"gold_gain":0.0,"event_name":"Golden Wing","player_choice":"Card Removal","floor":13.0,"gold_loss":0.0,"damage_taken":7.0},{"damage_healed":0.0,"max_hp_gain":0.0,"max_hp_loss":0.0,"gold_gain":0.0,"event_name":"Cursed Tome","player_choice":"Obtained Book","floor":21.0,"gold_loss":0.0,"damage_taken":16.0},{"damage_healed":0.0,"max_hp_gain":0.0,"max_hp_loss":0.0,"gold_gain":0.0,"event_name":"Vampires","player_choice":"Ignored","floor":22.0,"gold_loss":0.0,"damage_taken":0.0},{"damage_healed":0.0,"max_hp_gain":0.0,"max_hp_loss":0.0,"gold_gain":0.0,"event_name":"Drug Dealer","player_choice":"Inject Mutagens","floor":25.0,"gold_loss":0.0,"damage_taken":0.0,"relics_obtained":["MutagenicStrength"]},{"damage_healed":0.0,"max_hp_gain":0.0,"max_hp_loss":0.0,"gold_gain":0.0,"event_name":"The Library","player_choice":"Read","floor":29.0,"gold_loss":0.0,"damage_taken":0.0,"cards_obtained":["bard:BestowCurse"]},{"damage_healed":0,"gold_gain":0,"player_choice":"Simplicity","damage_taken":0,"max_hp_gain":0,"max_hp_loss":0,"event_name":"Back to Basics","floor":30,"gold_loss":0,"cards_upgraded":["bard:Defend","bard:Defend","bard:Defend"]},{"damage_healed":0,"gold_gain":300,"player_choice":"Gold","damage_taken":0,"max_hp_gain":0,"max_hp_loss":0,"event_name":"Wheel of Change","floor":37,"gold_loss":0},{"damage_healed":0,"gold_gain":0,"player_choice":"Fight","damage_taken":0,"max_hp_gain":0,"max_hp_loss":0,"event_name":"Mysterious Sphere","floor":40,"gold_loss":0},{"damage_healed":0,"gold_gain":0,"player_choice":"Max HP","damage_taken":0,"max_hp_gain":0,"max_hp_loss":4,"event_name":"Winding Halls","floor":41,"gold_loss":0},{"damage_healed":0,"gold_gain":0,"player_choice":"Ignored","damage_taken":0,"max_hp_gain":0,"max_hp_loss":0,"event_name":"Tomb of Lord Red Mask","floor":42,"gold_loss":0}],"is_beta":false,"boss_relics":[{"not_picked":["Fusion Hammer","Ectoplasm"],"picked":"Empty Cage"},{"not_picked":["Coffee Dripper","Cursed Key"],"picked":"Busted Crown"}],"items_purged_floors":[20],"is_endless":false,"potions_floor_spawned":[6,7,12,14,16,31,33,35,39,45],"ascension_level":0}}