{"host":"2q4w55ev63ot6isg","time":1611248889,"event":{"mods":["Aspiration","BaseMod","Downfall","Hubris","Marisa????????","Minty Spire (QoL Compilation)","StSLib","The Cursed","The Jungle","The Servant 0.9.4"],"gold_per_floor":[363,363,363,363,384,420,420,436,436,467,467,467,487,171,171,297,297,320,74,74,74,74,74,94,94,121,155,155,170,170,25,25,146,146,167,167,180,195,216,216,234,234,287,3,3,336,98,109,109,109],"floor_reached":51,"language":"ENG","playtime":1498,"items_purged":["Strike_G","Strike_G","Writhe","Defend_G"],"score":885,"play_id":"85229f48-f867-4867-9954-be10a66efde0","local_time":"20210121090809","is_ascension_mode":true,"campfire_choices":[{"data":"Neutralize","floor":7,"key":"SMITH"},{"floor":11,"key":"REST"},{"floor":15,"key":"REST"},{"data":"Infinite Blades","floor":23,"key":"SMITH"},{"data":"Cloak And Dagger","floor":25,"key":"SMITH"},{"data":"After Image","floor":40,"key":"SMITH"},{"data":"Blade Dance","floor":42,"key":"SMITH"},{"data":"Neutralize","floor":45,"key":"SMITH"},{"data":"Quick Slash","floor":49,"key":"SMITH"}],"circlet_count":0,"master_deck":["Strike_G","Strike_G","Strike_G+1","Defend_G","Defend_G+1","Defend_G","Defend_G","Survivor","Neutralize+1","Backflip+1","Quick Slash+1","Slice","Dash","Infinite Blades+1","Bandage Up","Venomology","Blade Dance+1","Cloak And Dagger+1","Cloak And Dagger+1","Endless Agony","Blade Dance+1","After Image+1","Accuracy+1","Neutralize+1","Noxious Fumes","Finisher","Infinite Blades+1","Sucker Punch+1","Heel Hook","Blade Dance","Dagger Throw+1"],"relics":["Ring of the Snake","Paper Crane","Ninja Scroll","Question Card","hubris:CrystalStatue","aspiration:Nostalgia","Uniform","aspiration:PoetsPen_weak","Vajra","MutagenicStrength","Mercury Hourglass","hubris:MysteriousPyramids","aspiration:ArtOfWarUpgrade","Pear","Lantern","SacredBark","Dream Catcher","Membership Card","PreservedInsect","Toy Ornithopter","TheAbacus"],"acts_visited":["Exordium","TheCity","TheBeyond"],"potions_floor_usage":[6,10,16,33,33,39,50,50],"damage_taken":[{"damage":0,"enemies":"Small Slimes","floor":1,"turns":4},{"damage":0,"enemies":"2 Louse","floor":5,"turns":2},{"damage":15,"enemies":"3 Sentries","floor":6,"turns":15},{"damage":0,"enemies":"Jaw Worm","floor":8,"turns":4},{"damage":14,"enemies":"Gremlin Nob","floor":10,"turns":4},{"damage":0,"enemies":"2 Fungi Beasts","floor":13,"turns":3},{"damage":4,"enemies":"Hexaghost","floor":16,"turns":11},{"damage":0,"enemies":"2 Thieves","floor":18,"turns":3},{"damage":0,"enemies":"Shell Parasite","floor":24,"turns":2},{"damage":0,"enemies":"Book of Stabbing","floor":27,"turns":2},{"damage":0,"enemies":"Sentry and Sphere","floor":29,"turns":1},{"damage":12,"enemies":"hubris:MusketHawk","floor":33,"turns":5},{"damage":0,"enemies":"Orb Walker","floor":35,"turns":1},{"damage":4,"enemies":"3 Shapes","floor":37,"turns":1},{"damage":0,"enemies":"3 Darklings","floor":38,"turns":1},{"damage":0,"enemies":"Spire Growth","floor":39,"turns":2},{"damage":0,"enemies":"Transient","floor":41,"turns":5},{"damage":0,"enemies":"Writhing Mass","floor":48,"turns":4},{"damage":0,"enemies":"hubris:GrandSnecko","floor":50,"turns":5}],"seed_played":"4923203637034589981","potions_obtained":[{"floor":5,"key":"EssenceOfSteel"},{"floor":8,"key":"Strength Potion"},{"floor":10,"key":"Poison Potion"},{"floor":13,"key":"DuplicationPotion"},{"floor":18,"key":"BlessingOfTheForge"},{"floor":27,"key":"ColorlessPotion"},{"floor":35,"key":"SteroidPotion"},{"floor":39,"key":"Guardian:BlockOnCardUsePotion"}],"is_trial":false,"path_per_floor":["M","?","?","?","M","E","R","M","T","E","R","T","M","$","R","B",null,"M","$","?","?","T","R","M","R","T","E","?","M","R","$","R","B",null,"M","?","M","M","M","R","M","R","T","$","R","?","$","M","R","B",null],"character_chosen":"THE_SILENT","items_purchased":["aspiration:Nostalgia","Bandage Up","Vajra","Lantern","Membership Card","PreservedInsect","Toy Ornithopter","TheAbacus","Blade Dance"],"campfire_rested":2,"item_purchase_floors":[14,14,19,31,44,44,47,47,47],"current_hp_per_floor":[63,48,48,35,35,20,20,20,20,6,24,24,24,24,42,42,63,63,63,63,63,63,63,63,63,63,73,73,73,73,73,73,65,73,73,73,69,69,69,69,73,73,73,73,73,73,73,73,73,73],"gold":109,"neow_bonus":"TWO_FIFTY_GOLD","is_daily":false,"chose_seed":false,"campfire_upgraded":7,"win_rate":0.0,"timestamp":1611248889,"path_taken":["M","?","?","?","M","E","R","M","T","E","R","?","M","$","R","BOSS","M","$","?","?","?","R","?","R","T","E","?","?","R","$","R","BOSS","M","?","?","M","M","R","M","R","T","?","R","?","$","M","R","BOSS"],"items_purchased_type":["Relic","Card","Relic","Relic","Relic","Relic","Relic","Relic","Card"],"build_version":"2020-12-22","purchased_purges":4,"victory":true,"max_hp_per_floor":[63,63,63,63,63,63,63,63,63,63,63,63,63,63,63,63,63,63,63,63,63,63,63,63,63,63,73,73,73,73,73,73,73,73,73,73,73,73,73,73,73,73,73,73,73,73,73,73,73,73],"card_choices":[{"not_picked":["Blade Dance","Bane"],"picked":"Backflip","floor":1},{"not_picked":["Prepared","Blur","Choke"],"picked":"SKIP","floor":5},{"not_picked":["Deflect","Riddle With Holes"],"picked":"Quick Slash","floor":6},{"not_picked":["Deadly Poison","Wraith Form v2"],"picked":"Slice","floor":8},{"not_picked":["Finisher","Outmaneuver"],"picked":"Dash","floor":10},{"not_picked":["Dagger Spray","Dash","PiercingWail"],"picked":"Infinite Blades","floor":13},{"not_picked":["Doppelganger","Phantasmal Killer","Storm of Steel"],"picked":"Venomology","floor":16},{"not_picked":["Poisoned Stab","Setup","Cloak And Dagger"],"picked":"Blade Dance+1","floor":18},{"not_picked":["Quick Slash","Wraith Form v2","hubris:SlightOfHand"],"picked":"Cloak And Dagger","floor":24},{"not_picked":["Flechettes","Acrobatics","Leg Sweep+1"],"picked":"Cloak And Dagger+1","floor":27},{"not_picked":["Dodge and Roll","Dash","Quick Slash"],"picked":"Blade Dance","floor":29},{"not_picked":["Night Terror","Burst","Die Die Die"],"picked":"After Image","floor":33},{"not_picked":["Quick Slash","Blur+1","Slice+1"],"picked":"Accuracy+1","floor":35},{"not_picked":["Flying Knee","Bane+1","Deflect"],"picked":"Finisher","floor":37},{"not_picked":["Deadly Poison","Reflex+1","Dodge and Roll"],"picked":"Infinite Blades+1","floor":38},{"not_picked":["Underhanded Strike+1","Slice+1","Dagger Throw+1"],"picked":"Sucker Punch+1","floor":39},{"not_picked":["Outmaneuver+1","Deflect","Dodge and Roll+1"],"picked":"Heel Hook","floor":41},{"not_picked":["Slice+1","Poisoned Stab+1","All Out Attack+1"],"picked":"Dagger Throw+1","floor":48}],"player_experience":145098,"relics_obtained":[{"floor":6,"key":"Paper Crane"},{"floor":9,"key":"Ninja Scroll"},{"floor":10,"key":"Question Card"},{"floor":12,"key":"hubris:CrystalStatue"},{"floor":22,"key":"hubris:MysteriousPyramids"},{"floor":26,"key":"Art of War"},{"floor":27,"key":"Pear"},{"floor":43,"key":"Dream Catcher"}],"event_choices":[{"damage_healed":0,"gold_gain":0,"player_choice":"Take Damage","damage_taken":15,"relics_obtained":["Golden Idol"],"max_hp_gain":0,"max_hp_loss":0,"event_name":"Golden Idol","floor":2,"gold_loss":0},{"damage_healed":0,"gold_gain":0,"player_choice":"Entered Light","damage_taken":13,"max_hp_gain":0,"max_hp_loss":0,"event_name":"Shining Light","floor":4,"gold_loss":0,"cards_upgraded":["Defend_G","Strike_G"]},{"damage_healed":0,"gold_gain":0,"player_choice":"Inject Mutagens","damage_taken":0,"relics_obtained":["MutagenicStrength"],"max_hp_gain":0,"max_hp_loss":0,"event_name":"Drug Dealer","floor":20,"gold_loss":0},{"damage_healed":0,"gold_gain":0,"player_choice":"Opened","damage_taken":0,"relics_obtained":["Mercury Hourglass"],"max_hp_gain":0,"max_hp_loss":0,"event_name":"The Mausoleum","floor":21,"gold_loss":0,"cards_obtained":["Writhe"]},{"damage_healed":0,"gold_gain":0,"player_choice":"Read","damage_taken":0,"max_hp_gain":0,"max_hp_loss":0,"event_name":"The Library","floor":28,"gold_loss":0,"cards_obtained":["Endless Agony"]},{"damage_healed":0,"gold_gain":0,"player_choice":"2 cards matched","damage_taken":0,"max_hp_gain":0,"max_hp_loss":0,"event_name":"Match and Keep!","floor":36,"gold_loss":0,"cards_obtained":["Neutralize","Noxious Fumes"]},{"damage_healed":0,"gold_gain":333,"player_choice":"Gave Idol","damage_taken":0,"max_hp_gain":0,"max_hp_loss":0,"event_name":"The Moai Head","floor":46,"relics_lost":["Golden Idol"],"gold_loss":0}],"is_beta":false,"boss_relics":[{"not_picked":["SlaversCollar","Empty Cage"],"picked":"aspiration:PoetsPen_weak"},{"not_picked":["aspiration:FutureDiary","Philosopher\u0027s Stone"],"picked":"SacredBark"}],"items_purged_floors":[14,19,44,47],"is_endless":false,"potions_floor_spawned":[5,8,10,13,18,27,35,39,41,48],"ascension_level":1}}