{"host":"1gp1o2u6gt64xxzw","time":1611263794,"event":{"mods":["AchievementEnabler","BaseMod","Better Note","Colored Powertips","Highlight Path","HololiveMod","Minty Spire (QoL Compilation)","Quick Restart","Robot Space Explorer","StSLib","Unceasing Turn Reminder"],"gold_per_floor":[114,134,151,169,169,169,202,202,202,202,87,162,162,162],"floor_reached":13,"language":"ENG","playtime":919,"items_purged":["RobotSpaceExplorer:Defend"],"score":87,"play_id":"587c2e49-327e-455b-bf8b-96057ab3d25b","local_time":"20210121221634","is_ascension_mode":true,"campfire_choices":[{"data":"RobotSpaceExplorer:FreezingShield","floor":6,"key":"SMITH"},{"data":"RobotSpaceExplorer:GlueShot","floor":8,"key":"SMITH"},{"data":"RobotSpaceExplorer:IronShell","floor":10,"key":"SMITH"}],"circlet_count":0,"master_deck":["RobotSpaceExplorer:Strike","RobotSpaceExplorer:Strike","RobotSpaceExplorer:Strike","RobotSpaceExplorer:Defend","RobotSpaceExplorer:Defend","RobotSpaceExplorer:Defend","RobotSpaceExplorer:Scan","RobotSpaceExplorer:MiniLasers","RobotSpaceExplorer:GlueShot+1","RobotSpaceExplorer:FreezingShield+1","RobotSpaceExplorer:StunGrenade","RobotSpaceExplorer:IronShell+1","RobotSpaceExplorer:JunkDive","RobotSpaceExplorer:PowerCollector"],"relics":["RobotSpaceExplorer:RoboCore","Juzu Bracelet","Bottled Lightning","RobotSpaceExplorer:BottledGravity"],"acts_visited":["Exordium"],"potions_floor_usage":[7],"damage_taken":[{"damage":1,"enemies":"Cultist","floor":1,"turns":4},{"damage":0,"enemies":"Jaw Worm","floor":2,"turns":4},{"damage":0,"enemies":"Small Slimes","floor":3,"turns":4},{"damage":1,"enemies":"2 Fungi Beasts","floor":4,"turns":5},{"damage":6,"enemies":"3 Sentries","floor":7,"turns":12},{"damage":19,"enemies":"Lagavulin","floor":13,"turns":9}],"seed_played":"7980241667854727307","potions_obtained":[{"floor":2,"key":"GamblersBrew"},{"floor":4,"key":"DuplicationPotion"}],"is_trial":false,"path_per_floor":["M","M","M","M","?","R","E","R","T","R","$","?","E"],"character_chosen":"RobotSpaceExplorer","items_purchased":["RobotSpaceExplorer:PowerCollector"],"campfire_rested":0,"item_purchase_floors":[11],"current_hp_per_floor":[74,74,74,73,70,70,64,64,64,64,64,53,34,34],"gold":162,"neow_bonus":"REMOVE_CARD","is_daily":false,"chose_seed":false,"campfire_upgraded":3,"win_rate":0.0,"timestamp":1611263794,"path_taken":["M","M","?","M","?","R","E","R","T","R","$","?","E"],"items_purchased_type":["Card"],"build_version":"2020-12-22","purchased_purges":1,"victory":false,"max_hp_per_floor":[75,75,75,75,75,75,75,75,75,75,75,75,75,75],"card_choices":[{"not_picked":["RobotSpaceExplorer:SurgingStrike","RobotSpaceExplorer:SlimeMissile"],"picked":"RobotSpaceExplorer:GlueShot","floor":1},{"not_picked":["RobotSpaceExplorer:ShockKick","RobotSpaceExplorer:Blitz"],"picked":"RobotSpaceExplorer:FreezingShield","floor":2},{"not_picked":["RobotSpaceExplorer:MakeshiftVolley","RobotSpaceExplorer:Ammunition"],"picked":"RobotSpaceExplorer:StunGrenade","floor":3},{"not_picked":["RobotSpaceExplorer:DualCore","RobotSpaceExplorer:PowerGlove"],"picked":"RobotSpaceExplorer:IronShell","floor":4},{"not_picked":["RobotSpaceExplorer:Probe","RobotSpaceExplorer:SurgingStrike"],"picked":"RobotSpaceExplorer:JunkDive","floor":7}],"player_experience":388575,"relics_obtained":[{"floor":7,"key":"Bottled Lightning"},{"floor":9,"key":"RobotSpaceExplorer:BottledGravity"}],"event_choices":[{"damage_healed":0,"gold_gain":0,"player_choice":"Success","damage_taken":3,"relics_obtained":["Juzu Bracelet"],"max_hp_gain":0,"max_hp_loss":0,"event_name":"Scrap Ooze","floor":5,"gold_loss":0},{"damage_healed":0,"gold_gain":75,"player_choice":"Gather Gold","damage_taken":11,"max_hp_gain":0,"max_hp_loss":0,"event_name":"World of Goop","floor":12,"gold_loss":0}],"is_beta":false,"boss_relics":[],"items_purged_floors":[11],"is_endless":false,"potions_floor_spawned":[2,4],"killed_by":"Lagavulin","ascension_level":1}}