{"host":"nbmmy2ys5j9alw05","time":1611213982,"event":{"mods":["AchievementEnabler","BaseMod","Bestiary","Better Vampires","Colored Map","Colored Powertips","Googly Eyes","Minty Spire (QoL Compilation)","Quick Restart","StSLib","The Hierophant","The IronCluck","everything is the same but u backflip on backflip"],"gold_per_floor":[116,134,152,152,152,152,182,182,208,208,221,241,281,21,21,21,21],"floor_reached":16,"language":"ENG","playtime":468,"items_purged":["Strike_G"],"score":165,"play_id":"30d3ddef-1ed4-44af-8c5b-29ba75c8c1d4","local_time":"20210120232622","is_ascension_mode":true,"campfire_choices":[{"data":"Sucker Punch","floor":6,"key":"SMITH"},{"data":"Malaise","floor":8,"key":"SMITH"},{"data":"1","floor":15,"key":"LIFT"}],"circlet_count":0,"master_deck":["AscendersBane","Strike_G","Strike_G","Strike_G","Defend_G","Defend_G","Defend_G","Defend_G","Defend_G","Survivor","Neutralize","Caltrops","Sucker Punch+1","Blade Dance","Malaise+1","Noxious Fumes","Cloak And Dagger","Storm of Steel"],"relics":["Ring of the Snake","NeowsBlessing","Lantern","Orichalcum","Golden Idol","Girya"],"acts_visited":["Exordium"],"potions_floor_usage":[7,7,12],"damage_taken":[{"damage":0,"enemies":"Cultist","floor":1,"turns":1},{"damage":0,"enemies":"2 Louse","floor":2,"turns":2},{"damage":0,"enemies":"Small Slimes","floor":3,"turns":1},{"damage":13,"enemies":"Lagavulin","floor":7,"turns":6},{"damage":2,"enemies":"Blue Slaver","floor":11,"turns":4},{"damage":4,"enemies":"Lots of Slimes","floor":12,"turns":4},{"damage":13,"enemies":"Gremlin Nob","floor":13,"turns":6},{"damage":41,"enemies":"Slime Boss","floor":16,"turns":8}],"seed_played":"774081223604475758","potions_obtained":[{"floor":1,"key":"SteroidPotion"},{"floor":3,"key":"GhostInAJar"},{"floor":11,"key":"EssenceOfSteel"}],"is_trial":false,"path_per_floor":["M","M","M","?","?","R","E","R","T","?","M","M","E","$","R","B"],"character_chosen":"THE_SILENT","items_purchased":["Storm of Steel","SmokeBomb"],"campfire_rested":0,"item_purchase_floors":[14,14],"current_hp_per_floor":[63,63,63,63,68,68,55,55,55,55,53,49,36,36,36,0,0],"gold":21,"neow_bonus":"THREE_ENEMY_KILL","is_daily":false,"chose_seed":false,"campfire_upgraded":2,"win_rate":0.0,"timestamp":1611213982,"path_taken":["M","M","M","?","?","R","E","R","T","?","?","M","E","$","R","BOSS"],"items_purchased_type":["Card","Potion"],"build_version":"2020-12-22","purchased_purges":1,"victory":false,"max_hp_per_floor":[70,70,70,70,75,75,75,75,75,69,69,69,69,69,69,69,69],"card_choices":[{"not_picked":["Blade Dance","Acrobatics"],"picked":"Caltrops","floor":1},{"not_picked":["Deadly Poison","Setup"],"picked":"Sucker Punch","floor":2},{"not_picked":["Dodge and Roll","PiercingWail"],"picked":"Blade Dance","floor":3},{"not_picked":["Concentrate","Expertise"],"picked":"Malaise","floor":7},{"not_picked":["Acrobatics","Deadly Poison"],"picked":"Noxious Fumes","floor":11},{"not_picked":["Dagger Throw","Sucker Punch"],"picked":"Cloak And Dagger","floor":12},{"not_picked":["Deadly Poison","Dodge and Roll","Prepared"],"picked":"SKIP","floor":13}],"player_experience":516292,"relics_obtained":[{"floor":7,"key":"Lantern"},{"floor":9,"key":"Orichalcum"},{"floor":13,"key":"Girya"}],"event_choices":[{"cards_removed":["Strike_G"],"damage_healed":0,"gold_gain":0,"player_choice":"Forget","damage_taken":0,"max_hp_gain":0,"max_hp_loss":0,"event_name":"Living Wall","floor":4,"gold_loss":0},{"damage_healed":0,"gold_gain":0,"player_choice":"Donut","damage_taken":0,"max_hp_gain":5,"max_hp_loss":0,"event_name":"Big Fish","floor":5,"gold_loss":0},{"damage_healed":0,"gold_gain":0,"player_choice":"Lose Max HP","damage_taken":0,"relics_obtained":["Golden Idol"],"max_hp_gain":0,"max_hp_loss":6,"event_name":"Golden Idol","floor":10,"gold_loss":0}],"is_beta":false,"boss_relics":[],"items_purged_floors":[14],"is_endless":false,"potions_floor_spawned":[1,3,11],"killed_by":"Slime Boss","ascension_level":10}}