{"host":"w05x4i13f2m9joq1","time":1611202297,"event":{"mods":["Act Like it!","Bard","BaseMod","Better Altar","Better Match","Better Note","Better Sensory Stone","Better Skull","Better Third Choice","BetterRewards","Colored Map","Colored Powertips","Duelist Mod","GifTheSpireLib","Googly Eyes","Ironclad Rager","Lobotomy","LobotomyExtend","Marisa????????","Minty Spire (QoL Compilation)","Replay The Spire","Spire Birthday Party","StSLib","The Bug Knight","The Construct","The Hierophant","The IronCluck","The Mystic","TheBandit","everything is the same but u backflip on backflip","slay the spire mod where everything is the same but ironclad has a cowboy hat"],"gold_per_floor":[137,312,324,324,343,356,373,406,406,406,406],"floor_reached":10,"language":"ENG","playtime":403,"items_purged":[],"score":91,"play_id":"ef63d887-ad17-4a5c-bddf-952954cba90d","local_time":"20210120231137","is_ascension_mode":true,"campfire_choices":[],"circlet_count":0,"master_deck":["theDuelist:ArchfiendSoldier","theDuelist:ArchfiendSoldier","theDuelist:ArchfiendSoldier","theDuelist:CastleWalls","theDuelist:CastleWalls","theDuelist:CastleWalls","theDuelist:FiendMegacyber","theDuelist:Sparks","theDuelist:Sparks","theDuelist:SummonedSkull","theDuelist:ArchfiendCommander","Doubt","theDuelist:ElectromagneticShield","theDuelist:TerraTerrible","theDuelist:ArchfiendCommander","theDuelist:RainbowKuriboh"],"relics":["theDuelist:MillenniumPuzzle","theDuelist:CardPoolRelic","theDuelist:CardPoolBasicRelic","theDuelist:BoosterPackPoolRelic","theDuelist:CardPoolAddRelic","theDuelist:CardPoolMinusRelic","theDuelist:CardPoolSaveRelic","theDuelist:CardPoolOptionsRelic","Replay:Baseball","LetterFromLob","theDuelist:BoosterBetterBoostersRelic","Counterbalance","Replay:PocketPolymizer"],"acts_visited":["Exordium"],"potions_floor_usage":[8],"damage_taken":[{"damage":1,"enemies":"2 Louse","floor":1,"turns":2},{"damage":0,"enemies":"Small Slimes","floor":3,"turns":2},{"damage":7,"enemies":"Jaw Worm","floor":5,"turns":3},{"damage":4,"enemies":"Blue Slaver","floor":6,"turns":3},{"damage":18,"enemies":"Large Slime","floor":7,"turns":4},{"damage":8,"enemies":"Gremlin Nob","floor":8,"turns":4},{"damage":41,"enemies":"Lagavulin","floor":10,"turns":5}],"seed_played":"-2428961566151597196","potions_obtained":[{"floor":1,"key":"theDuelist:StunPotion"}],"is_trial":false,"path_per_floor":["M","?","M","?","M","M","M","E","T","E"],"character_chosen":"THE_DUELIST","items_purchased":[],"campfire_rested":0,"item_purchase_floors":[],"current_hp_per_floor":[71,71,71,65,58,54,36,28,28,0,0],"gold":406,"neow_bonus":"RANDOM_COMMON_RELIC","is_daily":false,"chose_seed":false,"campfire_upgraded":0,"win_rate":0.0,"timestamp":1611202297,"path_taken":["M","?","M","?","M","M","?","E","T","E"],"items_purchased_type":[],"build_version":"2020-12-22","purchased_purges":0,"victory":false,"max_hp_per_floor":[80,80,80,80,80,80,80,80,80,80,80],"card_choices":[{"not_picked":["theDuelist:AcidTrapHole","theDuelist:FiendSkull"],"picked":"theDuelist:ArchfiendCommander","floor":1},{"not_picked":["theDuelist:GiantTrapHole","theDuelist:RainbowKuriboh"],"picked":"theDuelist:ElectromagneticShield","floor":3},{"not_picked":["theDuelist:UmbralHorrorUniform","theDuelist:WanderingKing"],"picked":"theDuelist:TerraTerrible","floor":5},{"not_picked":["theDuelist:Blockman","theDuelist:EvilswarmHeliotrope","theDuelist:WeepingIdol"],"picked":"SKIP","floor":6},{"not_picked":["theDuelist:DarkCubicLord","theDuelist:DarkMasterZorc"],"picked":"theDuelist:ArchfiendCommander","floor":7},{"not_picked":["theDuelist:BlueBloodedOni","theDuelist:RedHeadedOni"],"picked":"theDuelist:RainbowKuriboh","floor":8}],"player_experience":118333,"relics_obtained":[{"floor":3,"key":"LetterFromLob"},{"floor":8,"key":"Counterbalance"},{"floor":9,"key":"Replay:PocketPolymizer"}],"event_choices":[{"damage_healed":0,"gold_gain":175,"player_choice":"AGREE","damage_taken":137,"max_hp_gain":0,"max_hp_loss":0,"event_name":"betterThird:BetterSerpent","floor":2,"gold_loss":0},{"damage_healed":0,"gold_gain":0,"player_choice":"Dig - random Duelist relic","duelist":true,"damage_taken":0,"max_hp_gain":0,"max_hp_loss":0,"event_name":"Aknamkanon\u0027s Tomb","floor":4,"gold_loss":0}],"is_beta":false,"boss_relics":[],"items_purged_floors":[],"is_endless":false,"potions_floor_spawned":[1],"killed_by":"Lagavulin","ascension_level":6}}