{"host":"qxeepl7ydvsgmfdb","time":1611243389,"event":{"mods":["AchievementEnabler","BaseMod","Colored Powertips","Minty Spire (QoL Compilation)","Quick Restart","slay the spire mod where everything is the same but ironclad has a cowboy hat"],"gold_per_floor":[116,69,69,17,92,127,145,174,199,228,228,228,258,223,223,223,223],"floor_reached":16,"language":"ENG","playtime":536,"items_purged":[],"score":164,"play_id":"9fbdb768-80a9-403c-a8e3-cbc0102dc01e","local_time":"20210121103629","is_ascension_mode":true,"campfire_choices":[{"data":"Flex","floor":12.0,"key":"SMITH"},{"floor":15.0,"key":"REST"}],"circlet_count":0,"master_deck":["Strike_R","Strike_R","Strike_R","Strike_R","Strike_R","Defend_R","Defend_R","Defend_R","Defend_R","Bash","Armaments","Perfected Strike","Jack Of All Trades","Iron Wave","Flex+1","Regret","Cleave"],"relics":["Burning Blood","NeowsBlessing","Red Skull","Pantograph","MealTicket","Orichalcum","Bag of Preparation","Boot"],"acts_visited":["Exordium"],"potions_floor_usage":[16],"damage_taken":[{"damage":0.0,"enemies":"Cultist","floor":1.0,"turns":1.0},{"damage":0.0,"enemies":"Lagavulin","floor":6.0,"turns":1.0},{"damage":0.0,"enemies":"Jaw Worm","floor":7.0,"turns":1.0},{"damage":23.0,"enemies":"3 Sentries","floor":8.0,"turns":7.0},{"damage":23.0,"enemies":"Lagavulin","floor":10.0,"turns":6.0},{"damage":27.0,"enemies":"Gremlin Nob","floor":13.0,"turns":4.0},{"damage":82,"enemies":"The Guardian","floor":16,"turns":14}],"seed_played":"-9012407628956849607","potions_obtained":[{"floor":7.0,"key":"Block Potion"},{"floor":10.0,"key":"Energy Potion"},{"floor":13.0,"key":"SteroidPotion"}],"is_trial":false,"path_per_floor":["M","$","?","$","?","E","M","E","T","E","?","R","E","?","R","B"],"character_chosen":"IRONCLAD","items_purchased":["Perfected Strike","SkillPotion"],"campfire_rested":1,"item_purchase_floors":[2,4],"current_hp_per_floor":[80,80,80,80,69,75,80,63,63,46,46,46,25,45,69,0,0],"gold":223,"neow_bonus":"THREE_ENEMY_KILL","is_daily":false,"chose_seed":false,"campfire_upgraded":1,"win_rate":0.0,"timestamp":1611243389,"path_taken":["M","$","?","?","?","E","M","E","T","E","?","R","E","?","R","BOSS"],"items_purchased_type":["Card","Potion"],"build_version":"2020-12-22","purchased_purges":0,"victory":false,"max_hp_per_floor":[80,80,80,80,80,80,80,80,80,80,80,80,80,80,80,80,80],"card_choices":[{"not_picked":["Reckless Charge","Whirlwind"],"picked":"Armaments","floor":1.0},{"not_picked":["Hemokinesis","Searing Blow","True Grit"],"picked":"SKIP","floor":6.0},{"not_picked":["Clash","Shrug It Off"],"picked":"Flex","floor":7.0},{"not_picked":["Sever Soul","Pommel Strike","Dual Wield"],"picked":"SKIP","floor":8.0},{"not_picked":["Seeing Red","Pummel","Impervious"],"picked":"SKIP","floor":10.0},{"not_picked":["Combust","Double Tap"],"picked":"Cleave","floor":13.0}],"player_experience":195575,"relics_obtained":[{"floor":6.0,"key":"Red Skull"},{"floor":8.0,"key":"Pantograph"},{"floor":9.0,"key":"MealTicket"},{"floor":10.0,"key":"Orichalcum"},{"floor":13.0,"key":"Boot"}],"event_choices":[{"damage_healed":0.0,"max_hp_gain":0.0,"max_hp_loss":0.0,"gold_gain":0.0,"event_name":"Match and Keep!","player_choice":"2 cards matched","floor":3.0,"gold_loss":0.0,"damage_taken":0.0,"cards_obtained":["Jack Of All Trades","Iron Wave"]},{"damage_healed":0.0,"max_hp_gain":0.0,"max_hp_loss":0.0,"gold_gain":75.0,"event_name":"World of Goop","player_choice":"Gather Gold","floor":5.0,"gold_loss":0.0,"damage_taken":11.0},{"damage_healed":0.0,"max_hp_gain":0.0,"max_hp_loss":0.0,"gold_gain":0.0,"event_name":"Big Fish","player_choice":"Box","floor":11.0,"gold_loss":0.0,"damage_taken":0.0,"relics_obtained":["Bag of Preparation"],"cards_obtained":["Regret"]},{"damage_healed":20.0,"max_hp_gain":0.0,"max_hp_loss":0.0,"gold_gain":0.0,"event_name":"The Cleric","player_choice":"Healed","floor":14.0,"gold_loss":35.0,"damage_taken":0.0}],"is_beta":false,"boss_relics":[],"items_purged_floors":[],"is_endless":false,"potions_floor_spawned":[7,10,13],"killed_by":"The Guardian","ascension_level":2}}