{"host":"16bdbdkejmwbwkj8","time":1611202459,"event":{"mods":["BaseMod","Colored Map","Downfall","Minty Spire (QoL Compilation)","StSLib"],"gold_per_floor":[115,190,190,190,272,297,314,15,40,40,40],"floor_reached":10,"language":"ENG","playtime":238,"items_purged":[],"score":89,"play_id":"cdcd1f6b-249c-49c3-8030-74020dba84a3","local_time":"20210120231419","is_ascension_mode":false,"campfire_choices":[],"circlet_count":0,"master_deck":["Strike_G","Strike_G","Strike_G","Strike_G","Strike_G","Defend_G","Defend_G","Defend_G","Defend_G","Defend_G","Survivor","Neutralize","Outmaneuver+1","Tactician+1","Deflect+1"],"relics":["Ring of the Snake","NeowsBlessing","Toxic Egg 2","Bottled Lightning","InkBottle","Orichalcum","Vajra","Bronze Scales"],"acts_visited":["Exordium"],"potions_floor_usage":[],"damage_taken":[{"damage":0,"enemies":"Cultist","floor":1,"turns":1},{"damage":0,"enemies":"Lagavulin","floor":6,"turns":1},{"damage":0,"enemies":"Jaw Worm","floor":7,"turns":2},{"damage":47,"enemies":"Gremlin Nob","floor":10,"turns":6}],"seed_played":"-8981904231066230419","potions_obtained":[],"is_trial":false,"path_per_floor":["M","?","T","?","T","E","M","$","T","E"],"character_chosen":"THE_SILENT","items_purchased":["Orichalcum","Vajra"],"campfire_rested":0,"item_purchase_floors":[8,8],"current_hp_per_floor":[70,59,59,59,59,59,59,59,59,12,12],"gold":40,"neow_bonus":"THREE_ENEMY_KILL","is_daily":false,"chose_seed":false,"campfire_upgraded":0,"win_rate":0.0,"timestamp":1611202459,"path_taken":["M","?","?","?","?","E","M","$","T","E"],"items_purchased_type":["Relic","Relic"],"build_version":"2020-12-22","purchased_purges":0,"victory":false,"max_hp_per_floor":[70,70,70,70,70,70,70,70,70,70,70],"card_choices":[{"not_picked":["Dagger Spray","Escape Plan"],"picked":"Outmaneuver","floor":1},{"not_picked":["Dodge and Roll+1","Eviscerate"],"picked":"Tactician+1","floor":6},{"not_picked":["Flying Knee","Slice"],"picked":"Deflect+1","floor":7}],"player_experience":121828,"relics_obtained":[{"floor":3,"key":"Toxic Egg 2"},{"floor":5,"key":"Bottled Lightning"},{"floor":6,"key":"InkBottle"},{"floor":9,"key":"Bronze Scales"}],"event_choices":[{"damage_healed":0,"gold_gain":75,"player_choice":"Gather Gold","damage_taken":11,"max_hp_gain":0,"max_hp_loss":0,"event_name":"World of Goop","floor":2,"gold_loss":0},{"damage_healed":0,"gold_gain":0,"player_choice":"Grow","damage_taken":0,"max_hp_gain":0,"max_hp_loss":0,"event_name":"Living Wall","floor":4,"gold_loss":0,"cards_upgraded":["Outmaneuver"]}],"is_beta":false,"boss_relics":[],"items_purged_floors":[],"is_endless":false,"potions_floor_spawned":[],"killed_by":"Gremlin Nob","ascension_level":0}}