{"host":"2lo6hma6kymb0g9i","time":1611194972,"event":{"mods":["BaseMod","Colored Map","DeckTracker","Minty Spire (QoL Compilation)"],"gold_per_floor":[112,112,187,187,134,168,168,168,168,168,183,183,199,224,224,224,224],"floor_reached":16,"language":"JPN","playtime":538,"items_purged":[],"score":196,"play_id":"4188a630-dacc-46b5-82b1-e6145c48adc1","local_time":"20210121110932","is_ascension_mode":true,"campfire_choices":[{"floor":7,"key":"REST"},{"floor":10,"key":"REST"},{"data":"Cold Snap","floor":12,"key":"SMITH"},{"data":"Streamline","floor":15,"key":"SMITH"}],"circlet_count":0,"master_deck":["AscendersBane","Strike_B","Strike_B","Strike_B","Strike_B","Defend_B","Defend_B","Defend_B","Defend_B","Zap","Dualcast","BootSequence","Capacitor","Cold Snap+1","Streamline+1","Coolheaded"],"relics":["Cracked Core","Nunchaku","Golden Idol","InkBottle","Potion Belt"],"acts_visited":["Exordium"],"potions_floor_usage":[6,16],"damage_taken":[{"damage":9,"enemies":"Jaw Worm","floor":1,"turns":3},{"damage":40,"enemies":"Lagavulin","floor":6,"turns":8},{"damage":7,"enemies":"Small Slimes","floor":11,"turns":3},{"damage":0,"enemies":"2 Louse","floor":13,"turns":2},{"damage":6,"enemies":"Blue Slaver","floor":14,"turns":3},{"damage":37,"enemies":"Hexaghost","floor":16,"turns":9}],"seed_played":"-8781020287432857429","potions_obtained":[{"floor":6,"key":"Explosive Potion"},{"floor":14,"key":"EssenceOfSteel"}],"is_trial":false,"path_per_floor":["M","?","?","?","$","E","R","$","T","R","M","R","M","M","R","B"],"character_chosen":"DEFECT","items_purchased":["PowerPotion"],"campfire_rested":2,"item_purchase_floors":[5],"current_hp_per_floor":[55,55,44,49,49,9,29,29,29,49,42,42,42,36,36,0,0],"gold":224,"neow_bonus":"RANDOM_COMMON_RELIC","is_daily":false,"chose_seed":false,"campfire_upgraded":2,"win_rate":0.0,"timestamp":1611194972,"path_taken":["M","?","?","?","?","E","R","?","T","R","?","R","?","M","R","BOSS"],"items_purchased_type":["Potion"],"build_version":"2020-12-22","purchased_purges":0,"victory":false,"max_hp_per_floor":[71,64,64,69,69,69,69,69,69,69,69,69,69,69,69,69,69],"card_choices":[{"not_picked":["Ball Lightning","Heatsinks"],"picked":"BootSequence","floor":1},{"not_picked":["All For One","Hello World"],"picked":"Capacitor","floor":6},{"not_picked":["Gash","Compile Driver"],"picked":"Cold Snap","floor":11},{"not_picked":["Gash","Ball Lightning"],"picked":"Streamline","floor":13},{"not_picked":["Fission","Steam"],"picked":"Coolheaded","floor":14}],"player_experience":1100158,"relics_obtained":[{"floor":6,"key":"InkBottle"},{"floor":9,"key":"Potion Belt"}],"event_choices":[{"damage_healed":0,"gold_gain":0,"player_choice":"Lose Max HP","damage_taken":0,"relics_obtained":["Golden Idol"],"max_hp_gain":0,"max_hp_loss":7,"event_name":"Golden Idol","floor":2,"gold_loss":0},{"damage_healed":0,"gold_gain":75,"player_choice":"Gather Gold","damage_taken":11,"max_hp_gain":0,"max_hp_loss":0,"event_name":"World of Goop","floor":3,"gold_loss":0},{"damage_healed":0,"gold_gain":0,"player_choice":"Donut","damage_taken":0,"max_hp_gain":5,"max_hp_loss":0,"event_name":"Big Fish","floor":4,"gold_loss":0}],"is_beta":false,"boss_relics":[],"items_purged_floors":[],"is_endless":false,"potions_floor_spawned":[6,14],"killed_by":"Hexaghost","ascension_level":20}}