{"host":"qekv59dthhdg54sz","time":1611243880,"event":{"mods":["AchievementEnabler","BaseMod","Colored Map","DeckTracker","KOR Keyword Fix","Minty Spire (QoL Compilation)","Rare Cards Sparkle","StSLib","SuperFastMode"],"gold_per_floor":[112,112,112,112,132,132,163,182,205,205,222,241,253,267,267,344,344,361,435,30,50,50,50,62,62,62,87,106,50,68,79,79,151,151,164,164,164,64,64,64,79,112,112,139,139,149,24,42,42,42,42],"floor_reached":52,"language":"KOR","playtime":2609,"items_purged":["Strike_G","Strike_G","Decay"],"score":2068,"play_id":"e6efc93b-6bec-4b73-b349-a9618528f57e","local_time":"20210122004440","is_ascension_mode":true,"campfire_choices":[{"data":"Adrenaline","floor":6.0,"key":"SMITH"},{"data":"Well Laid Plans","floor":10.0,"key":"SMITH"},{"data":"Acrobatics","floor":15.0,"key":"SMITH"},{"data":"Adrenaline","floor":23.0,"key":"SMITH"},{"data":"Adrenaline","floor":25.0,"key":"SMITH"},{"floor":32.0,"key":"REST"},{"data":"Concentrate","floor":40.0,"key":"SMITH"},{"data":"Burst","floor":45.0,"key":"SMITH"},{"data":"Tactician","floor":49,"key":"SMITH"}],"circlet_count":0,"master_deck":["AscendersBane","Strike_G","Strike_G","Strike_G","Defend_G+1","Defend_G","Defend_G+1","Survivor","Neutralize","Poisoned Stab","Adrenaline+1","Well Laid Plans+1","Predator","Dagger Throw","Acrobatics+1","Blade Dance","Adrenaline+1","Eviscerate","Adrenaline+1","Accuracy","Backflip","Concentrate+1","Burst+1","Tactician+1","Clumsy","Prepared+1"],"relics":["Ring of the Snake","NeowsBlessing","Tiny Chest","Kunai","War Paint","SlaversCollar","HornCleat","Gambling Chip","StrikeDummy","Toy Ornithopter","Cursed Key","Oddly Smooth Stone","The Specimen","Sundial","Mummified Hand"],"acts_visited":["Exordium","TheCity","TheBeyond"],"potions_floor_usage":[],"damage_taken":[{"damage":0.0,"enemies":"2 Louse","floor":1.0,"turns":1.0},{"damage":0.0,"enemies":"Small Slimes","floor":5.0,"turns":2.0},{"damage":0.0,"enemies":"Lagavulin","floor":7.0,"turns":1.0},{"damage":0.0,"enemies":"Cultist","floor":8.0,"turns":3.0},{"damage":7.0,"enemies":"Lots of Slimes","floor":11.0,"turns":5.0},{"damage":0.0,"enemies":"Looter","floor":12.0,"turns":2.0},{"damage":0.0,"enemies":"Red Slaver","floor":13.0,"turns":3.0},{"damage":2.0,"enemies":"2 Fungi Beasts","floor":14.0,"turns":4.0},{"damage":21.0,"enemies":"The Guardian","floor":16.0,"turns":14.0},{"damage":7.0,"enemies":"Shell Parasite","floor":18.0,"turns":11.0},{"damage":0.0,"enemies":"Chosen","floor":21.0,"turns":3.0},{"damage":0.0,"enemies":"Snecko","floor":24.0,"turns":3.0},{"damage":13.0,"enemies":"Gremlin Leader","floor":27.0,"turns":5.0},{"damage":13.0,"enemies":"Shelled Parasite and Fungi","floor":28.0,"turns":5.0},{"damage":0.0,"enemies":"Cultist and Chosen","floor":30.0,"turns":5.0},{"damage":0.0,"enemies":"Snake Plant","floor":31.0,"turns":4.0},{"damage":5.0,"enemies":"Automaton","floor":33.0,"turns":11.0},{"damage":11.0,"enemies":"3 Shapes","floor":35.0,"turns":5.0},{"damage":0.0,"enemies":"3 Darklings","floor":41.0,"turns":5.0},{"damage":7.0,"enemies":"Giant Head","floor":42.0,"turns":8.0},{"damage":0.0,"enemies":"Reptomancer","floor":44.0,"turns":4.0},{"damage":0.0,"enemies":"Sphere and 2 Shapes","floor":46.0,"turns":3.0},{"damage":12,"enemies":"Writhing Mass","floor":48,"turns":8},{"damage":0,"enemies":"Donu and Deca","floor":50,"turns":9},{"damage":12,"enemies":"Awakened One","floor":51,"turns":10}],"seed_played":"3897359241363264680","potions_obtained":[{"floor":11.0,"key":"SkillPotion"},{"floor":12.0,"key":"LiquidMemories"},{"floor":14.0,"key":"CunningPotion"},{"floor":16.0,"key":"Regen Potion"},{"floor":28.0,"key":"Block Potion"},{"floor":33.0,"key":"ColorlessPotion"},{"floor":44.0,"key":"DuplicationPotion"},{"floor":46.0,"key":"FairyPotion"}],"is_trial":false,"path_per_floor":["M","?","?","?","M","R","E","M","T","R","M","M","M","M","R","B",null,"M","T","$","M","?","R","M","R","T","E","M","$","M","M","R","B",null,"M","?","T","$","?","R","M","E","T","E","R","M","$","M","R","B","B",null],"character_chosen":"THE_SILENT","items_purchased":["Gambling Chip","Backflip"],"campfire_rested":1,"item_purchase_floors":[20,29],"current_hp_per_floor":[59,41,63,63,63,63,63,63,63,63,56,56,56,54,54,33,58,51,51,51,51,51,51,51,51,51,38,25,25,25,25,44,58,64,53,53,53,53,53,53,58,51,51,56,56,56,56,44,44,44,32],"gold":42,"neow_bonus":"THREE_ENEMY_KILL","is_daily":false,"chose_seed":false,"campfire_upgraded":8,"win_rate":0.0,"timestamp":1611243880,"path_taken":["M","?","?","?","M","R","E","?","T","R","M","M","M","M","R","BOSS","M","?","$","M","?","R","M","R","T","E","?","$","M","M","R","BOSS","M","?","?","$","?","R","M","E","T","E","R","M","$","M","R","BOSS","BOSS"],"items_purchased_type":["Relic","Card"],"build_version":"2020-12-22","purchased_purges":3,"victory":true,"max_hp_per_floor":[66,66,66,66,66,66,66,66,66,66,66,66,66,66,66,66,66,66,66,66,66,66,66,66,66,66,66,66,66,66,66,66,66,66,66,66,66,66,66,66,66,66,66,66,66,66,66,66,66,66,66],"card_choices":[{"not_picked":["Underhanded Strike","Slice"],"picked":"Poisoned Stab","floor":1.0},{"not_picked":["Deflect","PiercingWail","Blade Dance"],"picked":"SKIP","floor":5.0},{"not_picked":["Outmaneuver","Footwork"],"picked":"Predator","floor":7.0},{"not_picked":["Escape Plan","Eviscerate","Accuracy"],"picked":"SKIP","floor":8.0},{"not_picked":["Skewer","Reflex"],"picked":"Dagger Throw","floor":11.0},{"not_picked":["Concentrate","Slice"],"picked":"Acrobatics","floor":12.0},{"not_picked":["PiercingWail","Underhanded Strike"],"picked":"Blade Dance","floor":13.0},{"not_picked":["Escape Plan","Slice","Unload"],"picked":"SKIP","floor":14.0},{"not_picked":["Corpse Explosion","Venomology"],"picked":"Adrenaline","floor":16.0},{"not_picked":["Acrobatics","Quick Slash"],"picked":"Eviscerate","floor":18.0},{"not_picked":["Underhanded Strike","Deflect+1","Bane"],"picked":"SKIP","floor":21.0},{"not_picked":["Skewer+1","All Out Attack","Dagger Throw"],"picked":"SKIP","floor":24.0},{"not_picked":["Blur","Terror"],"picked":"Accuracy","floor":27.0},{"not_picked":["Blur","Doppelganger","Catalyst"],"picked":"SKIP","floor":28.0},{"not_picked":["Sucker Punch","Cloak And Dagger"],"picked":"Concentrate","floor":30.0},{"not_picked":["Dodge and Roll","Underhanded Strike","Deadly Poison"],"picked":"SKIP","floor":31.0},{"not_picked":["Doppelganger","Die Die Die"],"picked":"Burst","floor":33.0},{"not_picked":["Slice","Deadly Poison"],"picked":"Tactician","floor":35.0},{"not_picked":["Crippling Poison","All Out Attack","Deadly Poison+1"],"picked":"SKIP","floor":41.0},{"not_picked":["Bane+1","Slice","Outmaneuver"],"picked":"SKIP","floor":42.0},{"not_picked":["Underhanded Strike","Blade Dance+1","Doppelganger"],"picked":"SKIP","floor":44.0},{"not_picked":["Underhanded Strike","Poisoned Stab","Expertise"],"picked":"SKIP","floor":46.0},{"not_picked":["Slice","Dodge and Roll"],"picked":"Prepared+1","floor":48}],"player_experience":797069,"relics_obtained":[{"floor":7.0,"key":"Kunai"},{"floor":9.0,"key":"War Paint"},{"floor":19.0,"key":"HornCleat"},{"floor":26.0,"key":"StrikeDummy"},{"floor":27.0,"key":"Toy Ornithopter"},{"floor":37.0,"key":"Oddly Smooth Stone"},{"floor":42.0,"key":"The Specimen"},{"floor":43.0,"key":"Sundial"},{"floor":44.0,"key":"Mummified Hand"}],"event_choices":[{"damage_healed":0.0,"max_hp_gain":0.0,"max_hp_loss":0.0,"gold_gain":0.0,"event_name":"Scrap Ooze","player_choice":"Success","floor":2.0,"gold_loss":0.0,"damage_taken":18.0,"relics_obtained":["Tiny Chest"]},{"damage_healed":22.0,"max_hp_gain":0.0,"max_hp_loss":0.0,"gold_gain":0.0,"event_name":"Big Fish","player_choice":"Banana","floor":3.0,"gold_loss":0.0,"damage_taken":0.0},{"damage_healed":0.0,"max_hp_gain":0.0,"max_hp_loss":0.0,"gold_gain":0.0,"event_name":"Match and Keep!","player_choice":"2 cards matched","floor":4.0,"gold_loss":0.0,"damage_taken":0.0,"cards_obtained":["Adrenaline","Well Laid Plans"]},{"damage_healed":0.0,"max_hp_gain":0.0,"max_hp_loss":0.0,"gold_gain":0.0,"event_name":"Duplicator","player_choice":"Copied","floor":22.0,"gold_loss":0.0,"damage_taken":0.0,"cards_obtained":["Adrenaline"]},{"cards_removed":["Defend_G"],"damage_healed":0.0,"max_hp_gain":0.0,"max_hp_loss":0.0,"gold_gain":0.0,"event_name":"Purifier","player_choice":"Purged","floor":36.0,"gold_loss":0.0,"damage_taken":0.0},{"cards_removed":["Defend_G"],"damage_healed":0.0,"max_hp_gain":0.0,"max_hp_loss":0.0,"gold_gain":0.0,"event_name":"Falling","player_choice":"Removed Skill","floor":39.0,"gold_loss":0.0,"damage_taken":0.0}],"is_beta":false,"boss_relics":[{"not_picked":["Ring of the Serpent","Snecko Eye"],"picked":"SlaversCollar"},{"not_picked":["Tiny House","Runic Pyramid"],"picked":"Cursed Key"}],"items_purged_floors":[20,38,47],"is_endless":false,"potions_floor_spawned":[11,12,13,14,16,21,28,33,44,46],"ascension_level":20}}