{"host":"4myl0piycjadqnwl","time":1611193974,"event":{"mods":["BaseMod","Colored Map","Downfall","Minty Spire (QoL Compilation)","StSLib"],"gold_per_floor":[349,349,36,36,21,21,21,46,46,57,57,76,76,76,91,91,91,91],"floor_reached":16,"language":"ENG","playtime":800,"items_purged":["Regret"],"score":126,"play_id":"014d49f1-1abe-4e8f-a2d5-1d2ff66b5884","local_time":"20210121025254","is_ascension_mode":true,"campfire_choices":[{"floor":1.0,"key":"RECALL"},{"data":"bronze:Terminator","floor":6.0,"key":"SMITH"},{"floor":9.0,"key":"REST"},{"data":"bronze:Philosophize","floor":11.0,"key":"SMITH"},{"data":"bronze:Philosophize","floor":13.0,"key":"SMITH"}],"circlet_count":0,"master_deck":["bronze:Strike","bronze:Strike","bronze:Strike","bronze:Strike","bronze:Defend","bronze:Defend","bronze:Defend","bronze:Defend","bronze:Replicate","bronze:Goto","bronze:Deprecate","bronze:Terminator+1","bronze:Philosophize+1","bronze:Safeguard","bronze:Philosophize+1","bronze:InfiniteBeams","bronze:Philosophize","bronze:Iterate","bronze:DelayedGuard","bronze:Iterate","bronze:Iterate","bronze:Repair","bronze:Iterate"],"relics":["bronze:BronzeCore","champ:DuelingGlove","Orrery","bronze:CableSpool","Sundial","Dream Catcher"],"acts_visited":["Exordium"],"potions_floor_usage":[16],"damage_taken":[{"damage":10.0,"enemies":"downfall:FleeingMerchant","floor":3.0,"turns":4.0},{"damage":5.0,"enemies":"downfall:FleeingMerchant","floor":5.0,"turns":4.0},{"damage":25.0,"enemies":"Gremlin Nob","floor":8.0,"turns":4.0},{"damage":0.0,"enemies":"2 Louse","floor":10.0,"turns":1.0},{"damage":6.0,"enemies":"Jaw Worm","floor":12.0,"turns":2.0},{"damage":10.0,"enemies":"Small Slimes","floor":15.0,"turns":2.0},{"damage":20,"enemies":"DF_ARCHETYPE_STREAMLINE","floor":16,"turns":5}],"seed_played":"8357015188274728419","potions_obtained":[{"floor":8.0,"key":"Swift Potion"},{"floor":10.0,"key":"Fire Potion"},{"floor":12.0,"key":"Energy Potion"}],"is_trial":false,"path_per_floor":["R","?","$","?","$","R","T","E","R","M","R","M","R","?","M","B"],"character_chosen":"THE_AUTOMATON","items_purchased":["Orrery","bronze:Philosophize"],"campfire_rested":1,"item_purchase_floors":[3,3],"current_hp_per_floor":[63,63,53,41,36,36,36,11,29,29,29,23,23,23,13,0,0,0],"gold":91,"neow_bonus":"TWO_FIFTY_GOLD","is_daily":false,"chose_seed":false,"campfire_upgraded":3,"win_rate":0.0,"timestamp":1611193974,"path_taken":["R","?","$","?","$","R","T","E","R","M","R","M","R","?","M","BOSS"],"items_purchased_type":["Relic","Card"],"build_version":"2020-12-22","purchased_purges":1,"victory":false,"max_hp_per_floor":[63,63,63,63,63,63,63,63,63,63,63,63,63,63,63,63,63,63],"card_choices":[{"not_picked":["bronze:Return","bronze:Invalidate"],"picked":"bronze:Deprecate","floor":3.0},{"not_picked":["bronze:DigitalCarnage","bronze:BuggyMess"],"picked":"bronze:Terminator","floor":3.0},{"not_picked":["bronze:FineTuning","bronze:FollowUp"],"picked":"bronze:Philosophize","floor":3.0},{"not_picked":["bronze:ThunderWave","bronze:BugBarrage"],"picked":"bronze:Safeguard","floor":3.0},{"not_picked":["bronze:Branch","bronze:ForLoop"],"picked":"bronze:Philosophize","floor":3.0},{"not_picked":["bronze:ForceShield","bronze:CutThrough"],"picked":"bronze:InfiniteBeams","floor":3.0},{"not_picked":["bronze:DelayedSlice","bronze:Format"],"picked":"bronze:Iterate","floor":5.0},{"not_picked":["bronze:CloningBeam","bronze:Backtrace"],"picked":"bronze:DelayedGuard","floor":8.0},{"not_picked":["bronze:Safeguard","bronze:Philosophize"],"picked":"bronze:Iterate","floor":9.0},{"not_picked":["bronze:Branch","bronze:DelayedGuard"],"picked":"bronze:Iterate","floor":10.0},{"not_picked":["bronze:InfiniteLoop","bronze:OilSpill"],"picked":"bronze:Repair","floor":12.0},{"not_picked":["bronze:Turbo","bronze:BugBarrage"],"picked":"bronze:Iterate","floor":15.0}],"player_experience":1444333,"relics_obtained":[{"floor":7.0,"key":"Sundial"},{"floor":8.0,"key":"Dream Catcher"}],"event_choices":[{"damage_healed":0.0,"max_hp_gain":0.0,"max_hp_loss":0.0,"gold_gain":0.0,"event_name":"Big Fish","player_choice":"Box","floor":2.0,"gold_loss":0.0,"damage_taken":0.0,"relics_obtained":["champ:DuelingGlove"],"cards_obtained":["Regret"]},{"damage_healed":0.0,"max_hp_gain":0.0,"max_hp_loss":0.0,"gold_gain":0.0,"event_name":"Scrap Ooze","player_choice":"Success","floor":4.0,"gold_loss":0.0,"damage_taken":12.0,"relics_obtained":["bronze:CableSpool"]}],"is_beta":false,"boss_relics":[],"items_purged_floors":[3],"is_endless":false,"potions_floor_spawned":[8,10,12],"killed_by":"DF_ARCHETYPE_STREAMLINE","ascension_level":1}}