{"host":"uzp1tn8qxn9571p9","time":1611226925,"event":{"mods":["BaseMod","Colored Map","Colored Powertips","Hermit","Minty Spire (QoL Compilation)","Shop Mod","StSLib","óô»ðÖ¸ÄÏ"],"gold_per_floor":[118,193,193,41,61,61,236,265,311,344,444,462,462,473,473,570,570,586,586,638,665,680,680,698,698,698,698,5,34,50,50,50,50,50],"floor_reached":33,"language":"ZHS","playtime":1422,"items_purged":["hermit:Defend_Hermit","hermit:Strike_Hermit"],"score":298,"play_id":"efaf9305-6aa9-460e-a408-25e413a6137d","local_time":"20210121190205","is_ascension_mode":true,"campfire_choices":[{"data":"hermit:WideOpen","floor":6.0,"key":"SMITH"},{"floor":13.0,"key":"REST"},{"data":"hermit:BlackWind","floor":15.0,"key":"SMITH"},{"data":"hermit:OverwhelmingPower","floor":23,"key":"SMITH"},{"data":"hermit:Headshot","floor":25,"key":"SMITH"},{"data":"hermit:Gestalt","floor":27,"key":"SMITH"},{"data":"hermit:Covet","floor":32,"key":"SMITH"}],"circlet_count":0,"master_deck":["hermit:Strike_Hermit","hermit:Defend_Hermit","hermit:Defend_Hermit","hermit:Snapshot","hermit:Covet+1","hermit:WideOpen+1","hermit:Deadeye","hermit:Malice","Doubt","hermit:BlackWind+1","hermit:Gestalt+1","hermit:Quickdraw","hermit:OverwhelmingPower+1","hermit:Headshot+1","hermit:Spite","Metamorphosis+1","hermit:Gambit+1"],"relics":["hermit:Momento","Bottled Flame","Regal Pillow","Calipers","Philosopher\u0027s Stone","Red Mask","Toxic Egg 2","MerchantsRug","Ancient Tea Set","Juzu Bracelet","hermit:RyeStalk"],"acts_visited":["Exordium","TheCity"],"potions_floor_usage":[18,21,33,33],"damage_taken":[{"damage":7.0,"enemies":"Jaw Worm","floor":1.0,"turns":3.0},{"damage":0.0,"enemies":"2 Louse","floor":5.0,"turns":2.0},{"damage":6.0,"enemies":"Gremlin Nob","floor":8.0,"turns":3.0},{"damage":22.0,"enemies":"3 Sentries","floor":10.0,"turns":8.0},{"damage":0.0,"enemies":"Cultist","floor":12.0,"turns":1.0},{"damage":1.0,"enemies":"2 Fungi Beasts","floor":14.0,"turns":3.0},{"damage":43.0,"enemies":"The Guardian","floor":16.0,"turns":10.0},{"damage":13,"enemies":"3 Byrds","floor":18,"turns":4},{"damage":7,"enemies":"Masked Bandits","floor":21,"turns":3},{"damage":2,"enemies":"Chosen","floor":22,"turns":3},{"damage":11,"enemies":"Centurion and Healer","floor":24,"turns":3},{"damage":12,"enemies":"Book of Stabbing","floor":29,"turns":2},{"damage":0,"enemies":"Sentry and Sphere","floor":30,"turns":2},{"damage":65,"enemies":"Champ","floor":33,"turns":6}],"seed_played":"3898030183442949754","potions_obtained":[{"floor":10.0,"key":"FearPotion"},{"floor":12.0,"key":"Swift Potion"},{"floor":14.0,"key":"SkillPotion"},{"floor":16.0,"key":"Strength Potion"},{"floor":21,"key":"LiquidMemories"},{"floor":30,"key":"ColorlessPotion"}],"is_trial":false,"path_per_floor":["M","?","?","$","M","R","?","E","T","E","?","M","R","M","R","B",null,"M","?","T","?","M","R","M","R","T","R","$","E","M","?","R","B"],"character_chosen":"HERMIT","items_purchased":["hermit:Deadeye","MerchantsRug","Ancient Tea Set","Juzu Bracelet","Metamorphosis+1"],"campfire_rested":1,"item_purchase_floors":[4,28,28,28,28],"current_hp_per_floor":[47,36,36,36,36,36,36,30,30,8,8,8,45,44,44,1,75,62,48,48,41,39,39,28,28,28,28,28,16,16,42,42,0,0],"gold":50,"neow_bonus":"REMOVE_TWO","is_daily":false,"chose_seed":false,"campfire_upgraded":6,"win_rate":0.0,"timestamp":1611226925,"path_taken":["M","?","?","$","?","R","?","E","T","E","?","?","R","M","R","BOSS","M","?","?","?","?","R","M","R","T","R","$","E","M","?","R","BOSS"],"items_purchased_type":["Card","Relic","Relic","Relic","Card"],"build_version":"2020-12-22","purchased_purges":2,"victory":false,"max_hp_per_floor":[75,75,75,75,75,75,75,75,75,75,75,75,75,75,75,75,75,75,80,80,80,80,80,80,80,80,80,80,80,80,80,80,80,80],"card_choices":[{"not_picked":["hermit:LowProfile","hermit:DeadMansHand"],"picked":"hermit:WideOpen","floor":1.0},{"not_picked":["hermit:TakeAim","hermit:TrackingShot"],"picked":"hermit:Malice","floor":5.0},{"not_picked":["hermit:LuckOfTheDraw","hermit:WideOpen"],"picked":"hermit:BlackWind","floor":8.0},{"not_picked":["hermit:Vantage","hermit:PistolWhip"],"picked":"hermit:Gestalt","floor":10.0},{"not_picked":["hermit:ItchyTrigger","hermit:Roulette"],"picked":"hermit:Quickdraw","floor":12.0},{"not_picked":["hermit:ShadowCloak","hermit:Ricochet","hermit:Gestalt"],"picked":"SKIP","floor":14.0},{"not_picked":["hermit:Purgatory","hermit:FromBeyond"],"picked":"hermit:OverwhelmingPower","floor":16.0},{"not_picked":["hermit:DeadMansHand+1","hermit:Gestalt","hermit:TrackingShot"],"picked":"SKIP","floor":18},{"not_picked":["hermit:BigShot","hermit:BodyArmor"],"picked":"hermit:Headshot","floor":22},{"not_picked":["hermit:Snipe","hermit:TrackingShot"],"picked":"hermit:Spite","floor":24},{"not_picked":["hermit:Malice","hermit:Quickdraw"],"picked":"hermit:Gambit+1","floor":29},{"not_picked":["hermit:Coalescence+1","hermit:HoleUp+1","hermit:DeadMansHand+1"],"picked":"SKIP","floor":30}],"player_experience":363990,"relics_obtained":[{"floor":8.0,"key":"Bottled Flame"},{"floor":9.0,"key":"Regal Pillow"},{"floor":10.0,"key":"Calipers"},{"floor":21,"key":"Red Mask"},{"floor":26,"key":"Toxic Egg 2"},{"floor":29,"key":"hermit:RyeStalk"}],"event_choices":[{"damage_healed":0.0,"max_hp_gain":0.0,"max_hp_loss":0.0,"gold_gain":75.0,"event_name":"World of Goop","player_choice":"Gather Gold","floor":2.0,"gold_loss":0.0,"damage_taken":11.0},{"cards_removed":["hermit:Strike_Hermit"],"damage_healed":0.0,"max_hp_gain":0.0,"max_hp_loss":0.0,"gold_gain":0.0,"event_name":"Bonfire Elementals","player_choice":"Offered Basic","floor":3.0,"gold_loss":0.0,"damage_taken":0.0},{"damage_healed":0.0,"max_hp_gain":0.0,"max_hp_loss":0.0,"gold_gain":175.0,"event_name":"Liars Game","player_choice":"AGREE","floor":7.0,"gold_loss":0.0,"damage_taken":0.0,"cards_obtained":["Doubt"]},{"damage_healed":0.0,"max_hp_gain":0.0,"max_hp_loss":0.0,"gold_gain":100.0,"event_name":"Wheel of Change","player_choice":"Gold","floor":11.0,"gold_loss":0.0,"damage_taken":0.0},{"damage_healed":0,"gold_gain":0,"player_choice":"Shed Blood","damage_taken":19,"max_hp_gain":5,"max_hp_loss":0,"event_name":"Forgotten Altar","floor":19,"gold_loss":0},{"damage_healed":0,"gold_gain":0,"player_choice":"Fought Bandits","damage_taken":0,"max_hp_gain":0,"max_hp_loss":0,"event_name":"Masked Bandits","floor":21,"gold_loss":0},{"damage_healed":26,"gold_gain":0,"player_choice":"Heal","damage_taken":0,"max_hp_gain":0,"max_hp_loss":0,"event_name":"The Library","floor":31,"gold_loss":0}],"is_beta":false,"boss_relics":[{"not_picked":["Velvet Choker","hermit:ClaspedLocket"],"picked":"Philosopher\u0027s Stone"}],"items_purged_floors":[4,28],"is_endless":false,"potions_floor_spawned":[10,12,14,16,21,30],"killed_by":"Champ","ascension_level":2}}