{"host":"cpfpi6qzkh3nfm6s","time":1611196501,"event":{"mods":["AchievementEnabler","BaseMod","Colored Map","Downfall","Minty Spire (QoL Compilation)","StSLib"],"gold_per_floor":[113,113,213,230,180,180,191,202,228,248,263,288,288,213,213,309,309,321,321,321,338,338,366,379,379,379],"floor_reached":25,"language":"ENG","playtime":853,"items_purged":["Strike_R"],"score":223,"play_id":"7ce5623e-636e-4956-a135-dae231d23611","local_time":"20210121023501","is_ascension_mode":false,"campfire_choices":[{"data":"Twin Strike","floor":6,"key":"SMITH"},{"floor":15,"key":"DIG"}],"circlet_count":0,"master_deck":["Strike_R","Strike_R","Strike_R","Defend_R","Defend_R","Defend_R","Defend_R","Bash","Reaper","Twin Strike+1","Flex","Heavy Blade","Flex","Heavy Blade","Battle Trance","Demon Form","Cleave","Demon Form","Seeing Red"],"relics":["Burning Blood","Lantern","Happy Flower","Shovel","Omamori","HornCleat","Gremlin Horn"],"acts_visited":["Exordium","TheCity"],"potions_floor_usage":[16,16,16,24,25],"damage_taken":[{"damage":0,"enemies":"Small Slimes","floor":1,"turns":3},{"damage":1,"enemies":"2 Louse","floor":4,"turns":4},{"damage":6,"enemies":"Cultist","floor":7,"turns":3},{"damage":10,"enemies":"Looter","floor":8,"turns":3},{"damage":0,"enemies":"3 Louse","floor":10,"turns":3},{"damage":19,"enemies":"Blue Slaver","floor":11,"turns":3},{"damage":30,"enemies":"3 Sentries","floor":12,"turns":7},{"damage":40,"enemies":"Hexaghost","floor":16,"turns":7},{"damage":10,"enemies":"Spheric Guardian","floor":18,"turns":3},{"damage":6,"enemies":"Chosen","floor":21,"turns":5},{"damage":62,"enemies":"Gremlin Leader","floor":23,"turns":6},{"damage":10,"enemies":"Snecko","floor":24,"turns":4},{"damage":27,"enemies":"Snake Plant","floor":25,"turns":3}],"seed_played":"8452747477335820256","potions_obtained":[{"floor":1,"key":"bronze:BurnAndBuffPotion"},{"floor":7,"key":"PowerPotion"},{"floor":11,"key":"DuplicationPotion"},{"floor":23,"key":"sneckomod:MuddlingPotion"},{"floor":24,"key":"hexamod:SoulburnPotion"}],"is_trial":false,"path_per_floor":["M","?","?","M","?","R","M","M","T","M","M","E","?","$","R","B",null,"M","?","?","M","?","E","M","M"],"character_chosen":"IRONCLAD","items_purchased":[],"campfire_rested":0,"item_purchase_floors":[],"current_hp_per_floor":[80,77,77,80,80,80,80,76,76,80,67,56,56,56,56,30,80,76,76,76,76,76,20,22,0,0],"gold":379,"neow_bonus":"ONE_RANDOM_RARE_CARD","is_daily":false,"chose_seed":false,"campfire_upgraded":1,"win_rate":0.0,"timestamp":1611196501,"path_taken":["M","?","?","?","?","R","M","M","T","M","M","E","?","?","R","BOSS","M","?","?","?","?","E","M","M"],"items_purchased_type":[],"build_version":"2020-12-22","purchased_purges":1,"victory":false,"max_hp_per_floor":[80,80,80,80,80,80,80,80,80,80,80,80,80,80,80,80,80,80,80,80,80,80,80,80,80,80],"card_choices":[{"not_picked":["Searing Blow","Armaments","Rupture"],"picked":"SKIP","floor":1},{"not_picked":["Flex","Armaments"],"picked":"Twin Strike","floor":4},{"not_picked":["Clothesline","Thunderclap"],"picked":"Flex","floor":7},{"not_picked":["Dark Embrace","Clash"],"picked":"Heavy Blade","floor":8},{"not_picked":["Corruption","Clothesline"],"picked":"Flex","floor":10},{"not_picked":["Armaments","Sword Boomerang"],"picked":"Heavy Blade","floor":11},{"not_picked":["Twin Strike","Flex"],"picked":"Battle Trance","floor":12},{"not_picked":["Bludgeon","Brutality"],"picked":"Demon Form","floor":16},{"not_picked":["Dark Embrace","Blood for Blood","Heavy Blade"],"picked":"SKIP","floor":18},{"not_picked":["Disarm","Clash"],"picked":"Cleave","floor":21},{"not_picked":["Iron Wave","True Grit+1","Rupture+1"],"picked":"SKIP","floor":23},{"not_picked":["Thunderclap","Warcry"],"picked":"Seeing Red","floor":24}],"player_experience":4893,"relics_obtained":[{"floor":9,"key":"Happy Flower"},{"floor":12,"key":"Shovel"},{"floor":15,"key":"Omamori"},{"floor":23,"key":"Gremlin Horn"}],"event_choices":[{"damage_healed":0,"gold_gain":0,"player_choice":"Success","damage_taken":3,"relics_obtained":["Lantern"],"max_hp_gain":0,"max_hp_loss":0,"event_name":"Scrap Ooze","floor":2,"gold_loss":0},{"damage_healed":0,"gold_gain":100,"player_choice":"Pray","damage_taken":0,"max_hp_gain":0,"max_hp_loss":0,"event_name":"Golden Shrine","floor":3,"gold_loss":0},{"cards_removed":["Strike_R"],"damage_healed":0,"gold_gain":0,"player_choice":"Card Removal","damage_taken":0,"max_hp_gain":0,"max_hp_loss":0,"event_name":"The Cleric","floor":5,"gold_loss":50},{"damage_healed":0,"gold_gain":0,"player_choice":"Ignored","damage_taken":0,"max_hp_gain":0,"max_hp_loss":0,"event_name":"Liars Game","floor":13,"gold_loss":0},{"damage_healed":0,"gold_gain":0,"player_choice":"Opened","damage_taken":0,"relics_obtained":["HornCleat"],"max_hp_gain":0,"max_hp_loss":0,"event_name":"The Mausoleum","floor":19,"gold_loss":0},{"damage_healed":0,"gold_gain":0,"player_choice":"0 cards matched","damage_taken":0,"max_hp_gain":0,"max_hp_loss":0,"event_name":"Match and Keep!","floor":20,"gold_loss":0,"cards_obtained":[]},{"damage_healed":0,"gold_gain":0,"player_choice":"Copied","damage_taken":0,"max_hp_gain":0,"max_hp_loss":0,"event_name":"Duplicator","floor":22,"gold_loss":0,"cards_obtained":["Demon Form"]}],"is_beta":false,"boss_relics":[{"not_picked":["Mark of Pain","Runic Pyramid","Busted Crown"]}],"items_purged_floors":[14],"is_endless":false,"potions_floor_spawned":[1,7,11,23,24],"killed_by":"Snake Plant","ascension_level":0}}