{"host":"q9718omregw4er46","time":1611249510,"event":{"mods":["BaseMod","Bestiary","Colored Powertips","Minty Spire (QoL Compilation)","Quick Restart","Relic Stats"],"gold_per_floor":[12,25,44,54,72,106,122,122,196,222,234,234,261,22,22,96,96,114,114,131,72,89,89,104,135,135,148,160,187,212,256,268,355,367,393,451,463,491,503,542,554,5,5,35,52,64,89,9,9,9,9,9,9,38,38,38],"floor_reached":55,"language":"ENG","playtime":3880,"items_purged":["Strike_P","Defend_P+1"],"score":1822,"play_id":"ed215b0b-1de1-44d9-aa47-e3c63b51697f","local_time":"20210121221830","is_ascension_mode":true,"campfire_choices":[{"floor":8,"key":"REST"},{"floor":12,"key":"REST"},{"data":"Wireheading","floor":15,"key":"SMITH"},{"data":"Wallop","floor":23,"key":"SMITH"},{"data":"Meditate","floor":32,"key":"SMITH"},{"data":"1","floor":41,"key":"LIFT"},{"floor":49,"key":"RECALL"},{"data":"2","floor":52,"key":"LIFT"}],"circlet_count":0,"master_deck":["AscendersBane","Strike_P+1","Strike_P+1","Strike_P+1","Defend_P+1","Defend_P+1","Defend_P+1","Eruption+1","Vigilance+1","LessonLearned+1","FlyingSleeves+1","BowlingBash+1","EmptyFist+1","Vault+1","Tantrum+1","Wireheading+1","Vault+1","Vault+1","Wallop+1","DeceiveReality+1","Meditate+1","Blasphemy+1","ClearTheMind+1","Sanctity+1","Wallop+1","Scrawl+1","Thinking Ahead+1","WheelKick+1","Meditate+1"],"relics":["HolyWater","The Courier","Pear","Potion Belt","FossilizedHelix","DollysMirror","Coffee Dripper","Nilry\u0027s Codex","Orichalcum","Art of War","MawBank","Blood Vial","Girya","HornCleat","Pantograph","Frozen Eye","Ice Cream","Bronze Scales","Frozen Egg 2","Regal Pillow","Bottled Lightning"],"acts_visited":["Exordium","TheCity","TheBeyond","TheEnding"],"potions_floor_usage":[24,25,36,55,55,55],"damage_taken":[{"damage":3.0,"enemies":"Cultist","floor":1.0,"turns":4.0},{"damage":3.0,"enemies":"2 Louse","floor":2.0,"turns":4.0},{"damage":6.0,"enemies":"Small Slimes","floor":3.0,"turns":5.0},{"damage":3.0,"enemies":"Blue Slaver","floor":4.0,"turns":2.0},{"damage":17.0,"enemies":"Exordium Wildlife","floor":5.0,"turns":6.0},{"damage":16,"enemies":"Gremlin Nob","floor":6,"turns":3},{"damage":0,"enemies":"Looter","floor":7,"turns":1},{"damage":10,"enemies":"3 Sentries","floor":10,"turns":4},{"damage":13,"enemies":"Blue Slaver","floor":11,"turns":3},{"damage":18,"enemies":"Gremlin Nob","floor":13,"turns":5},{"damage":5,"enemies":"The Guardian","floor":16,"turns":14},{"damage":0,"enemies":"2 Thieves","floor":18,"turns":3},{"damage":0,"enemies":"Spheric Guardian","floor":20,"turns":3},{"damage":8,"enemies":"Snake Plant","floor":22,"turns":6},{"damage":0,"enemies":"Cultist and Chosen","floor":24,"turns":7},{"damage":0,"enemies":"Slavers","floor":25,"turns":3},{"damage":0,"enemies":"Snecko","floor":27,"turns":6},{"damage":0,"enemies":"Centurion and Healer","floor":28,"turns":3},{"damage":0,"enemies":"Book of Stabbing","floor":29,"turns":5},{"damage":0,"enemies":"Snake Plant","floor":30,"turns":6},{"damage":0,"enemies":"Slavers","floor":31,"turns":6},{"damage":0,"enemies":"Automaton","floor":33,"turns":14},{"damage":0,"enemies":"3 Darklings","floor":35,"turns":11},{"damage":9,"enemies":"2 Orb Walkers","floor":36,"turns":5},{"damage":0,"enemies":"3 Shapes","floor":38,"turns":3},{"damage":17,"enemies":"Nemesis","floor":40,"turns":8},{"damage":0,"enemies":"Giant Head","floor":44,"turns":9},{"damage":0,"enemies":"Writhing Mass","floor":45,"turns":5},{"damage":0,"enemies":"Transient","floor":46,"turns":6},{"damage":0,"enemies":"Nemesis","floor":47,"turns":5},{"damage":0,"enemies":"Donu and Deca","floor":50,"turns":9},{"damage":0,"enemies":"Shield and Spear","floor":54,"turns":6},{"damage":78,"enemies":"The Heart","floor":55,"turns":11}],"seed_played":"-4045142974741075577","potions_obtained":[{"floor":2.0,"key":"BottledMiracle"},{"floor":3.0,"key":"SpeedPotion"},{"floor":5.0,"key":"Fire Potion"},{"floor":16,"key":"Energy Potion"},{"floor":20,"key":"Regen Potion"},{"floor":25,"key":"SpeedPotion"},{"floor":27,"key":"Ancient Potion"},{"floor":30,"key":"Block Potion"},{"floor":33,"key":"Swift Potion"},{"floor":38,"key":"SmokeBomb"},{"floor":40,"key":"Weak Potion"},{"floor":45,"key":"FearPotion"}],"is_trial":false,"path_per_floor":["M","M","M","M","M","E","M","R","T","E","M","R","E","$","R","B",null,"M","?","M","?","M","R","M","E","T","M","M","E","M","E","R","B",null,"M","?","?","M","?","E","R","$","T","E","M","M","E","$","R","B",null,"R","$","E","B"],"character_chosen":"WATCHER","items_purchased":["Wireheading","DollysMirror","Pantograph","Frozen Eye","Ice Cream"],"campfire_rested":2,"item_purchase_floors":[14,14,42,42,42],"current_hp_per_floor":[58,55,49,46,29,13,13,33,43,33,20,43,25,25,25,20,64,64,43,43,43,35,35,50,50,50,50,50,50,50,50,50,52,72,74,67,62,64,64,49,49,49,49,51,53,55,57,57,57,74,74,74,74,74,0,0],"gold":38,"neow_bonus":"THREE_RARE_CARDS","is_daily":false,"chose_seed":false,"campfire_upgraded":3,"win_rate":0.0,"timestamp":1611249510,"path_taken":["M","M","M","M","M","E","?","R","T","E","M","R","E","$","R","BOSS","M","?","M","?","M","R","M","E","T","M","?","E","M","E","R","BOSS","M","?","?","M","?","E","R","$","T","E","M","M","E","?","R","BOSS","R","$","E","BOSS"],"items_purchased_type":["Card","Relic","Relic","Relic","Relic"],"build_version":"2020-12-22","purchased_purges":2,"victory":false,"max_hp_per_floor":[68,68,68,68,68,68,68,68,78,78,78,78,78,78,78,78,78,78,78,78,78,78,78,78,78,78,78,78,78,78,78,78,78,78,78,78,78,78,74,74,74,74,74,74,74,74,74,74,74,74,74,74,74,74,74,74],"relic_stats":{"Blood Vial":18,"Regal Pillow":0,"counters":[33,191],"Pantograph":17,"Bronze Scales":[186],"Art of War":[19],"Orichalcum":[210],"MawBank":156,"obtain_stats":[{"Potion Belt":10,"Ice Cream":42,"Girya":36,"Regal Pillow":47,"Pear":9,"Nilry\u0027s Codex":19,"The Courier":6,"Orichalcum":21,"Frozen Egg 2":44,"MawBank":29,"Blood Vial":31,"Frozen Eye":42,"HornCleat":40,"DollysMirror":14,"Pantograph":42,"Bronze Scales":43,"HolyWater":34,"Coffee Dripper":17,"Art of War":25,"Bottled Lightning":54,"PureWater":0,"FossilizedHelix":13},{"Potion Belt":8,"Ice Cream":26,"Girya":24,"Regal Pillow":30,"Pear":7,"Nilry\u0027s Codex":12,"The Courier":6,"Orichalcum":13,"Frozen Egg 2":27,"MawBank":19,"Blood Vial":21,"Frozen Eye":26,"HornCleat":26,"DollysMirror":10,"Pantograph":26,"Bronze Scales":26,"HolyWater":22,"Coffee Dripper":11,"Art of War":16,"Bottled Lightning":32,"PureWater":0,"FossilizedHelix":10},{"Potion Belt":29,"Ice Cream":140,"Girya":129,"Regal Pillow":165,"Pear":25,"Nilry\u0027s Codex":54,"The Courier":24,"Orichalcum":57,"Frozen Egg 2":149,"MawBank":87,"Blood Vial":99,"Frozen Eye":140,"HornCleat":140,"DollysMirror":37,"Pantograph":140,"Bronze Scales":140,"HolyWater":113,"Coffee Dripper":51,"Art of War":73,"Bottled Lightning":180,"PureWater":0,"FossilizedHelix":37}]},"card_choices":[{"not_picked":["SpiritShield","DeusExMachina"],"picked":"LessonLearned","floor":0.0},{"not_picked":["ThirdEye","Perseverance"],"picked":"FlyingSleeves","floor":1.0},{"not_picked":["Study","Nirvana"],"picked":"BowlingBash","floor":2.0},{"not_picked":["PathToVictory","EmptyBody"],"picked":"EmptyFist","floor":3.0},{"not_picked":["Weave","CrushJoints","Vengeance"],"picked":"SKIP","floor":4.0},{"not_picked":["PathToVictory","Consecrate","Halt"],"picked":"SKIP","floor":5.0},{"not_picked":["SandsOfTime","SignatureMove","Halt"],"picked":"SKIP","floor":6},{"not_picked":["Protect","ClearTheMind"],"picked":"Vault","floor":7},{"not_picked":["Halt","CrushJoints"],"picked":"Tantrum","floor":10},{"not_picked":["CutThroughFate","Protect","WreathOfFlame"],"picked":"SKIP","floor":11},{"not_picked":["MasterReality","Worship","BowlingBash"],"picked":"SKIP","floor":13},{"not_picked":["Ragnarok","ConjureBlade"],"picked":"Vault","floor":16},{"not_picked":["FollowUp","CarveReality","FlyingSleeves+1"],"picked":"SKIP","floor":18},{"not_picked":["EmptyFist","Halt","Consecrate"],"picked":"SKIP","floor":20},{"not_picked":["FearNoEvil","CutThroughFate"],"picked":"Wallop","floor":22},{"not_picked":["WreathOfFlame+1","BowlingBash"],"picked":"DeceiveReality","floor":24},{"not_picked":["Fasting2","JustLucky+1"],"picked":"Meditate","floor":25},{"not_picked":["Wireheading","Pray"],"picked":"Blasphemy","floor":27},{"not_picked":["Nirvana","Evaluate"],"picked":"ClearTheMind","floor":28},{"not_picked":["BowlingBash","Consecrate"],"picked":"Sanctity","floor":29},{"not_picked":["Tantrum+1","ThirdEye","EmptyFist"],"picked":"SKIP","floor":30},{"not_picked":["Tantrum+1","ThirdEye","EmptyFist"],"picked":"SKIP","floor":30},{"not_picked":["Crescendo","SashWhip"],"picked":"Wallop","floor":31},{"not_picked":["SpiritShield","Alpha"],"picked":"Scrawl","floor":33},{"not_picked":["Protect","SashWhip+1","ThirdEye"],"picked":"SKIP","floor":35},{"not_picked":["Chrysalis","Swift Strike"],"picked":"Thinking Ahead","floor":37},{"not_picked":["WreathOfFlame","Halt"],"picked":"WheelKick","floor":38},{"not_picked":["CrushJoints","Evaluate","Study"],"picked":"SKIP","floor":40},{"not_picked":["Ragnarok","Halt"],"picked":"Meditate","floor":44},{"not_picked":["ClearTheMind","FlurryOfBlows","Prostrate"],"picked":"SKIP","floor":45},{"not_picked":["Consecrate","Fasting2+1","EmptyBody+1"],"picked":"SKIP","floor":46},{"not_picked":["WreathOfFlame","ClearTheMind","EmptyFist"],"picked":"SKIP","floor":47},{"not_picked":["SashWhip+1","JustLucky","Prostrate"],"picked":"SKIP","floor":54}],"player_experience":1242934,"relics_obtained":[{"floor":6,"key":"The Courier"},{"floor":9,"key":"Pear"},{"floor":10,"key":"Potion Belt"},{"floor":13,"key":"FossilizedHelix"},{"floor":19,"key":"Nilry\u0027s Codex"},{"floor":25,"key":"Art of War"},{"floor":29,"key":"MawBank"},{"floor":31,"key":"Blood Vial"},{"floor":36,"key":"Girya"},{"floor":40,"key":"HornCleat"},{"floor":43,"key":"Bronze Scales"},{"floor":44,"key":"Frozen Egg 2"},{"floor":47,"key":"Regal Pillow"},{"floor":54,"key":"Bottled Lightning"}],"event_choices":[{"damage_healed":0,"gold_gain":0,"player_choice":"Obtained Book","damage_taken":21,"max_hp_gain":0,"max_hp_loss":0,"event_name":"Cursed Tome","floor":19,"gold_loss":0},{"damage_healed":0,"gold_gain":0,"player_choice":"Paid Gold","damage_taken":0,"relics_obtained":["Orichalcum"],"max_hp_gain":0,"max_hp_loss":0,"event_name":"WeMeetAgain","floor":21,"gold_loss":59},{"damage_healed":0,"gold_gain":0,"player_choice":"Fight","damage_taken":0,"max_hp_gain":0,"max_hp_loss":0,"event_name":"Mysterious Sphere","floor":36,"gold_loss":0},{"damage_healed":0,"gold_gain":0,"player_choice":"Memory 2","damage_taken":5,"max_hp_gain":0,"max_hp_loss":0,"event_name":"SensoryStone","floor":37,"gold_loss":0},{"damage_healed":0,"gold_gain":0,"player_choice":"Max HP","damage_taken":0,"max_hp_gain":0,"max_hp_loss":4,"event_name":"Winding Halls","floor":39,"gold_loss":0}],"is_beta":false,"boss_relics":[{"not_picked":["Runic Dome","Pandora\u0027s Box"],"picked":"Coffee Dripper"},{"not_picked":["Black Star","Calling Bell"],"picked":"HolyWater"}],"items_purged_floors":[14,48],"is_endless":false,"potions_floor_spawned":[2,3,5,16,20,25,27,29,30,33,38,40,45,47,54],"killed_by":"The Heart","ascension_level":15}}