{"host":"1wcl05nc8w84pbwq","time":1611226846,"event":{"mods":["AchievementEnabler","BaseMod","Minty Spire (QoL Compilation)","Rare Cards Sparkle","StSLib","Unceasing Turn Reminder","everything is the same but u backflip on backflip"],"gold_per_floor":[111,111,127,143,143,179,199,235,282,282,242,280,280,303,303,399,399,388,469,166,166,191,226,226,265,345,345,63,163,176,195,195,285,285,306,47,47,47],"floor_reached":37,"language":"ENG","playtime":1471,"items_purged":["Injury","Strike_G"],"score":723,"play_id":"119fc9d1-a18f-4349-8444-1aac9c150370","local_time":"20210121050046","is_ascension_mode":true,"campfire_choices":[{"floor":10,"key":"REST"},{"data":"Envenom","floor":13,"key":"SMITH"},{"data":"Sucker Punch","floor":15,"key":"SMITH"},{"floor":24,"key":"REST"},{"floor":27,"key":"REST"},{"data":"Phantasmal Killer","floor":32,"key":"SMITH"}],"circlet_count":0,"master_deck":["AscendersBane","Strike_G","Strike_G","Strike_G","Strike_G","Defend_G+1","Defend_G","Defend_G","Defend_G","Defend_G","Survivor","Neutralize+1","Dagger Spray","Dagger Throw","Sucker Punch+1","Cloak And Dagger+1","Envenom+1","Glass Knife","Phantasmal Killer+1","Finisher","Poisoned Stab","Bane","Slice","Riddle With Holes","Footwork","Phantasmal Killer"],"relics":["Ring of the Snake","NeowsBlessing","Golden Idol","Tiny Chest","Eternal Feather","Potion Belt","War Paint","Busted Crown","Pantograph","Orrery","Sundial","Regal Pillow","Boot","Gremlin Horn","Bronze Scales","Black Star","Meat on the Bone"],"acts_visited":["Exordium","TheCity","TheBeyond"],"potions_floor_usage":[6,8,12,12,16,23,23,25,33,33,37],"damage_taken":[{"damage":0,"enemies":"Small Slimes","floor":1,"turns":1},{"damage":0,"enemies":"2 Louse","floor":3,"turns":1},{"damage":0,"enemies":"Cultist","floor":4,"turns":1},{"damage":30,"enemies":"Gremlin Nob","floor":6,"turns":6},{"damage":6,"enemies":"Looter","floor":7,"turns":4},{"damage":5,"enemies":"Lagavulin","floor":8,"turns":5},{"damage":9,"enemies":"3 Sentries","floor":12,"turns":6},{"damage":10,"enemies":"Red Slaver","floor":14,"turns":3},{"damage":8,"enemies":"Hexaghost","floor":16,"turns":7},{"damage":14,"enemies":"2 Thieves","floor":18,"turns":4},{"damage":6,"enemies":"Shell Parasite","floor":22,"turns":2},{"damage":36,"enemies":"Slavers","floor":23,"turns":5},{"damage":30,"enemies":"Book of Stabbing","floor":25,"turns":5},{"damage":4,"enemies":"Centurion and Healer","floor":30,"turns":5},{"damage":0,"enemies":"Snecko","floor":31,"turns":2},{"damage":52,"enemies":"Champ","floor":33,"turns":8},{"damage":29,"enemies":"3 Shapes","floor":35,"turns":16},{"damage":28,"enemies":"3 Darklings","floor":37,"turns":2}],"seed_played":"5515754915413035315","potions_obtained":[{"floor":1,"key":"PowerPotion"},{"floor":6,"key":"Ancient Potion"},{"floor":7,"key":"ColorlessPotion"},{"floor":11,"key":"LiquidBronze"},{"floor":11,"key":"Block Potion"},{"floor":11,"key":"SpeedPotion"},{"floor":14,"key":"DuplicationPotion"},{"floor":23,"key":"DuplicationPotion"},{"floor":25,"key":"Strength Potion"},{"floor":30,"key":"Weak Potion"},{"floor":35,"key":"CunningPotion"}],"is_trial":false,"path_per_floor":["M","?","M","M","?","E","M","E","T","R","?","E","R","M","R","B",null,"M","T","$","T","M","E","R","E","T","R","$","?","M","M","R","B",null,"M","$","M"],"character_chosen":"THE_SILENT","items_purchased":["Phantasmal Killer","Orrery","Bronze Scales","Footwork","Meat on the Bone"],"campfire_rested":3,"item_purchase_floors":[20,20,28,28,36],"current_hp_per_floor":[59,59,59,59,59,29,23,18,18,46,46,37,46,36,45,37,59,45,45,45,45,39,3,52,22,22,66,66,66,62,62,66,14,53,24,24,0,0],"gold":47,"neow_bonus":"THREE_ENEMY_KILL","is_daily":false,"chose_seed":false,"campfire_upgraded":3,"win_rate":0.0,"timestamp":1611226846,"path_taken":["M","?","M","M","?","E","?","E","T","R","?","E","R","M","R","BOSS","M","?","$","?","M","E","R","E","T","R","$","?","?","M","R","BOSS","M","$","M"],"items_purchased_type":["Card","Relic","Relic","Card","Relic"],"build_version":"2020-12-22","purchased_purges":2,"victory":false,"max_hp_per_floor":[66,66,66,66,66,66,66,66,66,66,66,66,66,66,66,66,66,66,66,66,66,66,66,66,66,66,66,66,66,66,66,66,66,66,66,66,66,66],"card_choices":[{"not_picked":["Tactician","PiercingWail"],"picked":"Dagger Spray","floor":1},{"not_picked":["Acrobatics","Distraction"],"picked":"Dagger Throw","floor":3},{"not_picked":["Heel Hook","Bane","Slice"],"picked":"SKIP","floor":4},{"not_picked":["Dagger Spray","Prepared"],"picked":"Sucker Punch","floor":6},{"not_picked":["Dodge and Roll","Dagger Spray"],"picked":"Cloak And Dagger","floor":7},{"not_picked":["Prepared","Setup"],"picked":"Envenom","floor":8},{"not_picked":["Skewer","Backflip","Well Laid Plans"],"picked":"SKIP","floor":12},{"not_picked":["Dagger Throw","Dodge and Roll","Catalyst"],"picked":"SKIP","floor":14},{"not_picked":["Unload","Grand Finale"],"picked":"Glass Knife","floor":16},{"not_picked":["Deadly Poison"],"picked":"SKIP","floor":18},{"not_picked":[],"picked":"Finisher","floor":20},{"not_picked":[],"picked":"Poisoned Stab","floor":20},{"not_picked":[],"picked":"Bane","floor":20},{"not_picked":[],"picked":"Slice","floor":20},{"not_picked":["Poisoned Stab"],"picked":"SKIP","floor":22},{"not_picked":[],"picked":"Riddle With Holes","floor":23},{"not_picked":["Outmaneuver"],"picked":"SKIP","floor":25},{"not_picked":["Deadly Poison"],"picked":"SKIP","floor":30},{"not_picked":["Backflip"],"picked":"SKIP","floor":31},{"not_picked":[],"picked":"Phantasmal Killer","floor":33},{"not_picked":["Underhanded Strike"],"picked":"SKIP","floor":35}],"player_experience":395302,"relics_obtained":[{"floor":6,"key":"Tiny Chest"},{"floor":8,"key":"Eternal Feather"},{"floor":9,"key":"Potion Belt"},{"floor":12,"key":"War Paint"},{"floor":19,"key":"Pantograph"},{"floor":21,"key":"Sundial"},{"floor":23,"key":"Regal Pillow"},{"floor":25,"key":"Boot"},{"floor":26,"key":"Gremlin Horn"}],"event_choices":[{"damage_healed":0,"gold_gain":0,"player_choice":"Take Wound","damage_taken":0,"relics_obtained":["Golden Idol"],"max_hp_gain":0,"max_hp_loss":0,"event_name":"Golden Idol","floor":2,"gold_loss":0,"cards_obtained":["Injury"]},{"damage_healed":0,"gold_gain":0,"player_choice":"Forge","damage_taken":0,"max_hp_gain":0,"max_hp_loss":0,"event_name":"Accursed Blacksmith","floor":5,"gold_loss":0,"cards_upgraded":["Neutralize"]},{"damage_healed":0,"gold_gain":0,"player_choice":"Bought 3 Potions","damage_taken":0,"max_hp_gain":0,"max_hp_loss":0,"event_name":"The Woman in Blue","floor":11,"gold_loss":0},{"damage_healed":0,"gold_gain":100,"player_choice":"Pray","damage_taken":0,"max_hp_gain":0,"max_hp_loss":0,"event_name":"Golden Shrine","floor":29,"gold_loss":0}],"is_beta":false,"boss_relics":[{"not_picked":["Philosopher\u0027s Stone","Snecko Eye"],"picked":"Busted Crown"},{"not_picked":["Runic Pyramid","Velvet Choker"],"picked":"Black Star"}],"items_purged_floors":[20,28],"is_endless":false,"potions_floor_spawned":[1,6,7,14,23,25,30,35],"killed_by":"3 Darklings","ascension_level":14}}