{"host":"b4asi0laiv85suj9","time":1611210164,"event":{"mods":["ATMod(阿瑾Mod)","BaseMod","Colored Powertips","Minty Spire (QoL Compilation)","MostiFishMod","Quick Restart","Relic Stats","StSLib","TestMod","noobMod"],"gold_per_floor":[363,438,454,454,468,494,419,260,260,291,191,191,191,219,219,298,298,315,315,333,333,333,333,359,359,359,385,86,97,97,97,97,171,171,186,186,203,227,227,253,272,306,306,337,348,368,401,417,417,417,417,417,417,32,60,60],"floor_reached":57,"language":"ZHS","playtime":1839,"items_purged":["Strike_P","Strike_P","Defend_P"],"score":3773,"play_id":"51511c1d-a7ab-4002-80ad-23b49aec956e","local_time":"20210121142244","is_ascension_mode":true,"campfire_choices":[{"data":"HalloweenModCandy","floor":12.0,"key":"SMITH"},{"data":"HalloweenModCandy","floor":15.0,"key":"SMITH"},{"data":"HalloweenModGhostCostume","floor":23,"key":"SMITH"},{"floor":25,"key":"RECALL"},{"data":"AT_KingSlayer","floor":32,"key":"SMITH"},{"data":"Halt","floor":49,"key":"SMITH"},{"data":"Study","floor":53,"key":"SMITH"}],"circlet_count":0,"master_deck":["AscendersBane","Defend_P","Defend_P","Defend_P","Eruption+1","Vigilance+1","Writhe","AT_KingSlayer+1","HalloweenModCandy+1","HalloweenModGhostCostume+1","HalloweenModTrick","HalloweenModCandy+1","HalloweenModTrick","Writhe","HalloweenModTrick+1","Halt+1","Study+1","HalloweenModGhostCostume+1","HalloweenModCandy+1"],"relics":["PureWater","testmod-TestBox","DaveBox","ice","AT_ATBox","HalloweenModHalloween","Blue Candle","GreenFoldingFan","SynthV:TestCard","AT_DeathDance","testmod-Justice","Ornamental Fan","InkBottle","NightmareShop","MutagenicStrength","Kunai","Tiny Chest","SentryEyes","Bottled Flame","Calling Bell","AT_RedTearstoneRing","AT_TimeSand","Unceasing Top","StrikeDummy","AT_LudenTempest","Oddly Smooth Stone","Art of War","Vajra","testmod-Antiphasic","Membership Card","Mummified Hand","SynthV:C4","OriginationStaff"],"acts_visited":["Exordium","TheCity","TheBeyond","TheEnding"],"potions_floor_usage":[28,56],"damage_taken":[{"damage":3.0,"enemies":"2 Louse","floor":1.0,"turns":1.0},{"damage":4.0,"enemies":"Small Slimes","floor":3.0,"turns":1.0},{"damage":8.0,"enemies":"Jaw Worm","floor":5.0,"turns":3.0},{"damage":30.0,"enemies":"Gremlin Nob","floor":6.0,"turns":3.0},{"damage":4.0,"enemies":"3 Sentries","floor":10.0,"turns":1.0},{"damage":26.0,"enemies":"Lagavulin","floor":14.0,"turns":3.0},{"damage":16.0,"enemies":"The Guardian","floor":16.0,"turns":4.0},{"damage":20.0,"enemies":"2 Thieves","floor":18.0,"turns":4.0},{"damage":3,"enemies":"Shell Parasite","floor":20,"turns":1},{"damage":4,"enemies":"Book of Stabbing","floor":24,"turns":1},{"damage":11,"enemies":"Gremlin Leader","floor":27,"turns":2},{"damage":7,"enemies":"Sentry and Sphere","floor":29,"turns":1},{"damage":4,"enemies":"Champ","floor":33,"turns":1},{"damage":4,"enemies":"3 Shapes","floor":35,"turns":1},{"damage":4,"enemies":"Orb Walker","floor":37,"turns":1},{"damage":8,"enemies":"Nemesis","floor":40,"turns":1},{"damage":2,"enemies":"Spire Growth","floor":41,"turns":1},{"damage":2,"enemies":"Reptomancer","floor":42,"turns":1},{"damage":6,"enemies":"Nemesis","floor":44,"turns":1},{"damage":21,"enemies":"Sphere and 2 Shapes","floor":45,"turns":3},{"damage":6,"enemies":"4 Shapes","floor":46,"turns":1},{"damage":4,"enemies":"Reptomancer","floor":47,"turns":1},{"damage":2,"enemies":"Transient","floor":48,"turns":1},{"damage":2,"enemies":"Time Eater","floor":50,"turns":1},{"damage":13,"enemies":"Donu and Deca","floor":51,"turns":1},{"damage":7,"enemies":"Shield and Spear","floor":55,"turns":1},{"damage":48,"enemies":"The Heart","floor":56,"turns":4}],"seed_played":"4222703341447949702","potions_obtained":[{"floor":3.0,"key":"Swift Potion"},{"floor":10.0,"key":"BottledMiracle"},{"floor":14.0,"key":"Energy Potion"},{"floor":20,"key":"FearPotion"},{"floor":29,"key":"CultistPotion"},{"floor":37,"key":"SkillPotion"}],"is_trial":false,"path_per_floor":["M","?","M","?","M","E","?","$","T","E","$","R","?","E","R","B",null,"M","?","M","?","?","R","E","R","T","E","$","M","$","?","R","B",null,"M","?","M","T","?","E","M","E","T","E","M","M","E","M","R","B","B",null,"R","$","E","B",null],"character_chosen":"WATCHER","items_purchased":["testmod-SpacePotion","testmod-SpacePotion","Halt","Study","Membership Card","Mummified Hand","SynthV:C4"],"campfire_rested":0,"item_purchase_floors":[8,28,28,28,54,54,54],"current_hp_per_floor":[68,57,63,56,62,46,46,46,46,56,56,56,43,35,35,45,62,68,68,68,68,68,68,68,68,68,68,68,68,68,58,58,64,71,73,73,73,73,73,73,73,73,73,73,73,73,73,73,73,73,73,73,73,73,73,73],"gold":60,"neow_bonus":"TWO_FIFTY_GOLD","is_daily":false,"chose_seed":false,"campfire_upgraded":6,"win_rate":0.0,"timestamp":1611210164,"path_taken":["M","?","M","?","M","E","?","$","T","E","$","R","?","E","R","BOSS","M","?","M","?","?","R","E","R","T","E","$","M","$","?","R","BOSS","M","?","?","?","?","E","M","E","T","E","M","M","E","?","R","BOSS","BOSS","R","$","E","BOSS"],"items_purchased_type":["Potion","Potion","Card","Card","Relic","Relic","Relic"],"build_version":"2020-12-22","purchased_purges":3,"victory":true,"max_hp_per_floor":[68,68,68,68,68,68,68,68,68,68,68,68,68,68,68,68,68,68,68,68,68,68,68,68,68,68,68,68,68,68,73,73,73,73,73,73,73,73,73,73,73,73,73,73,73,73,73,73,73,73,73,73,73,73,73,73],"relic_stats":{"counters":[27,45],"Ornamental Fan":[52],"Mummified Hand":[6],"Blue Candle":[85],"Tiny Chest":1,"Art of War":[1],"Kunai":[12],"obtain_stats":[{"AT_ATBox":0,"DaveBox":0,"Vajra":44,"HalloweenModHalloween":0,"ice":0,"AT_TimeSand":34,"SynthV:C4":54,"GreenFoldingFan":0,"NightmareShop":17,"Mummified Hand":54,"Tiny Chest":24,"Kunai":22,"InkBottle":14,"AT_RedTearstoneRing":34,"testmod-TestBox":0,"Blue Candle":0,"Oddly Smooth Stone":42,"testmod-Justice":9,"Calling Bell":34,"testmod-Antiphasic":47,"Bottled Flame":27,"AT_LudenTempest":40,"SynthV:TestCard":1,"Ornamental Fan":10,"MutagenicStrength":19,"SentryEyes":26,"Art of War":43,"OriginationStaff":55,"Membership Card":54,"PureWater":0,"AT_DeathDance":6,"StrikeDummy":36,"Unceasing Top":34},{"AT_ATBox":0,"DaveBox":0,"Vajra":19,"HalloweenModHalloween":0,"ice":0,"AT_TimeSand":13,"SynthV:C4":25,"GreenFoldingFan":0,"NightmareShop":7,"Mummified Hand":25,"Tiny Chest":10,"Kunai":9,"InkBottle":6,"AT_RedTearstoneRing":13,"testmod-TestBox":0,"Blue Candle":0,"Oddly Smooth Stone":18,"testmod-Justice":4,"Calling Bell":13,"testmod-Antiphasic":22,"Bottled Flame":11,"AT_LudenTempest":16,"SynthV:TestCard":1,"Ornamental Fan":5,"MutagenicStrength":8,"SentryEyes":10,"Art of War":18,"OriginationStaff":26,"Membership Card":25,"PureWater":0,"AT_DeathDance":4,"StrikeDummy":14,"Unceasing Top":13},{"AT_ATBox":0,"DaveBox":0,"Vajra":32,"HalloweenModHalloween":0,"ice":0,"AT_TimeSand":26,"SynthV:C4":40,"GreenFoldingFan":0,"NightmareShop":16,"Mummified Hand":40,"Tiny Chest":22,"Kunai":21,"InkBottle":12,"AT_RedTearstoneRing":26,"testmod-TestBox":0,"Blue Candle":0,"Oddly Smooth Stone":31,"testmod-Justice":8,"Calling Bell":26,"testmod-Antiphasic":37,"Bottled Flame":24,"AT_LudenTempest":29,"SynthV:TestCard":1,"Ornamental Fan":9,"MutagenicStrength":20,"SentryEyes":22,"Art of War":31,"OriginationStaff":41,"Membership Card":40,"PureWater":0,"AT_DeathDance":8,"StrikeDummy":27,"Unceasing Top":26}],"InkBottle":[32],"Unceasing Top":[9]},"card_choices":[{"not_picked":["HalloweenModCandy","HalloweenModGhostCostume"],"picked":"HalloweenModTrick","floor":1.0},{"not_picked":["HalloweenModGhostCostume","HalloweenModTrick","HalloweenModTrick","HalloweenModGhostCostume"],"picked":"HalloweenModCandy","floor":3.0},{"not_picked":["HalloweenModTrick","HalloweenModCandy","HalloweenModTrick","HalloweenModCandy"],"picked":"HalloweenModGhostCostume","floor":5.0},{"not_picked":["HalloweenModTrick","HalloweenModGhostCostume","HalloweenModCandy","HalloweenModCandy"],"picked":"HalloweenModTrick","floor":6.0},{"not_picked":["HalloweenModGhostCostume","HalloweenModTrick","HalloweenModCandy","HalloweenModCandy"],"picked":"HalloweenModCandy","floor":10.0},{"not_picked":["HalloweenModGhostCostume","HalloweenModTrick","HalloweenModCandy","HalloweenModCandy","HalloweenModGhostCostume"],"picked":"SKIP","floor":14.0},{"not_picked":["HalloweenModCandy","HalloweenModGhostCostume","HalloweenModTrick","HalloweenModTrick"],"picked":"HalloweenModTrick","floor":18.0},{"not_picked":["HalloweenModGhostCostume","HalloweenModCandy","HalloweenModTrick","HalloweenModTrick","HalloweenModGhostCostume"],"picked":"SKIP","floor":20},{"not_picked":["HalloweenModGhostCostume","HalloweenModCandy","HalloweenModTrick","HalloweenModGhostCostume"],"picked":"HalloweenModTrick+1","floor":24},{"not_picked":["HalloweenModGhostCostume","HalloweenModTrick","HalloweenModCandy","HalloweenModGhostCostume","HalloweenModCandy"],"picked":"SKIP","floor":27},{"not_picked":["HalloweenModTrick","HalloweenModCandy","HalloweenModTrick","HalloweenModGhostCostume"],"picked":"HalloweenModGhostCostume+1","floor":29},{"not_picked":["HalloweenModGhostCostume+1","HalloweenModTrick","HalloweenModCandy+1","HalloweenModGhostCostume","HalloweenModTrick+1"],"picked":"SKIP","floor":35},{"not_picked":["HalloweenModCandy","HalloweenModTrick","HalloweenModGhostCostume","HalloweenModCandy+1","HalloweenModGhostCostume+1"],"picked":"SKIP","floor":37},{"not_picked":["HalloweenModGhostCostume","HalloweenModCandy","HalloweenModTrick","HalloweenModGhostCostume","HalloweenModCandy"],"picked":"SKIP","floor":40},{"not_picked":["HalloweenModGhostCostume+1","HalloweenModTrick","HalloweenModCandy","HalloweenModCandy","HalloweenModTrick"],"picked":"SKIP","floor":41},{"not_picked":["HalloweenModCandy+1","HalloweenModTrick+1","HalloweenModGhostCostume","HalloweenModCandy","HalloweenModGhostCostume"],"picked":"SKIP","floor":42},{"not_picked":["HalloweenModGhostCostume","HalloweenModTrick+1","HalloweenModCandy","HalloweenModCandy","HalloweenModTrick"],"picked":"SKIP","floor":44},{"not_picked":["HalloweenModGhostCostume+1","HalloweenModTrick","HalloweenModCandy","HalloweenModGhostCostume","HalloweenModGhostCostume+1"],"picked":"SKIP","floor":45},{"not_picked":["HalloweenModCandy","HalloweenModGhostCostume","HalloweenModTrick","HalloweenModCandy","HalloweenModTrick"],"picked":"SKIP","floor":46},{"not_picked":["HalloweenModTrick+1","HalloweenModCandy","HalloweenModGhostCostume","HalloweenModGhostCostume","HalloweenModTrick+1"],"picked":"SKIP","floor":47},{"not_picked":["HalloweenModTrick+1","HalloweenModCandy+1","HalloweenModGhostCostume+1","HalloweenModCandy","HalloweenModGhostCostume+1"],"picked":"SKIP","floor":48},{"not_picked":["HalloweenModGhostCostume","HalloweenModTrick","HalloweenModGhostCostume+1","HalloweenModTrick"],"picked":"HalloweenModCandy+1","floor":55}],"player_experience":310724,"relics_obtained":[{"floor":1.0,"key":"SynthV:TestCard"},{"floor":6.0,"key":"AT_DeathDance"},{"floor":9.0,"key":"testmod-Justice"},{"floor":10.0,"key":"Ornamental Fan"},{"floor":14.0,"key":"InkBottle"},{"floor":24,"key":"Tiny Chest"},{"floor":26,"key":"SentryEyes"},{"floor":27,"key":"Bottled Flame"},{"floor":34,"key":"AT_RedTearstoneRing"},{"floor":34,"key":"AT_TimeSand"},{"floor":34,"key":"Unceasing Top"},{"floor":40,"key":"AT_LudenTempest"},{"floor":42,"key":"Oddly Smooth Stone"},{"floor":43,"key":"Art of War"},{"floor":44,"key":"Vajra"},{"floor":47,"key":"testmod-Antiphasic"},{"floor":55,"key":"OriginationStaff"}],"event_choices":[{"damage_healed":0.0,"max_hp_gain":0.0,"max_hp_loss":0.0,"gold_gain":75.0,"event_name":"World of Goop","player_choice":"Gather Gold","floor":2.0,"gold_loss":0.0,"damage_taken":11.0},{"cards_removed":["Strike_P"],"damage_healed":0.0,"max_hp_gain":0.0,"max_hp_loss":0.0,"gold_gain":0.0,"event_name":"Golden Wing","player_choice":"Card Removal","floor":4.0,"gold_loss":0.0,"damage_taken":7.0},{"cards_removed":["Strike_P"],"damage_healed":0.0,"max_hp_gain":0.0,"max_hp_loss":0.0,"gold_gain":0.0,"event_name":"The Cleric","player_choice":"Card Removal","floor":7.0,"gold_loss":75.0,"damage_taken":0.0},{"damage_healed":0.0,"max_hp_gain":0.0,"max_hp_loss":0.0,"gold_gain":0.0,"event_name":"Shining Light","player_choice":"Entered Light","floor":13.0,"gold_loss":0.0,"damage_taken":20.0,"cards_upgraded":["Eruption","Vigilance"]},{"damage_healed":0,"gold_gain":0,"player_choice":"Inject Mutagens","damage_taken":0,"relics_obtained":["MutagenicStrength"],"max_hp_gain":0,"max_hp_loss":0,"event_name":"Drug Dealer","floor":19,"gold_loss":0},{"damage_healed":0,"gold_gain":0,"player_choice":"Ignored","damage_taken":0,"max_hp_gain":0,"max_hp_loss":0,"event_name":"给自己的盒子","floor":21,"gold_loss":0},{"damage_healed":0,"gold_gain":0,"player_choice":"Opened","damage_taken":0,"relics_obtained":["Kunai"],"max_hp_gain":0,"max_hp_loss":0,"event_name":"The Mausoleum","floor":22,"gold_loss":0,"cards_obtained":["Writhe"]},{"damage_healed":0,"gold_gain":0,"player_choice":"Shed Blood","damage_taken":24,"max_hp_gain":5,"max_hp_loss":0,"event_name":"Forgotten Altar","floor":31,"gold_loss":0},{"cards_removed":["HalloweenModTrick"],"damage_healed":0,"gold_gain":0,"player_choice":"Gave Card","damage_taken":0,"relics_obtained":["StrikeDummy"],"max_hp_gain":0,"max_hp_loss":0,"event_name":"WeMeetAgain","floor":36,"gold_loss":0},{"damage_healed":0,"gold_gain":0,"player_choice":"Ignored","damage_taken":0,"max_hp_gain":0,"max_hp_loss":0,"event_name":"Fountain of Cleansing","floor":39,"gold_loss":0}],"is_beta":false,"boss_relics":[{"not_picked":["testmod-NegativeEmotionEnhancer","EE1DDrone"],"picked":"NightmareShop"},{"not_picked":["testmod-Nine","VioletLotus"],"picked":"Calling Bell"}],"items_purged_floors":[8,11,28],"is_endless":false,"potions_floor_spawned":[3,10,14,20,24,29,37,40,42,44],"ascension_level":20}}