{"host":"vddnn8yddbh0df4g","time":1611238429,"event":{"mods":["Act Like it!","BaseMod","Beaked The Cultist","Bestiary","Downfall","Minty Spire (QoL Compilation)","Shop Mod","StSLib","SuperFastMode","The Bug Knight","The Runesmith"],"gold_per_floor":[99,114,127,139,139,157,157,189,213,25,50,62,85,157,181,298,310,322,353,381,469,81,131,131,160,210,110,179,229,229,246,256,357,357,357,372,472,488,385,419,446,446,476,476,476,496,496,184,200,200,200,228,78,78,78,78],"floor_reached":57,"language":"ENG","playtime":4052,"items_purged":["bronze:Strike","bronze:Strike","bronze:Defend","bronze:WhirlingStrike+1"],"score":1101,"play_id":"254b2dc6-47f6-4897-a43b-7eb3555b169e","local_time":"20210121091349","is_ascension_mode":true,"campfire_choices":[{"data":"bronze:Replicate","floor":1.0,"key":"SMITH"},{"data":"bronze:Defend","floor":10.0,"key":"SMITH"},{"floor":18.0,"key":"RECALL"},{"floor":27.0,"key":"REST"},{"floor":30.0,"key":"REST"},{"floor":35.0,"key":"REST"},{"floor":42.0,"key":"REST"},{"floor":45.0,"key":"REST"},{"floor":47.0,"key":"REST"},{"floor":54.0,"key":"DIG"}],"circlet_count":0,"master_deck":["bronze:Strike+1","bronze:Strike+1","bronze:Defend+1","bronze:Defend","bronze:Defend","bronze:Replicate+1","bronze:Goto","bronze:Format+1","bronze:BuggyMess+1","bronze:FollowUp+1","bronze:Branch+1","bronze:Mutator+1","bronze:Terminator+1","bronze:Format+1","bronze:Turbo+1","bronze:BronzeArmor+1","bronze:ItsAFeature+1","bronze:Turbo+1","bronze:ClassDefault+1","bronze:BronzeArmor+1","bronze:Allocate+1","bronze:BuggyMess+1","bronze:MaxOutput+1","bronze:Verify+1","beaked:WalkersFury+1","bronze:FineTuning+1","bronze:Terminator+1","bronze:MaxOutput+1","bronze:Optimize+1","bronze:ForceShield+1","bronze:AlphaBuild+1"],"relics":["bronze:BronzeCore","Frozen Egg 2","Molten Egg 2","Toxic Egg 2","Pen Nib","downfall:HeartBlessingGreen","downfall:HeartBlessingBlue","SsserpentHead","Fusion Hammer","Red Mask","MerchantsRug","Medical Kit","CaptainsWheel","downfall:HeartBlessingRed","Shovel","Lantern","Nunchaku","champ:DuelingGlove","Vajra","Eternal Feather"],"acts_visited":["Exordium","TheCity","TheBeyond","TheEnding"],"potions_floor_usage":[],"damage_taken":[{"damage":0.0,"enemies":"Cultist","floor":2.0,"turns":3.0},{"damage":6.0,"enemies":"Jaw Worm","floor":3.0,"turns":2.0},{"damage":0.0,"enemies":"Small Slimes","floor":4.0,"turns":2.0},{"damage":3.0,"enemies":"2 Fungi Beasts","floor":6.0,"turns":3.0},{"damage":10.0,"enemies":"3 Sentries","floor":8.0,"turns":7.0},{"damage":10.0,"enemies":"Large Slime","floor":9.0,"turns":6.0},{"damage":1.0,"enemies":"Lots of Slimes","floor":11.0,"turns":5.0},{"damage":0.0,"enemies":"3 Louse","floor":13.0,"turns":2.0},{"damage":5.0,"enemies":"Blue Slaver","floor":14.0,"turns":3.0},{"damage":8.0,"enemies":"Large Slime","floor":15.0,"turns":6.0},{"damage":1.0,"enemies":"WA_ARCHETYPE_RETAIN","floor":16.0,"turns":5.0},{"damage":0.0,"enemies":"3 Byrds","floor":19.0,"turns":4.0},{"damage":8.0,"enemies":"Centurion and Healer","floor":20.0,"turns":6.0},{"damage":22.0,"enemies":"Masked Bandits","floor":21.0,"turns":4.0},{"damage":0.0,"enemies":"downfall:FleeingMerchant","floor":22.0,"turns":4.0},{"damage":45.0,"enemies":"Book of Stabbing","floor":25.0,"turns":6.0},{"damage":10.0,"enemies":"Snake Plant","floor":28.0,"turns":5.0},{"damage":0.0,"enemies":"Cultist and Chosen","floor":31.0,"turns":5.0},{"damage":25.0,"enemies":"Chosen and Byrds","floor":32.0,"turns":7.0},{"damage":18.0,"enemies":"DF_ARCHETYPE_CLAW","floor":33.0,"turns":7.0},{"damage":1.0,"enemies":"Orb Walker","floor":36.0,"turns":3.0},{"damage":43.0,"enemies":"Orb Walker","floor":37.0,"turns":7.0},{"damage":27.0,"enemies":"3 Darklings","floor":38.0,"turns":7.0},{"damage":0.0,"enemies":"downfall:FleeingMerchant","floor":39.0,"turns":4.0},{"damage":3.0,"enemies":"Nemesis","floor":40.0,"turns":7.0},{"damage":30.0,"enemies":"Giant Head","floor":43.0,"turns":7.0},{"damage":0.0,"enemies":"4 Shapes","floor":44.0,"turns":1.0},{"damage":17.0,"enemies":"Writhing Mass","floor":46.0,"turns":6.0},{"damage":0.0,"enemies":"Spire Growth","floor":49.0,"turns":4.0},{"damage":35.0,"enemies":"SI_POISON_ARCHETYPE","floor":50.0,"turns":8.0},{"damage":14.0,"enemies":"downfall:CharBossMerchant","floor":52.0,"turns":5.0},{"damage":71.0,"enemies":"downfall:NeowBoss","floor":55.0,"turns":11.0},{"damage":0,"enemies":"downfall:NeowBoss","floor":56,"turns":5}],"seed_played":"120280765198891847","potions_obtained":[{"floor":2.0,"key":"GamblersBrew"},{"floor":3.0,"key":"hexamod:SoulburnPotion"},{"floor":6.0,"key":"Block Potion"},{"floor":14.0,"key":"bronze:CleanCodePotion"},{"floor":19.0,"key":"Fruit Juice"},{"floor":21.0,"key":"Energy Potion"},{"floor":25.0,"key":"ColorlessPotion"},{"floor":31.0,"key":"Block Potion"},{"floor":33.0,"key":"LiquidBronze"},{"floor":40.0,"key":"SmokeBomb"},{"floor":43.0,"key":"champ:CounterPotion"},{"floor":46.0,"key":"hexamod:SoulburnPotion"}],"is_trial":false,"path_per_floor":["R","M","M","M","T","M","T","E","M","R","M","?","M","M","M","B",null,"R","M","M","?","$","?","T","E","?","R","M","?","R","M","M","B",null,"R","M","?","M","$","E","T","R","E","M","R","M","R","$","M","B",null,"E","$","R","B","B",null],"character_chosen":"THE_AUTOMATON","items_purchased":["MerchantsRug","Medical Kit","bronze:Turbo+1","bronze:MaxOutput+1","Lantern","Nunchaku","Regen Potion","PowerPotion","bronze:ForceShield+1","LiquidMemories","LiquidMemories"],"campfire_rested":6,"item_purchase_floors":[22,22,22,39,39,39,39,39,48,48,48],"current_hp_per_floor":[70,70,64,64,64,61,61,51,41,51,50,50,50,45,37,36,80,80,80,72,55,55,55,55,10,10,35,25,25,50,50,25,7,85,85,84,41,14,14,25,25,50,30,30,58,41,69,69,69,34,95,81,81,81,10,10],"gold":78,"neow_bonus":"ONE_RANDOM_RARE_CARD","is_daily":false,"chose_seed":false,"campfire_upgraded":2,"win_rate":0.0,"timestamp":1611238429,"path_taken":["R","M","M","M","?","M","T","E","M","R","M","?","M","?","M","BOSS","R","M","M","?","$","?","T","E","?","R","?","?","R","M","M","BOSS","R","M","?","M","$","E","T","R","E","M","R","M","R","$","M","BOSS","E","$","R","BOSS","BOSS"],"items_purchased_type":["Relic","Relic","Card","Card","Relic","Relic","Potion","Potion","Card","Potion","Potion"],"build_version":"2020-12-22","purchased_purges":4,"victory":true,"max_hp_per_floor":[70,70,70,70,70,70,70,70,70,80,80,80,80,80,80,80,80,80,80,80,85,85,85,85,85,85,85,85,85,85,85,85,85,85,85,85,85,85,85,85,85,85,95,95,95,95,95,95,95,95,95,95,95,95,95,95],"card_choices":[{"not_picked":["bronze:Boost+1","bronze:Branch+1"],"picked":"bronze:BuggyMess+1","floor":2.0},{"not_picked":["bronze:GetLatest+1","bronze:CutThrough+1"],"picked":"bronze:FollowUp+1","floor":3.0},{"not_picked":["bronze:Shield+1","bronze:WildBeam+1","bronze:Invalidate+1"],"picked":"SKIP","floor":4.0},{"not_picked":["bronze:DelayedGuard+1","bronze:BitShift+1"],"picked":"bronze:Branch+1","floor":6.0},{"not_picked":["bronze:Shield+1","bronze:Safeguard+1"],"picked":"bronze:Mutator+1","floor":8.0},{"not_picked":["bronze:Turbo+1","bronze:BronzeOrb+1"],"picked":"bronze:Terminator+1","floor":9.0},{"not_picked":["bronze:OilSpill+1","bronze:Branch+1","bronze:Backtrace+1"],"picked":"SKIP","floor":11.0},{"not_picked":["bronze:Branch+1","bronze:DelayedGuard+1","bronze:WildBeam+1"],"picked":"SKIP","floor":13.0},{"not_picked":["bronze:Backtrace+1","bronze:DelayedGuard+1"],"picked":"bronze:WhirlingStrike+1","floor":14.0},{"not_picked":["bronze:Shield+1","bronze:DelayedSlice+1","bronze:BronzeOrb+1"],"picked":"SKIP","floor":15.0},{"not_picked":["bronze:CleanCode+1","bronze:Virus+1"],"picked":"bronze:Format+1","floor":16.0},{"not_picked":["bronze:CutThrough+1","bronze:Allocate+1"],"picked":"bronze:Turbo+1","floor":19.0},{"not_picked":["bronze:Allocate+1","bronze:Philosophize+1"],"picked":"bronze:BronzeArmor+1","floor":20.0},{"not_picked":["bronze:Overheat+1","bronze:Return+1"],"picked":"bronze:ItsAFeature+1","floor":21.0},{"not_picked":["bronze:FollowUp+1","bronze:Return+1","bronze:Fortify+1"],"picked":"SKIP","floor":22.0},{"not_picked":["bronze:Shell+1","bronze:Iterate+1"],"picked":"bronze:BronzeArmor+1","floor":25.0},{"not_picked":["bronze:Invalidate+1","bronze:Turbo+1"],"picked":"bronze:Allocate+1","floor":28.0},{"not_picked":["bronze:Overheat+1","bronze:ChosenStrike+1"],"picked":"bronze:BuggyMess+1","floor":31.0},{"not_picked":["bronze:Separator+1","bronze:WhirlingStrike+1"],"picked":"bronze:MaxOutput+1","floor":32.0},{"not_picked":["bronze:HardenedForm+1","bronze:CleanCode+1"],"picked":"bronze:Verify+1","floor":33.0},{"not_picked":["bronze:ForLoop+1","bronze:CloningBeam+1"],"picked":"bronze:FineTuning+1","floor":36.0},{"not_picked":["bronze:FineTuning+1","bronze:BitShift+1"],"picked":"bronze:Terminator+1","floor":37.0},{"not_picked":["bronze:Deprecate+1","bronze:DelayedSlice+1","bronze:ItsAFeature+1"],"picked":"SKIP","floor":38.0},{"not_picked":["bronze:FineTuning+1","bronze:Invalidate+1","bronze:BitShift+1"],"picked":"SKIP","floor":39.0},{"not_picked":["bronze:Fortify+1","bronze:Boost+1","bronze:SpaghettiCode+1"],"picked":"SKIP","floor":40.0},{"not_picked":["bronze:GetLatest+1","bronze:Invalidate+1","bronze:Branch+1"],"picked":"SKIP","floor":43.0},{"not_picked":["bronze:Separator+1","bronze:DarkDash+1"],"picked":"bronze:Optimize+1","floor":46.0},{"not_picked":["bronze:ForLoop+1","bronze:MaxOutput+1","bronze:Branch+1"],"picked":"SKIP","floor":49.0},{"not_picked":["bronze:Separator+1","bronze:NullPointer+1"],"picked":"bronze:AlphaBuild+1","floor":52.0}],"player_experience":683422,"relics_obtained":[{"floor":5.0,"key":"Pen Nib"},{"floor":8.0,"key":"MawBank"},{"floor":21.0,"key":"Red Mask"},{"floor":24.0,"key":"Molten Egg 2"},{"floor":25.0,"key":"CaptainsWheel"},{"floor":37.0,"key":"Shovel"},{"floor":40.0,"key":"champ:DuelingGlove"},{"floor":41.0,"key":"Whetstone"},{"floor":43.0,"key":"Pear"},{"floor":52.0,"key":"Vajra"},{"floor":54.0,"key":"Eternal Feather"}],"event_choices":[{"damage_healed":0.0,"max_hp_gain":0.0,"max_hp_loss":0.0,"gold_gain":0.0,"event_name":"FaceTrader","player_choice":"Trade","floor":12.0,"gold_loss":0.0,"damage_taken":0.0,"relics_obtained":["SsserpentHead"]},{"damage_healed":0.0,"max_hp_gain":0.0,"max_hp_loss":0.0,"gold_gain":0.0,"event_name":"Masked Bandits","player_choice":"Fought Bandits","floor":21.0,"gold_loss":0.0,"damage_taken":0.0},{"damage_healed":0.0,"max_hp_gain":0.0,"max_hp_loss":0.0,"gold_gain":0.0,"event_name":"The Library","player_choice":"Read","floor":23.0,"gold_loss":0.0,"damage_taken":0.0,"cards_obtained":["bronze:ClassDefault"]},{"damage_healed":0.0,"max_hp_gain":0.0,"max_hp_loss":0.0,"gold_gain":0.0,"event_name":"Vampires","player_choice":"Ignored","floor":29.0,"gold_loss":0.0,"damage_taken":0.0}],"is_beta":false,"boss_relics":[{"not_picked":["Black Star","Calling Bell"],"picked":"Fusion Hammer"},{"not_picked":["SacredBark","Snecko Eye"],"picked":"beaked:SacredDeck"}],"items_purged_floors":[22,39,48,53],"is_endless":false,"potions_floor_spawned":[2,3,6,14,19,21,25,31,33,40,43,44,46],"ascension_level":1}}