{"host":"l60rmjjsfi0fipmi","time":1611192385,"event":{"mods":["BaseMod","Colored Map","DeckTracker","Highlight Path","Minty Spire (QoL Compilation)","StSLib","The Cursed","The Servant 0.9.4"],"gold_per_floor":[112,128,142,107,119,119,136,136,136,154,154,154,186,200,200,304,304,323,323,323,168,168,168,193,193,193,193,210,210,228,240,240,240,240],"floor_reached":33,"language":"ENG","playtime":1741,"items_purged":["Strike_G"],"score":334,"play_id":"f8feda47-666b-4fbc-a1bb-59f96de74763","local_time":"20210120202625","is_ascension_mode":true,"campfire_choices":[{"data":"Noxious Fumes","floor":6,"key":"SMITH"},{"floor":8,"key":"REST"},{"floor":11,"key":"REST"},{"floor":15,"key":"REST"},{"data":"Setup","floor":23,"key":"SMITH"},{"floor":25,"key":"REST"},{"floor":27,"key":"REST"},{"data":"Distraction","floor":29,"key":"SMITH"},{"floor":32,"key":"REST"}],"circlet_count":0,"master_deck":["Strike_G","Strike_G","Strike_G","Defend_G","Defend_G","Defend_G+1","Defend_G","Defend_G","Survivor","Neutralize","Corpse Explosion","Catalyst+1","Cloak And Dagger+1","Bane","Well Laid Plans","Noxious Fumes+1","Deadly Poison","Quick Slash","Distraction+1","Cloak And Dagger","CurseOfTheBell","Blade Dance+1","Setup+1","Envenom","Footwork"],"relics":["Ring of the Snake","Lantern","Centennial Puzzle","Calling Bell","War Paint","Matryoshka","The Specimen","Singing Bowl","Pear","MealTicket","Tiny Chest","Question Card"],"acts_visited":["Exordium","TheCity"],"potions_floor_usage":[16,16,33,33],"damage_taken":[{"damage":10,"enemies":"Small Slimes","floor":1,"turns":3},{"damage":3,"enemies":"2 Louse","floor":2,"turns":3},{"damage":5,"enemies":"Jaw Worm","floor":3,"turns":4},{"damage":12,"enemies":"2 Fungi Beasts","floor":5,"turns":5},{"damage":30,"enemies":"Exordium Thugs","floor":7,"turns":5},{"damage":9,"enemies":"3 Louse","floor":10,"turns":3},{"damage":19,"enemies":"3 Sentries","floor":13,"turns":7},{"damage":3,"enemies":"Looter","floor":14,"turns":4},{"damage":7,"enemies":"The Guardian","floor":16,"turns":7},{"damage":5,"enemies":"Shell Parasite","floor":18,"turns":7},{"damage":49,"enemies":"Gremlin Leader","floor":24,"turns":7},{"damage":10,"enemies":"Chosen","floor":28,"turns":5},{"damage":22,"enemies":"Snake Plant","floor":30,"turns":4},{"damage":17,"enemies":"Chosen and Byrds","floor":31,"turns":5},{"damage":49,"enemies":"Collector","floor":33,"turns":6}],"seed_played":"-510148880901330121","potions_obtained":[{"floor":1,"key":"SkillPotion"},{"floor":2,"key":"BlessingOfTheForge"},{"floor":7,"key":"BlessingOfTheForge"},{"floor":10,"key":"Strength Potion"},{"floor":28,"key":"CultistPotion"},{"floor":31,"key":"Fire Potion"}],"is_trial":false,"path_per_floor":["M","M","M","$","M","R","M","R","T","M","R","?","E","M","R","B",null,"M","?","T","$","?","R","E","R","T","R","M","R","M","M","R","B"],"character_chosen":"THE_SILENT","items_purchased":["Well Laid Plans","Setup"],"campfire_rested":6,"item_purchase_floors":[4,21],"current_hp_per_floor":[60,57,52,52,40,40,10,31,31,22,43,36,17,14,35,28,60,55,55,65,65,65,65,18,42,42,66,56,56,34,19,44,0,0],"gold":240,"neow_bonus":"ONE_RANDOM_RARE_CARD","is_daily":false,"chose_seed":false,"campfire_upgraded":3,"win_rate":0.0,"timestamp":1611192385,"path_taken":["M","M","M","$","M","R","M","R","T","M","R","?","E","M","R","BOSS","M","?","?","$","?","R","E","R","T","R","M","R","M","?","R","BOSS"],"items_purchased_type":["Card","Card"],"build_version":"2020-12-22","purchased_purges":1,"victory":false,"max_hp_per_floor":[70,70,70,70,70,70,70,70,70,70,70,70,70,70,70,70,70,70,70,80,80,80,80,82,82,82,82,82,82,82,84,84,84,84],"card_choices":[{"not_picked":["Infinite Blades","All Out Attack"],"picked":"Catalyst","floor":1},{"not_picked":["Dodge and Roll","Underhanded Strike"],"picked":"Cloak And Dagger","floor":2},{"not_picked":["Concentrate","Outmaneuver"],"picked":"Bane","floor":3},{"not_picked":["Tactician","Dodge and Roll"],"picked":"Noxious Fumes","floor":5},{"not_picked":["Dagger Spray","PiercingWail"],"picked":"Deadly Poison","floor":7},{"not_picked":["Underhanded Strike","Deadly Poison"],"picked":"Quick Slash","floor":10},{"not_picked":["Night Terror","Masterful Stab"],"picked":"Distraction","floor":13},{"not_picked":["Endless Agony","Outmaneuver"],"picked":"Cloak And Dagger","floor":14},{"not_picked":["Dagger Throw","Underhanded Strike+1"],"picked":"Blade Dance+1","floor":18},{"not_picked":["Blade Dance+1","Caltrops+1","Cloak And Dagger"],"picked":"Singing Bowl","floor":24},{"not_picked":["PiercingWail","Distraction","Skewer"],"picked":"Envenom","floor":28},{"not_picked":["Deflect","Backstab","All Out Attack+1"],"picked":"Footwork","floor":30},{"not_picked":["Terror","Predator","Outmaneuver","Slice"],"picked":"Singing Bowl","floor":31}],"player_experience":528340,"relics_obtained":[{"floor":9,"key":"Lantern"},{"floor":13,"key":"Centennial Puzzle"},{"floor":17,"key":"War Paint"},{"floor":17,"key":"Matryoshka"},{"floor":17,"key":"The Specimen"},{"floor":20,"key":"Singing Bowl"},{"floor":20,"key":"Pear"},{"floor":24,"key":"MealTicket"},{"floor":26,"key":"Tiny Chest"},{"floor":26,"key":"Question Card"}],"event_choices":[{"cards_removed":["Strike_G"],"damage_healed":0,"gold_gain":0,"player_choice":"Card Removal","damage_taken":7,"max_hp_gain":0,"max_hp_loss":0,"event_name":"Golden Wing","floor":12,"gold_loss":0},{"damage_healed":0,"gold_gain":0,"player_choice":"Ignored","damage_taken":0,"max_hp_gain":0,"max_hp_loss":0,"event_name":"The Mausoleum","floor":19,"gold_loss":0},{"damage_healed":0,"gold_gain":0,"player_choice":"Upgraded","damage_taken":0,"max_hp_gain":0,"max_hp_loss":0,"event_name":"Upgrade Shrine","floor":22,"gold_loss":0,"cards_upgraded":["Cloak And Dagger"]}],"is_beta":false,"boss_relics":[{"not_picked":["SlaversCollar","Empty Cage"],"picked":"Calling Bell"}],"items_purged_floors":[21],"is_endless":false,"potions_floor_spawned":[1,2,7,10,14,28,31],"killed_by":"Collector","ascension_level":5}}