{"host":"bitwvaitjv2vi3eu","time":1611267937,"event":{"mods":["2.2 Compatiblity","AchievementEnabler","AlwaysNeverKeys","BaseMod","Better Third Choice","Colored Powertips","Conspire","Downfall","GifTheSpireLib","Googly Eyes","Hermit","Hubris","Infinite Spire","Minty Spire (QoL Compilation)","Permanent Neow","Quick Restart","Random Character Button","Rare Cards Sparkle","Relic Sorter","Relic Stats","Remove Card Discount Mod","StSLib","SuperFastMode","Wandering Minibosses","slay the spire mod where everything is the same but ironclad has a cowboy hat"],"gold_per_floor":[118,132,132,58,77,111,111,111,111,136,136,170,170,184,184,283,283,297,307,323,158,169,169,200,200,226,226,246,277,288,305,305,410,410,429,429,442,0,19,19,44,44,90,118,23,23,23],"floor_reached":46,"language":"ENG","playtime":1558,"items_purged":["Strike_B","Defend_B"],"score":701,"play_id":"98774747-592d-4ba1-b93c-cfa78aab1677","local_time":"20210121162537","is_ascension_mode":true,"campfire_choices":[{"data":"hubris:DuctTapeCard","floor":7,"key":"SMITH"},{"floor":13,"key":"REST"},{"floor":15,"key":"REST"},{"floor":23,"key":"REST"},{"data":"Static Discharge","floor":25,"key":"SMITH"},{"data":"Scrape","floor":32,"key":"SMITH"},{"data":"Scrape","floor":40,"key":"SMITH"},{"data":"Amplify","floor":42,"key":"SMITH"}],"circlet_count":0,"master_deck":["Strike_B","Strike_B","Strike_B","Defend_B","Defend_B+1","Defend_B","Dualcast","Ball Lightning","Ball Lightning","Static Discharge","hubris:DuctTapeCard+2","Compile Driver","Biased Cognition","Sweeping Beam","Self Repair","Amplify+1","Barrage","Rebound","Static Discharge+1","Self Repair","Scrape+1","Compile Driver","Tempest+1","Scrape+1","hubris:Rewind","Sweeping Beam","Capacitor+1","Streamline+1","Scrape+1","Creative AI","BootSequence+1","infinitespire:SevenWalls","Sweeping Beam+1","Lockon","Consume+1","hubris:Ukulele+1","Mind Blast"],"relics":["Cracked Core","hubris:DuctTape","hubris:Towel","Regal Pillow","Singing Bowl","Oddly Smooth Stone","hubris:BlackHole","War Paint","Pen Nib","Vajra","Black Star","Ancient Tea Set","Red Mask","hubris:TenFootPole","hubris:PeanutButter","infinitespire:Satchel","Bag of Preparation","hubris:RGBLights"],"acts_visited":["Exordium","TheCity","TheBeyond"],"potions_floor_usage":[12,12,12],"damage_taken":[{"damage":1,"enemies":"Cultist","floor":1,"turns":4},{"damage":2,"enemies":"2 Louse","floor":2,"turns":2},{"damage":0,"enemies":"Small Slimes","floor":5,"turns":2},{"damage":16,"enemies":"Gremlin Nob","floor":6,"turns":3},{"damage":30,"enemies":"3 Sentries","floor":10,"turns":4},{"damage":18,"enemies":"Lagavulin","floor":12,"turns":3},{"damage":40,"enemies":"Gremlin Gang","floor":14,"turns":3},{"damage":55,"enemies":"The Guardian","floor":16,"turns":8},{"damage":21,"enemies":"2 Thieves","floor":18,"turns":2},{"damage":12,"enemies":"Shell Parasite","floor":19,"turns":3},{"damage":28,"enemies":"Centurion and Healer","floor":20,"turns":4},{"damage":16,"enemies":"Snake Plant","floor":22,"turns":2},{"damage":21,"enemies":"conspire:Head Lice","floor":24,"turns":4},{"damage":0,"enemies":"Cultist and Chosen","floor":28,"turns":1},{"damage":10,"enemies":"conspire:SneckoGhost","floor":29,"turns":3},{"damage":0,"enemies":"3 Cultists","floor":30,"turns":3},{"damage":0,"enemies":"Snake Plant","floor":31,"turns":1},{"damage":36,"enemies":"conspire:MysteriousRune","floor":33,"turns":4},{"damage":12,"enemies":"3 Shapes","floor":35,"turns":3},{"damage":0,"enemies":"Orb Walker","floor":37,"turns":1},{"damage":4,"enemies":"Transient","floor":39,"turns":5},{"damage":24,"enemies":"Nemesis","floor":41,"turns":3},{"damage":0,"enemies":"Reptomancer","floor":44,"turns":2},{"damage":0,"enemies":"infinitespire:Three Voidlings","floor":46,"turns":1},{"damage":79,"enemies":"Nightmare_Alpha","floor":46,"turns":3}],"seed_played":"-8422227755860662654","potions_obtained":[{"floor":1,"key":"EssenceOfSteel"},{"floor":3,"key":"Energy Potion"},{"floor":3,"key":"AttackPotion"},{"floor":19,"key":"FearPotion"},{"floor":28,"key":"Block Potion"},{"floor":29,"key":"LiquidMemories"},{"floor":37,"key":"DuplicationPotion"}],"is_trial":false,"path_per_floor":["M","M","?","$","M","E","R","?","T","E","?","E","R","M","R","B",null,"M","M","M","$","M","R","E","R","T","?","M","E","M","M","R","B",null,"M","AVR","M","?","M","R","E","R","T","E","$","?"],"character_chosen":"DEFECT","items_purchased":["Static Discharge","Self Repair","Scrape","Compile Driver","Mind Blast"],"campfire_rested":3,"item_purchase_floors":[4,21,21,21,45],"current_hp_per_floor":[74,72,72,72,72,56,56,56,56,26,26,17,55,24,62,14,79,65,60,39,39,37,75,68,68,68,49,56,53,67,67,67,45,79,79,79,79,79,79,79,76,76,76,79,79,0,0],"gold":23,"neow_bonus":"RANDOM_COLORLESS","is_daily":false,"chose_seed":false,"campfire_upgraded":5,"win_rate":0.0,"timestamp":1611267937,"path_taken":["M","M","?","?","M","E","R","?","T","E","?","E","R","M","R","BOSS","M","M","M","$","?","R","E","R","T","?","M","E","M","M","R","BOSS","M","AVR","M","?","M","R","E","R","T","E","$","?"],"items_purchased_type":["Card","Card","Card","Card","Card"],"build_version":"2020-12-22","purchased_purges":2,"victory":false,"max_hp_per_floor":[75,75,75,75,75,75,75,75,75,75,75,77,77,79,79,79,79,79,79,79,79,79,79,79,79,79,79,79,79,79,79,79,79,79,79,79,79,79,79,79,79,79,79,79,79,79,79],"relic_stats":{"Regal Pillow":45,"Singing Bowl":4,"counters":[25,74],"Pen Nib":[15],"Black Star":2,"Bag of Preparation":[4],"War Paint":["Defend_B","Tempest"],"obtain_stats":[{"Regal Pillow":9,"hubris:DuctTape":6,"Singing Bowl":10,"Oddly Smooth Stone":12,"Vajra":29,"Pen Nib":26,"Bag of Preparation":44,"hubris:Towel":8,"War Paint":24,"Ancient Tea Set":36,"hubris:BlackHole":17,"infinitespire:Satchel":43,"hubris:PeanutButter":41,"Black Star":34,"Red Mask":38,"hubris:TenFootPole":41,"Cracked Core":0,"hubris:RGBLights":44},{"Regal Pillow":4,"hubris:DuctTape":4,"Singing Bowl":5,"Oddly Smooth Stone":6,"Vajra":15,"Pen Nib":13,"Bag of Preparation":23,"hubris:Towel":4,"War Paint":13,"Ancient Tea Set":19,"hubris:BlackHole":8,"infinitespire:Satchel":22,"hubris:PeanutButter":22,"Black Star":18,"Red Mask":20,"hubris:TenFootPole":22,"Cracked Core":0,"hubris:RGBLights":23},{"Regal Pillow":11,"hubris:DuctTape":11,"Singing Bowl":15,"Oddly Smooth Stone":18,"Vajra":48,"Pen Nib":44,"Bag of Preparation":70,"hubris:Towel":11,"War Paint":44,"Ancient Tea Set":59,"hubris:BlackHole":29,"infinitespire:Satchel":68,"hubris:PeanutButter":68,"Black Star":56,"Red Mask":60,"hubris:TenFootPole":68,"Cracked Core":0,"hubris:RGBLights":70}]},"card_choices":[{"not_picked":["Dark Shackles","Discovery"],"picked":"Panacea","floor":0},{"not_picked":["Coolheaded","Leap"],"picked":"Ball Lightning","floor":1},{"not_picked":["Coolheaded","Steam"],"picked":"Ball Lightning","floor":2},{"not_picked":["Steam","Multi-Cast","Beam Cell"],"picked":"SKIP","floor":5},{"not_picked":["Stack","Hologram"],"picked":"Compile Driver","floor":6},{"not_picked":["Streamline","Turbo"],"picked":"Biased Cognition","floor":10},{"not_picked":["Doom and Gloom","Darkness","Chill"],"picked":"Singing Bowl","floor":12},{"not_picked":["Streamline","Steam","Barrage"],"picked":"Singing Bowl","floor":14},{"not_picked":["Core Surge","hubris:SpecializedCircuitry"],"picked":"Amplify","floor":16},{"not_picked":["Turbo+1","Reprogram+1"],"picked":"Barrage","floor":18},{"not_picked":["Redo","Blizzard"],"picked":"Rebound","floor":19},{"not_picked":["Chill+1","Steam"],"picked":"Static Discharge","floor":20},{"not_picked":["Cold Snap+1","Scrape+1"],"picked":"Tempest","floor":22},{"not_picked":["hubris:SpecializedCircuitry","Lockon+1"],"picked":"Scrape+1","floor":24},{"not_picked":["infinitespire:DeathsTouch","infinitespire:Punishment"],"picked":"hubris:Rewind","floor":27},{"not_picked":["Coolheaded","Hologram+1"],"picked":"Sweeping Beam","floor":28},{"not_picked":["Double Energy+1","Go for the Eyes"],"picked":"Capacitor+1","floor":29},{"not_picked":["Defragment","Chill"],"picked":"Streamline+1","floor":30},{"not_picked":["Turbo","Gash+1"],"picked":"Scrape","floor":31},{"not_picked":["Fission","hubris:SpecializedCircuitry"],"picked":"Creative AI","floor":33},{"not_picked":["Steam+1","Streamline"],"picked":"BootSequence+1","floor":35},{"not_picked":["Beam Cell","Stack+1"],"picked":"Sweeping Beam+1","floor":37},{"not_picked":["Rebound","Compile Driver"],"picked":"Lockon","floor":39},{"not_picked":["Beam Cell","Redo"],"picked":"Consume+1","floor":41},{"not_picked":["Turbo","Coolheaded"],"picked":"hubris:Ukulele+1","floor":44}],"player_experience":84846,"relics_obtained":[{"floor":6,"key":"hubris:DuctTape"},{"floor":9,"key":"Regal Pillow"},{"floor":10,"key":"Singing Bowl"},{"floor":12,"key":"Oddly Smooth Stone"},{"floor":24,"key":"War Paint"},{"floor":26,"key":"Pen Nib"},{"floor":29,"key":"Vajra"},{"floor":41,"key":"hubris:TenFootPole"},{"floor":41,"key":"hubris:PeanutButter"},{"floor":43,"key":"infinitespire:Satchel"},{"floor":44,"key":"Bag of Preparation"},{"floor":44,"key":"hubris:RGBLights"}],"event_choices":[{"damage_healed":0,"gold_gain":0,"player_choice":"Got Potions","damage_taken":0,"max_hp_gain":0,"max_hp_loss":0,"event_name":"Lab","floor":3,"gold_loss":0},{"damage_healed":0,"gold_gain":0,"player_choice":"2 cards matched","damage_taken":0,"max_hp_gain":0,"max_hp_loss":0,"event_name":"Match and Keep!","floor":11,"gold_loss":0,"cards_obtained":["Sweeping Beam","Self Repair"]},{"damage_healed":0,"gold_gain":0,"player_choice":"Paid","damage_taken":0,"relics_obtained":["Red Mask"],"max_hp_gain":0,"max_hp_loss":0,"event_name":"Tomb of Lord Red Mask","floor":38,"gold_loss":442}],"is_beta":false,"boss_relics":[{"not_picked":["Pandora\u0027s Box","hubris:CrackedHourglass"],"picked":"hubris:BlackHole"},{"not_picked":["Cursed Key","Astrolabe"],"picked":"Black Star"}],"items_purged_floors":[4,4],"is_endless":false,"potions_floor_spawned":[1,10,16,19,28,29,31,33,37,41],"killed_by":"Nightmare_Alpha","ascension_level":3}}