{"host":"15ff3ltgpietarej","time":1611212887,"event":{"mods":["BaseMod","Bestiary","Downfall","Highlight Path","Minty Spire (QoL Compilation)","Relic Stats","StSLib"],"gold_per_floor":[99,112,124,138,138,138,138,138],"floor_reached":6,"language":"ENG","playtime":471,"items_purged":[],"score":36,"play_id":"45873c1a-0090-412f-ba4c-3ef305ff9d35","local_time":"20210121080807","is_ascension_mode":false,"campfire_choices":[{"floor":1,"key":"RECALL"}],"circlet_count":0,"master_deck":["bronze:Strike","bronze:Strike","bronze:Strike","bronze:Strike","bronze:Defend","bronze:Defend","bronze:Defend","bronze:Defend","bronze:Replicate","bronze:Goto","bronze:BugBarrage","bronze:DelayedGuard","bronze:BuggyMess","bronze:Spike","bronze:Explode","bronze:MaxOutput"],"relics":["bronze:BronzeCore"],"acts_visited":["Exordium"],"potions_floor_usage":[6],"damage_taken":[{"damage":0,"enemies":"Small Slimes","floor":2,"turns":3},{"damage":2,"enemies":"2 Louse","floor":3,"turns":2},{"damage":6,"enemies":"Jaw Worm","floor":4,"turns":3},{"damage":56,"enemies":"Jaw Worm","floor":5,"turns":7},{"damage":21,"enemies":"Lagavulin","floor":6,"turns":3}],"seed_played":"379843450324258473","potions_obtained":[{"floor":4,"key":"BlessingOfTheForge"},{"floor":5,"key":"bronze:FreeFunctionsPotion"}],"is_trial":false,"path_per_floor":["R","M","M","M","?","E"],"character_chosen":"THE_AUTOMATON","items_purchased":[],"campfire_rested":0,"item_purchase_floors":[],"current_hp_per_floor":[77,77,75,69,13,0,0,0],"gold":138,"neow_bonus":"TEN_PERCENT_HP_BONUS","is_daily":false,"chose_seed":false,"campfire_upgraded":0,"win_rate":0.0,"timestamp":1611212887,"path_taken":["R","M","M","M","?","E"],"items_purchased_type":[],"build_version":"2020-12-22","purchased_purges":0,"victory":false,"max_hp_per_floor":[77,77,77,77,77,77,77,77],"relic_stats":{"counters":[5,18],"obtain_stats":[{"bronze:BronzeCore":0},{"bronze:BronzeCore":0},{"bronze:BronzeCore":0}]},"card_choices":[{"not_picked":["bronze:OilSpill","bronze:CutThrough"],"picked":"bronze:BugBarrage","floor":2},{"not_picked":["bronze:Overload","bronze:NullPointer"],"picked":"bronze:DelayedGuard","floor":3},{"not_picked":["bronze:Overheat","bronze:Iterate"],"picked":"bronze:BuggyMess","floor":4},{"not_picked":[],"picked":"bronze:Spike","floor":5},{"not_picked":[],"picked":"bronze:Explode","floor":5},{"not_picked":["bronze:WhirlingStrike","bronze:Shell"],"picked":"bronze:MaxOutput","floor":5}],"player_experience":417587,"relics_obtained":[],"event_choices":[],"is_beta":false,"boss_relics":[],"items_purged_floors":[],"is_endless":false,"potions_floor_spawned":[4,5],"killed_by":"Lagavulin","ascension_level":0}}