{"host":"k2mw1od0xoi9pcfj","time":1611268086,"event":{"mods":["100% Spire Juice","Act Like it!","Aspiration","BaseMod","Downfall","Energized Spire","Hermit","Highlight Path","Minty Spire (QoL Compilation)","Permanent Neow","Relic Stats","Retaliation","StSLib","TheHeartMod"],"gold_per_floor":[126,142,142,162,437,468,468,482,505,531,531,1,18,28,28,28,28],"floor_reached":16,"language":"ENG","playtime":1361,"items_purged":[],"score":112,"play_id":"093bfe6e-1324-4a50-8907-797a42321349","local_time":"20210121162806","is_ascension_mode":false,"campfire_choices":[{"data":"Discovery","floor":7,"key":"SMITH"},{"floor":15,"key":"RECALL"}],"circlet_count":0,"master_deck":["hermit:Strike_Hermit","hermit:Strike_Hermit","hermit:Strike_Hermit","hermit:Strike_Hermit","hermit:Defend_Hermit","hermit:Defend_Hermit","hermit:Defend_Hermit","hermit:Defend_Hermit","hermit:Snapshot","hermit:Covet","Discovery+1","hermit:TakeAim","hermit:Dive","hermit:Vantage","Regret","hermit:Midnight","hermit:EyeOfTheStorm","hermit:HighCaliber","hermit:BigShot","hermit:TakeAim","hermit:Maintenance"],"relics":["hermit:Momento","Mango","Akabeko","Blood Vial","Vajra","Unceasing Top","aspiration:Lifesprig"],"acts_visited":["Exordium"],"potions_floor_usage":[6],"damage_taken":[{"damage":0,"enemies":"Cultist","floor":1,"turns":3},{"damage":0,"enemies":"2 Louse","floor":2,"turns":5},{"damage":4,"enemies":"Jaw Worm","floor":4,"turns":4},{"damage":39,"enemies":"3 Sentries","floor":6,"turns":21},{"damage":2,"enemies":"Exordium Thugs","floor":8,"turns":3},{"damage":15,"enemies":"Lagavulin","floor":10,"turns":8},{"damage":1,"enemies":"Large Slime","floor":13,"turns":6},{"damage":1,"enemies":"3 Louse","floor":14,"turns":4},{"damage":36,"enemies":"The Guardian","floor":16,"turns":7}],"seed_played":"-1254491989291842592","potions_obtained":[{"floor":1,"key":"champ:CounterPotion"},{"floor":6,"key":"Energy Potion"},{"floor":10,"key":"Strength Potion"},{"floor":14,"key":"Ancient Potion"}],"is_trial":false,"path_per_floor":["M","M","?","M","?","E","R","M","T","E","?","$","M","M","R","B"],"character_chosen":"HERMIT","items_purchased":["Unceasing Top","aspiration:Lifesprig","hermit:BigShot"],"campfire_rested":0,"item_purchase_floors":[12,12,12],"current_hp_per_floor":[75,75,89,85,85,46,46,44,44,31,31,31,32,33,33,0,0],"gold":28,"neow_bonus":"RANDOM_COLORLESS","is_daily":false,"chose_seed":false,"campfire_upgraded":1,"win_rate":0.0,"timestamp":1611268086,"path_taken":["M","M","?","M","?","E","R","?","T","E","?","$","?","M","R","BOSS"],"items_purchased_type":["Relic","Relic","Card"],"build_version":"2020-12-22","purchased_purges":0,"victory":false,"max_hp_per_floor":[75,75,89,89,89,89,89,89,89,89,89,89,89,89,89,89,89],"relic_stats":{"Blood Vial":8,"counters":[9,61],"obtain_stats":[{"Blood Vial":9,"aspiration:Lifesprig":12,"Vajra":10,"Mango":3,"hermit:Momento":0,"Akabeko":6,"Unceasing Top":12},{"Blood Vial":5,"aspiration:Lifesprig":6,"Vajra":6,"Mango":2,"hermit:Momento":0,"Akabeko":4,"Unceasing Top":6},{"Blood Vial":36,"aspiration:Lifesprig":44,"Vajra":44,"Mango":8,"hermit:Momento":0,"Akabeko":33,"Unceasing Top":44}],"Unceasing Top":[1]},"card_choices":[{"not_picked":["Trip","Forethought"],"picked":"Discovery","floor":0},{"not_picked":["hermit:NoHoldsBarred","hermit:Quickdraw"],"picked":"hermit:TakeAim","floor":1},{"not_picked":["hermit:LowProfile","hermit:Headshot"],"picked":"hermit:Dive","floor":2},{"not_picked":["hermit:Headshot","hermit:Misfire"],"picked":"hermit:Vantage","floor":4},{"not_picked":["hermit:PistolWhip","hermit:Cheat"],"picked":"hermit:Midnight","floor":6},{"not_picked":["hermit:Ricochet","hermit:Manifest"],"picked":"hermit:EyeOfTheStorm","floor":8},{"not_picked":["hermit:WideOpen","hermit:Brawl"],"picked":"hermit:FlashPowder","floor":10},{"not_picked":["hermit:BlackWind","hermit:Misfire"],"picked":"hermit:TakeAim","floor":13},{"not_picked":["hermit:Glare","hermit:Quickdraw"],"picked":"hermit:Maintenance","floor":14}],"player_experience":786204,"relics_obtained":[{"floor":6,"key":"Akabeko"},{"floor":9,"key":"Blood Vial"},{"floor":10,"key":"Vajra"}],"event_choices":[{"damage_healed":0,"gold_gain":275,"player_choice":"Desecrate","damage_taken":0,"max_hp_gain":0,"max_hp_loss":0,"event_name":"Golden Shrine","floor":5,"gold_loss":0,"cards_obtained":["Regret"]},{"damage_healed":0,"gold_gain":0,"cards_transformed":["hermit:FlashPowder"],"player_choice":"Transformed","damage_taken":0,"max_hp_gain":0,"max_hp_loss":0,"event_name":"Transmorgrifier","floor":11,"gold_loss":0,"cards_obtained":["hermit:HighCaliber"]}],"is_beta":false,"boss_relics":[],"items_purged_floors":[],"is_endless":false,"potions_floor_spawned":[1,6,10,14],"killed_by":"The Guardian","ascension_level":0}}