{"host":"5ty8fyb0ngp9gspj","time":1611193838,"event":{"mods":["2.2 Compatiblity","AchievementEnabler","Act Like it!","BaseMod","Colored Map","Downfall","Minty Spire (QoL Compilation)","Rare Cards Sparkle","Relic Stats","StSLib","The Jungle","slay the spire mod where everything is the same but ironclad has a cowboy hat"],"gold_per_floor":[99,115,131,150,26,60,60,73,101,101,120,151,167,187,199,199,199,199],"floor_reached":16,"language":"ENG","playtime":950,"items_purged":["champ:Defend"],"score":145,"play_id":"11bfdb36-676b-4a69-8a03-a43950535ba1","local_time":"20210121125038","is_ascension_mode":true,"campfire_choices":[{"data":"champ:Taunt","floor":1,"key":"SMITH"}],"circlet_count":0,"master_deck":["champ:Strike","champ:Strike","champ:Strike","champ:Strike","champ:Defend","champ:Defend","champ:Defend","champ:Execute","champ:Taunt+1","champ:BringItOn","champ:Lariat","champ:CrookedStrike","champ:FanOfKnives","champ:BerserkerStyle","champ:Haymaker","champ:Endure","champ:EnragedBash","champ:BringItOn","champ:Circumvent","champ:EnGarde"],"relics":["champ:ChampionCrown","Gremlin Horn","Frozen Egg 2","Tiny Chest","Girya"],"acts_visited":["Exordium"],"potions_floor_usage":[8,14,16,16],"damage_taken":[{"damage":16,"enemies":"Cultist","floor":2,"turns":4},{"damage":0,"enemies":"2 Louse","floor":3,"turns":4},{"damage":35,"enemies":"Jaw Worm","floor":4,"turns":3},{"damage":25,"enemies":"downfall:FleeingMerchant","floor":5,"turns":4},{"damage":27,"enemies":"3 Sentries","floor":6,"turns":6},{"damage":0,"enemies":"Lots of Slimes","floor":8,"turns":1},{"damage":42,"enemies":"Gremlin Nob","floor":9,"turns":5},{"damage":3,"enemies":"Blue Slaver","floor":11,"turns":2},{"damage":58,"enemies":"3 Sentries","floor":12,"turns":6},{"damage":6,"enemies":"2 Fungi Beasts","floor":13,"turns":3},{"damage":34,"enemies":"Large Slime","floor":14,"turns":8},{"damage":12,"enemies":"2 Fungi Beasts","floor":15,"turns":4},{"damage":46,"enemies":"IC_STATUS_ARCHETYPE","floor":16,"turns":8}],"seed_played":"-489233364083911382","potions_obtained":[{"floor":2,"key":"Explosive Potion"},{"floor":6,"key":"Guardian:BlockOnCardUsePotion"},{"floor":11,"key":"champ:CounterPotion"},{"floor":12,"key":"champ:TechniquePotion"},{"floor":15,"key":"Dexterity Potion"}],"is_trial":false,"path_per_floor":["R","M","M","M","$","E","T","M","E","?","M","E","M","M","M","B"],"character_chosen":"THE_CHAMP","items_purchased":["champ:BerserkerStyle"],"campfire_rested":0,"item_purchase_floors":[5],"current_hp_per_floor":[99,93,93,93,93,86,86,86,54,54,51,31,25,13,13,0,0,0],"gold":199,"neow_bonus":"TEN_PERCENT_HP_BONUS","is_daily":false,"chose_seed":false,"campfire_upgraded":1,"win_rate":0.0,"timestamp":1611193838,"path_taken":["R","M","M","M","?","E","T","M","E","?","?","E","?","M","M","BOSS"],"items_purchased_type":["Card"],"build_version":"2020-12-22","purchased_purges":1,"victory":false,"max_hp_per_floor":[99,99,99,99,99,99,99,99,99,99,99,99,99,99,99,99,99,99],"relic_stats":{"Gremlin Horn":[5,5],"counters":[13,58],"Tiny Chest":0,"obtain_stats":[{"Girya":12,"Gremlin Horn":6,"champ:ChampionCrown":0,"Tiny Chest":9,"Frozen Egg 2":7},{"Girya":9,"Gremlin Horn":5,"champ:ChampionCrown":0,"Tiny Chest":7,"Frozen Egg 2":5},{"Girya":35,"Gremlin Horn":21,"champ:ChampionCrown":0,"Tiny Chest":27,"Frozen Egg 2":21}]},"card_choices":[{"not_picked":["champ:FalseCounter","champ:DefensiveStyle"],"picked":"champ:BringItOn","floor":2},{"not_picked":["champ:StanceDance","champ:GutPunch"],"picked":"champ:Lariat","floor":3},{"not_picked":["champ:RisingSlash","champ:ShieldSigil"],"picked":"champ:CrookedStrike","floor":4},{"not_picked":["champ:DefensiveShout","champ:Devastate"],"picked":"champ:FanOfKnives","floor":5},{"not_picked":["champ:DefensiveShout","champ:BringItOn","champ:TornadoPunch"],"picked":"SKIP","floor":6},{"not_picked":["champ:Parry","champ:PerfectedStrike"],"picked":"champ:Haymaker","floor":8},{"not_picked":["champ:FlashCut","champ:GladiatorForm+1"],"picked":"champ:Endure","floor":9},{"not_picked":["champ:PerfectedStrike","champ:DefensiveShout","champ:FancyFootwork"],"picked":"SKIP","floor":11},{"not_picked":["champ:EnchantShield","champ:DefensiveShout"],"picked":"champ:EnragedBash","floor":12},{"not_picked":["champ:TornadoPunch","champ:EnGarde"],"picked":"champ:BringItOn","floor":13},{"not_picked":["champ:RecklessLeap","champ:DefensiveShout"],"picked":"champ:Circumvent","floor":14},{"not_picked":["champ:BerserkersShout","champ:PreemptiveStrike"],"picked":"champ:EnGarde","floor":15}],"player_experience":412954,"relics_obtained":[{"floor":6,"key":"Gremlin Horn"},{"floor":7,"key":"Frozen Egg 2"},{"floor":9,"key":"Tiny Chest"},{"floor":12,"key":"Girya"}],"event_choices":[],"is_beta":false,"boss_relics":[],"items_purged_floors":[5],"is_endless":false,"potions_floor_spawned":[2,6,11,12,15],"killed_by":"IC_STATUS_ARCHETYPE","ascension_level":3}}