{"host":"bq4pt811tk9yrmjl","time":1611231212,"event":{"mods":["AchievementEnabler","BaseMod","Colored Map","Colored Powertips","Defuse TimeMaze Blight","Hermit","Minty Spire (QoL Compilation)","StSLib","SuperFastMode"],"gold_per_floor":[115,115,115,190,209,242,95,95,95,95,106,136,136,151,151,254,254,254,254],"floor_reached":18,"language":"ENG","playtime":273,"items_purged":[],"score":203,"play_id":"d687c703-b5f3-460e-88bb-cb8cbea7b0a1","local_time":"20210121101332","is_ascension_mode":true,"campfire_choices":[{"data":"Defragment","floor":8.0,"key":"SMITH"},{"data":"Dualcast","floor":10.0,"key":"SMITH"},{"data":"Stack","floor":15,"key":"SMITH"}],"circlet_count":0,"master_deck":["Strike_B","Strike_B","Strike_B","Strike_B","Defend_B","Defend_B","Defend_B","Defend_B","Zap+1","Dualcast+1","Stack+1","Self Repair","Defragment+1","Streamline","Recycle"],"relics":["Cracked Core","NeowsBlessing","HornCleat","MealTicket","Toy Ornithopter","Pantograph","Velvet Choker"],"acts_visited":["Exordium","TheCity"],"potions_floor_usage":[],"damage_taken":[{"damage":0.0,"enemies":"Jaw Worm","floor":1.0,"turns":1.0},{"damage":0.0,"enemies":"Small Slimes","floor":5.0,"turns":1.0},{"damage":0.0,"enemies":"3 Sentries","floor":6.0,"turns":2.0},{"damage":0.0,"enemies":"2 Louse","floor":11.0,"turns":3.0},{"damage":22,"enemies":"Lagavulin","floor":12,"turns":6},{"damage":9,"enemies":"Large Slime","floor":14,"turns":3},{"damage":50,"enemies":"Hexaghost","floor":16,"turns":11},{"damage":6,"enemies":"Shell Parasite","floor":18,"turns":4}],"seed_played":"-7147245789598271839","potions_obtained":[{"floor":12,"key":"EssenceOfSteel"},{"floor":16,"key":"Explosive Potion"}],"is_trial":false,"path_per_floor":["M","?","?","?","M","E","$","R","T","R","M","E","T","M","R","B",null,"M"],"character_chosen":"DEFECT","items_purchased":["MealTicket"],"campfire_rested":0,"item_purchase_floors":[7],"current_hp_per_floor":[75,75,75,64,64,71,71,71,71,71,75,60,60,58,58,32,75,69,69],"gold":254,"neow_bonus":"THREE_ENEMY_KILL","is_daily":false,"chose_seed":false,"campfire_upgraded":3,"win_rate":0.0,"timestamp":1611231212,"path_taken":["M","?","?","?","M","E","$","R","T","R","M","E","?","M","R","BOSS","M"],"items_purchased_type":["Relic"],"build_version":"2020-12-22","purchased_purges":0,"victory":false,"max_hp_per_floor":[75,75,75,75,75,75,75,75,75,75,75,75,75,75,75,75,75,75,75],"card_choices":[{"not_picked":["Compile Driver","Sweeping Beam"],"picked":"Stack","floor":1.0},{"not_picked":["Gash","Rebound"],"picked":"Self Repair","floor":5.0},{"not_picked":["Cold Snap","Go for the Eyes"],"picked":"Defragment","floor":6.0},{"not_picked":["Rainbow","Doom and Gloom"],"picked":"Streamline","floor":11.0},{"not_picked":["Redo","Fusion"],"picked":"Recycle","floor":12},{"not_picked":["Redo","Barrage","FTL"],"picked":"SKIP","floor":14}],"player_experience":197182,"relics_obtained":[{"floor":6.0,"key":"HornCleat"},{"floor":12,"key":"Toy Ornithopter"},{"floor":13,"key":"Pantograph"}],"event_choices":[{"damage_healed":0.0,"max_hp_gain":0.0,"max_hp_loss":0.0,"gold_gain":0.0,"event_name":"The Cleric","player_choice":"Leave","floor":2.0,"gold_loss":0.0,"damage_taken":0.0},{"damage_healed":0.0,"max_hp_gain":0.0,"max_hp_loss":0.0,"gold_gain":0.0,"event_name":"Living Wall","player_choice":"Grow","floor":3.0,"gold_loss":0.0,"damage_taken":0.0,"cards_upgraded":["Zap"]},{"damage_healed":0.0,"max_hp_gain":0.0,"max_hp_loss":0.0,"gold_gain":75.0,"event_name":"World of Goop","player_choice":"Gather Gold","floor":4.0,"gold_loss":0.0,"damage_taken":11.0}],"is_beta":false,"boss_relics":[{"not_picked":["Snecko Eye","Fusion Hammer"],"picked":"Velvet Choker"}],"items_purged_floors":[],"is_endless":false,"potions_floor_spawned":[12,16],"killed_by":"Shell Parasite","ascension_level":1}}