{"host":"zxkjcgzis4pm3za5","time":1611254787,"event":{"mods":["AchievementEnabler","Act Like it!","BaseMod","Colored Map","Colored Powertips","Friendly Minions","GifTheSpireLib","Minty Spire (QoL Compilation)","Quick Restart","RNG Fix","Random Character Button","Relic Sorter","Relic Stats","StSLib"],"gold_per_floor":[116,132,282,207,39,39,39,49,49,49,79,96,127,137,137,137,137],"floor_reached":16,"language":"ENG","playtime":330,"items_purged":[],"score":288,"play_id":"104fa166-5e1c-4a55-8abd-22d1583fd320","local_time":"20210122001627","is_ascension_mode":true,"campfire_choices":[{"data":"Electrodynamics","floor":6,"key":"SMITH"},{"data":"Thunder Strike","floor":10,"key":"SMITH"},{"data":"Zap","floor":15,"key":"SMITH"}],"circlet_count":0,"master_deck":["AscendersBane","Strike_B","Strike_B","Strike_B","Strike_B","Defend_B","Defend_B","Defend_B","Defend_B","Zap+1","Dualcast","Thunder Strike+1","Beam Cell","Undo","Electrodynamics+1","Ball Lightning","Melter","Conserve Battery"],"relics":["Cracked Core","Art of War","Du-Vu Doll","Omamori"],"acts_visited":["Exordium"],"potions_floor_usage":[11,14],"damage_taken":[{"damage":2,"enemies":"Small Slimes","floor":1,"turns":3},{"damage":14,"enemies":"Jaw Worm","floor":2,"turns":3},{"damage":1,"enemies":"Cultist","floor":8,"turns":3},{"damage":5,"enemies":"3 Sentries","floor":11,"turns":4},{"damage":0,"enemies":"3 Louse","floor":12,"turns":1},{"damage":16,"enemies":"Gremlin Nob","floor":13,"turns":3},{"damage":5,"enemies":"Lots of Slimes","floor":14,"turns":3},{"damage":26,"enemies":"The Guardian","floor":16,"turns":5}],"seed_played":"887215419668543411","potions_obtained":[{"floor":2,"key":"SpeedPotion"},{"floor":13,"key":"SkillPotion"}],"is_trial":false,"path_per_floor":["M","M","?","?","$","R","?","M","T","R","E","M","E","M","R","B"],"character_chosen":"DEFECT","items_purchased":["Electrodynamics"],"campfire_rested":0,"item_purchase_floors":[5],"current_hp_per_floor":[62,48,48,48,48,48,53,52,52,52,47,47,31,26,26,0,0],"gold":137,"neow_bonus":"ONE_RANDOM_RARE_CARD","is_daily":false,"chose_seed":false,"campfire_upgraded":3,"win_rate":0.0,"timestamp":1611254787,"path_taken":["M","M","?","?","$","R","?","M","T","R","E","M","E","M","R","BOSS"],"items_purchased_type":["Card"],"build_version":"2020-12-22","purchased_purges":0,"victory":false,"max_hp_per_floor":[71,71,71,71,71,71,76,76,76,76,76,76,76,76,76,76,76],"relic_stats":{"counters":[8,25],"Art of War":[4],"obtain_stats":[{"Du-Vu Doll":11,"Art of War":9,"Omamori":13,"Cracked Core":0},{"Du-Vu Doll":4,"Art of War":3,"Omamori":6,"Cracked Core":0},{"Du-Vu Doll":13,"Art of War":9,"Omamori":17,"Cracked Core":0}]},"card_choices":[{"not_picked":["Gash","Compile Driver"],"picked":"Beam Cell","floor":1},{"not_picked":["Darkness","Hologram"],"picked":"Undo","floor":2},{"not_picked":["Beam Cell","Compile Driver","Barrage"],"picked":"SKIP","floor":8},{"not_picked":["Reprogram","Turbo"],"picked":"Ball Lightning","floor":11},{"not_picked":["Sweeping Beam","Compile Driver","Coolheaded"],"picked":"SKIP","floor":12},{"not_picked":["Fusion","Barrage"],"picked":"Melter","floor":13},{"not_picked":["Beam Cell","Redo"],"picked":"Conserve Battery","floor":14}],"player_experience":251494,"relics_obtained":[{"floor":9,"key":"Art of War"},{"floor":11,"key":"Du-Vu Doll"},{"floor":13,"key":"Omamori"}],"event_choices":[{"damage_healed":0,"gold_gain":150,"player_choice":"AGREE","damage_taken":0,"max_hp_gain":0,"max_hp_loss":0,"event_name":"Liars Game","floor":3,"gold_loss":0,"cards_obtained":["Doubt"]},{"cards_removed":["Doubt"],"damage_healed":0,"gold_gain":0,"player_choice":"Card Removal","damage_taken":0,"max_hp_gain":0,"max_hp_loss":0,"event_name":"The Cleric","floor":4,"gold_loss":75},{"damage_healed":0,"gold_gain":0,"player_choice":"Donut","damage_taken":0,"max_hp_gain":5,"max_hp_loss":0,"event_name":"Big Fish","floor":7,"gold_loss":0}],"is_beta":false,"boss_relics":[],"items_purged_floors":[],"is_endless":false,"potions_floor_spawned":[2,13],"killed_by":"The Guardian","ascension_level":16}}