{"host":"50per11302020","time":1611215964,"event":{"mods":["AchievementEnabler","BaseMod","Colored Map","Minty Spire (QoL Compilation)","Relic Stats","StSLib"],"gold_per_floor":[362,362,416,229,229,264,264,296,377,377,403,419,430,145,145,248,248,260,175,175,190,190,190,216,216,216,232,258,273,37,50,50,150,150,166,179,179,179,232,232,249,283,349,389,144,172,188,216,216,216,216,216,35,60,60],"floor_reached":56,"language":"ENG","playtime":6865,"items_purged":["Strike_R"],"score":2050,"play_id":"960bb981-5d7f-4dfd-8b8f-6c6c1cf67439","local_time":"20210120235924","is_ascension_mode":true,"campfire_choices":[{"floor":7.0,"key":"REST"},{"floor":10.0,"key":"REST"},{"data":"True Grit","floor":15.0,"key":"SMITH"},{"floor":23.0,"key":"RECALL"},{"floor":25.0,"key":"REST"},{"floor":32.0,"key":"REST"},{"floor":40.0,"key":"REST"},{"floor":49,"key":"REST"},{"floor":52,"key":"REST"}],"circlet_count":0,"master_deck":["Strike_R","Strike_R","Defend_R","Defend_R","Defend_R","Defend_R","Bash","Cleave","Evolve","Rage","Shrug It Off","True Grit+1","Burning Pact","Dark Embrace","True Grit","Blind","Corruption","Bloodletting+1","Shrug It Off","Bludgeon","Warcry","Spot Weakness+1","True Grit","Spot Weakness+1","Feel No Pain","Reaper","Flex","Barricade","Seeing Red","Thunderclap","Madness","Madness","Armaments+1","Havoc+1","Armaments+1","Corruption","Seeing Red+1","Fiend Fire","Purity","Ghostly Armor","Armaments"],"relics":["Burning Blood","Pen Nib","Oddly Smooth Stone","Dead Branch","Paper Frog","Odd Mushroom","Frozen Eye","Fusion Hammer","Bag of Marbles","FossilizedHelix","Ice Cream","White Beast Statue","Nunchaku","Black Star","Thread and Needle","Magic Flower","MawBank","Letter Opener","StoneCalendar","DollysMirror","Incense Burner","Bottled Lightning","Anchor","Self Forming Clay","Kunai","Red Skull"],"acts_visited":["Exordium","TheCity","TheBeyond","TheEnding"],"potions_floor_usage":[42,47,54,55],"damage_taken":[{"damage":10.0,"enemies":"Small Slimes","floor":1.0,"turns":4.0},{"damage":33.0,"enemies":"Gremlin Nob","floor":6.0,"turns":5.0},{"damage":23.0,"enemies":"3 Sentries","floor":8.0,"turns":8.0},{"damage":15.0,"enemies":"The Mushroom Lair","floor":11.0,"turns":4.0},{"damage":0.0,"enemies":"Jaw Worm","floor":12.0,"turns":4.0},{"damage":0.0,"enemies":"2 Louse","floor":13.0,"turns":2.0},{"damage":42.0,"enemies":"Hexaghost","floor":16.0,"turns":9.0},{"damage":0.0,"enemies":"2 Thieves","floor":18.0,"turns":2.0},{"damage":0.0,"enemies":"Chosen","floor":21.0,"turns":2.0},{"damage":0.0,"enemies":"Gremlin Leader","floor":24.0,"turns":5.0},{"damage":8.0,"enemies":"Shelled Parasite and Fungi","floor":27.0,"turns":4.0},{"damage":6.0,"enemies":"Book of Stabbing","floor":28.0,"turns":4.0},{"damage":9.0,"enemies":"Centurion and Healer","floor":29.0,"turns":4.0},{"damage":0.0,"enemies":"Snake Plant","floor":31.0,"turns":4.0},{"damage":16.0,"enemies":"Automaton","floor":33.0,"turns":6.0},{"damage":14.0,"enemies":"3 Darklings","floor":35.0,"turns":5.0},{"damage":7.0,"enemies":"3 Shapes","floor":36.0,"turns":3.0},{"damage":27.0,"enemies":"2 Orb Walkers","floor":39.0,"turns":4.0},{"damage":0,"enemies":"Sphere and 2 Shapes","floor":41,"turns":3},{"damage":9,"enemies":"Reptomancer","floor":42,"turns":5},{"damage":9,"enemies":"Giant Head","floor":44,"turns":6},{"damage":0,"enemies":"Reptomancer","floor":46,"turns":2},{"damage":12,"enemies":"Maw","floor":47,"turns":4},{"damage":0,"enemies":"Nemesis","floor":48,"turns":5},{"damage":4,"enemies":"Donu and Deca","floor":50,"turns":7},{"damage":9,"enemies":"Shield and Spear","floor":54,"turns":5},{"damage":15,"enemies":"The Heart","floor":55,"turns":6}],"seed_played":"-5393348187180312661","potions_obtained":[{"floor":1.0,"key":"LiquidBronze"},{"floor":12.0,"key":"ElixirPotion"},{"floor":16.0,"key":"Explosive Potion"},{"floor":18.0,"key":"Dexterity Potion"},{"floor":24.0,"key":"LiquidMemories"},{"floor":27.0,"key":"PowerPotion"},{"floor":28.0,"key":"AttackPotion"},{"floor":29.0,"key":"BloodPotion"},{"floor":33.0,"key":"SmokeBomb"},{"floor":39.0,"key":"Fruit Juice"},{"floor":41,"key":"DistilledChaos"},{"floor":42,"key":"FearPotion"},{"floor":47,"key":"PowerPotion"},{"floor":48,"key":"Fire Potion"},{"floor":54,"key":"ElixirPotion"}],"is_trial":false,"path_per_floor":["M","?","T","$","?","E","R","E","T","R","?","M","M","$","R","B",null,"M","?","T","M","?","R","E","R","T","M","E","M","$","M","R","B",null,"M","M","?","$","?","R","M","E","T","E","$","E","M","E","R","B",null,"R","$","E","B",null],"character_chosen":"IRONCLAD","items_purchased":["Evolve","Rage","True Grit","Frozen Eye","Blind","Feel No Pain","Reaper","DollysMirror","FairyPotion","Purity","Ghostly Armor","Armaments"],"campfire_rested":7,"item_purchase_floors":[4,4,14,14,14,30,30,45,45,53,53,53],"current_hp_per_floor":[68,68,68,68,68,41,65,48,48,72,63,69,75,75,75,39,70,76,76,76,80,80,80,80,80,80,78,78,75,75,80,80,80,80,80,79,69,69,80,80,80,77,77,80,80,80,85,85,85,85,85,85,85,85,79],"gold":60,"neow_bonus":"TWO_FIFTY_GOLD","is_daily":false,"chose_seed":false,"campfire_upgraded":1,"win_rate":0.0,"timestamp":1611215964,"path_taken":["M","?","?","$","?","E","R","E","T","R","?","M","M","$","R","BOSS","M","?","?","M","?","R","E","R","T","M","E","M","$","M","R","BOSS","M","M","?","$","?","R","M","E","T","E","$","E","M","E","R","BOSS","R","$","E","BOSS"],"items_purchased_type":["Card","Card","Card","Relic","Card","Card","Card","Relic","Potion","Card","Card","Card"],"build_version":"2020-12-18","purchased_purges":1,"victory":true,"max_hp_per_floor":[80,80,80,80,80,80,80,80,80,80,80,80,80,80,80,80,80,80,80,80,80,80,80,80,80,80,80,80,80,80,80,80,80,80,80,80,80,80,80,80,80,80,80,80,80,80,85,85,85,85,85,85,85,85,85],"relic_stats":{"counters":[27,122],"Self Forming Clay":[33],"Dead Branch":[607],"Magic Flower":[7],"StoneCalendar":[2],"Pen Nib":[20],"Letter Opener":[333],"MawBank":36,"Burning Blood":100,"Nunchaku":[12],"Black Star":5,"Kunai":[4],"obtain_stats":[{"Ice Cream":24,"Magic Flower":42,"StoneCalendar":44,"Incense Burner":46,"Burning Blood":0,"Frozen Eye":14,"Nunchaku":28,"DollysMirror":45,"Fusion Hammer":17,"Kunai":54,"Red Skull":54,"Paper Frog":9,"Self Forming Clay":48,"Dead Branch":8,"Oddly Smooth Stone":6,"Thread and Needle":39,"Pen Nib":3,"Letter Opener":44,"Odd Mushroom":11,"MawBank":42,"White Beast Statue":26,"Anchor":48,"Bag of Marbles":19,"Black Star":34,"Bottled Lightning":46,"FossilizedHelix":20},{"Ice Cream":10,"Magic Flower":20,"StoneCalendar":21,"Incense Burner":22,"Burning Blood":0,"Frozen Eye":6,"Nunchaku":12,"DollysMirror":21,"Fusion Hammer":7,"Kunai":26,"Red Skull":26,"Paper Frog":3,"Self Forming Clay":24,"Dead Branch":3,"Oddly Smooth Stone":2,"Thread and Needle":18,"Pen Nib":1,"Letter Opener":21,"Odd Mushroom":4,"MawBank":20,"White Beast Statue":10,"Anchor":24,"Bag of Marbles":8,"Black Star":15,"Bottled Lightning":22,"FossilizedHelix":8},{"Ice Cream":45,"Magic Flower":87,"StoneCalendar":93,"Incense Burner":95,"Burning Blood":0,"Frozen Eye":27,"Nunchaku":53,"DollysMirror":93,"Fusion Hammer":36,"Kunai":116,"Red Skull":116,"Paper Frog":17,"Self Forming Clay":104,"Dead Branch":17,"Oddly Smooth Stone":9,"Thread and Needle":79,"Pen Nib":4,"Letter Opener":93,"Odd Mushroom":21,"MawBank":87,"White Beast Statue":45,"Anchor":104,"Bag of Marbles":38,"Black Star":67,"Bottled Lightning":95,"FossilizedHelix":38}]},"card_choices":[{"not_picked":["Warcry","Metallicize"],"picked":"Cleave","floor":1.0},{"not_picked":["Carnage","Dropkick"],"picked":"Shrug It Off","floor":6.0},{"not_picked":["Flex","Dropkick"],"picked":"True Grit","floor":8.0},{"not_picked":["Havoc","Shrug It Off"],"picked":"Burning Pact","floor":11.0},{"not_picked":["Anger","Clothesline","Perfected Strike"],"picked":"SKIP","floor":12.0},{"not_picked":["Armaments","Whirlwind"],"picked":"Dark Embrace","floor":13.0},{"not_picked":["Feed","Juggernaut"],"picked":"Corruption","floor":16.0},{"not_picked":["Rampage","Anger","Fire Breathing"],"picked":"SKIP","floor":18.0},{"not_picked":["Second Wind","Power Through+1"],"picked":"Bloodletting+1","floor":21.0},{"not_picked":["Blood for Blood","Thunderclap"],"picked":"Warcry","floor":24.0},{"not_picked":["Power Through","Thunderclap"],"picked":"Spot Weakness+1","floor":27.0},{"not_picked":["Twin Strike","Perfected Strike"],"picked":"True Grit","floor":28.0},{"not_picked":["Fire Breathing","Body Slam"],"picked":"Spot Weakness+1","floor":29.0},{"not_picked":["Dark Embrace","Thunderclap"],"picked":"Flex","floor":31.0},{"not_picked":["Bludgeon","Offering"],"picked":"Barricade","floor":33.0},{"not_picked":["Blood for Blood+1","Rupture"],"picked":"Seeing Red","floor":35.0},{"not_picked":["Flex","Havoc+1"],"picked":"Thunderclap","floor":36.0},{"not_picked":["Bloodletting+1","Twin Strike+1"],"picked":"Armaments+1","floor":39.0},{"not_picked":["Cleave+1","Iron Wave+1"],"picked":"Havoc+1","floor":41},{"not_picked":["Metallicize","Twin Strike","Heavy Blade"],"picked":"SKIP","floor":42},{"not_picked":["Brutality","Anger+1"],"picked":"Armaments+1","floor":44},{"not_picked":["Clash","Wild Strike","Pommel Strike"],"picked":"SKIP","floor":46},{"not_picked":["Armaments","Cleave+1"],"picked":"Seeing Red+1","floor":47},{"not_picked":["Perfected Strike","Iron Wave+1"],"picked":"Fiend Fire","floor":48},{"not_picked":["Wild Strike+1","Rampage","Iron Wave+1"],"picked":"SKIP","floor":54}],"player_experience":295246,"relics_obtained":[{"floor":3.0,"key":"Pen Nib"},{"floor":6.0,"key":"Oddly Smooth Stone"},{"floor":8.0,"key":"Dead Branch"},{"floor":9.0,"key":"Paper Frog"},{"floor":11.0,"key":"Odd Mushroom"},{"floor":20.0,"key":"FossilizedHelix"},{"floor":24.0,"key":"Ice Cream"},{"floor":26.0,"key":"White Beast Statue"},{"floor":28.0,"key":"Nunchaku"},{"floor":39.0,"key":"Thread and Needle"},{"floor":42,"key":"Magic Flower"},{"floor":42,"key":"MawBank"},{"floor":44,"key":"Letter Opener"},{"floor":44,"key":"StoneCalendar"},{"floor":46,"key":"Incense Burner"},{"floor":46,"key":"Bottled Lightning"},{"floor":48,"key":"Anchor"},{"floor":48,"key":"Self Forming Clay"},{"floor":54,"key":"Kunai"},{"floor":54,"key":"Red Skull"}],"event_choices":[{"cards_removed":["Normality"],"damage_healed":0.0,"max_hp_gain":0.0,"max_hp_loss":0.0,"gold_gain":0.0,"event_name":"Living Wall","player_choice":"Forget","floor":2.0,"gold_loss":0.0,"damage_taken":0.0},{"damage_healed":0.0,"max_hp_gain":0.0,"max_hp_loss":0.0,"gold_gain":0.0,"event_name":"Liars Game","player_choice":"Ignored","floor":5.0,"gold_loss":0.0,"damage_taken":0.0},{"damage_healed":0.0,"max_hp_gain":0.0,"max_hp_loss":0.0,"gold_gain":0.0,"event_name":"Mushrooms","player_choice":"Fought Mushrooms","floor":11.0,"gold_loss":0.0,"damage_taken":0.0},{"damage_healed":0.0,"max_hp_gain":0.0,"max_hp_loss":0.0,"gold_gain":0.0,"event_name":"Addict","player_choice":"Obtained Relic","floor":19.0,"gold_loss":85.0,"damage_taken":0.0,"relics_obtained":["Bag of Marbles"]},{"damage_healed":0.0,"max_hp_gain":0.0,"max_hp_loss":0.0,"gold_gain":0.0,"cards_transformed":["Strike_R","Strike_R"],"event_name":"Drug Dealer","player_choice":"Became Test Subject","floor":22.0,"gold_loss":0.0,"damage_taken":0.0,"cards_obtained":["Shrug It Off","Bludgeon"]},{"damage_healed":0.0,"max_hp_gain":0.0,"max_hp_loss":0.0,"gold_gain":0.0,"event_name":"Winding Halls","player_choice":"Embrace Madness","floor":37.0,"gold_loss":0.0,"damage_taken":10.0,"cards_obtained":["Madness","Madness"]},{"damage_healed":0.0,"max_hp_gain":0.0,"max_hp_loss":0.0,"gold_gain":0.0,"event_name":"Mysterious Sphere","player_choice":"Fight","floor":39.0,"gold_loss":0.0,"damage_taken":0.0}],"is_beta":true,"boss_relics":[{"not_picked":["Coffee Dripper","Busted Crown"],"picked":"Fusion Hammer"},{"not_picked":["Calling Bell","Runic Pyramid"],"picked":"Black Star"}],"items_purged_floors":[4],"is_endless":false,"potions_floor_spawned":[1,12,16,18,24,27,28,29,31,33,35,36,39,41,42,44,46,47,48,54],"ascension_level":7}}