{"host":"zxkjcgzis4pm3za5","time":1611252284,"event":{"mods":["AchievementEnabler","Act Like it!","BaseMod","Colored Map","Colored Powertips","Friendly Minions","GifTheSpireLib","Minty Spire (QoL Compilation)","Quick Restart","RNG Fix","Random Character Button","Relic Sorter","Relic Stats","StSLib"],"gold_per_floor":[13,31,48,48,73,111,111,144,144,144,144,144,69,94,94,184,184,209,229,243,263,188,188,219,240,240,22,22,22],"floor_reached":28,"language":"ENG","playtime":892,"items_purged":["Strike_B","Strike_B"],"score":468,"play_id":"7c03060d-586a-4f97-aecd-9e7440c65e20","local_time":"20210121233444","is_ascension_mode":true,"campfire_choices":[{"data":"Consume","floor":7,"key":"SMITH"},{"floor":11,"key":"REST"},{"data":"Reboot","floor":15,"key":"SMITH"},{"floor":23,"key":"REST"}],"circlet_count":0,"master_deck":["AscendersBane","Strike_B","Defend_B","Defend_B","Defend_B","Defend_B","Zap","Dualcast","Glacier","Consume+1","Sweeping Beam","Conserve Battery","Leap","Reboot+1","Ball Lightning","Biased Cognition","Cold Snap","Loop","Static Discharge","Coolheaded","FTL"],"relics":["Cracked Core","Emotion Chip","Golden Idol","Cables","Bag of Marbles","Turnip","Philosopher\u0027s Stone","Mummified Hand","Blue Candle","Membership Card"],"acts_visited":["Exordium","TheCity"],"potions_floor_usage":[5,6,10,19,24,28],"damage_taken":[{"damage":4.0,"enemies":"Jaw Worm","floor":1.0,"turns":3.0},{"damage":0.0,"enemies":"2 Louse","floor":2.0,"turns":2.0},{"damage":0.0,"enemies":"Small Slimes","floor":3.0,"turns":3.0},{"damage":10,"enemies":"3 Louse","floor":5,"turns":4},{"damage":5,"enemies":"3 Sentries","floor":6,"turns":8},{"damage":25,"enemies":"Lagavulin","floor":8,"turns":7},{"damage":0,"enemies":"Gremlin Nob","floor":10,"turns":1},{"damage":9,"enemies":"Large Slime","floor":14,"turns":9},{"damage":20,"enemies":"Hexaghost","floor":16,"turns":10},{"damage":17,"enemies":"2 Thieves","floor":18,"turns":3},{"damage":15,"enemies":"3 Byrds","floor":19,"turns":2},{"damage":3,"enemies":"3 Cultists","floor":20,"turns":6},{"damage":3,"enemies":"Snecko","floor":21,"turns":5},{"damage":23,"enemies":"Gremlin Leader","floor":24,"turns":4},{"damage":10,"enemies":"Chosen and Byrds","floor":25,"turns":6},{"damage":10,"enemies":"Slavers","floor":28,"turns":1}],"seed_played":"-1064299493769278832","potions_obtained":[{"floor":2.0,"key":"SmokeBomb"},{"floor":3.0,"key":"SkillPotion"},{"floor":5,"key":"AttackPotion"},{"floor":14,"key":"LiquidBronze"},{"floor":21,"key":"AttackPotion"},{"floor":24,"key":"PotionOfCapacity"},{"floor":25,"key":"GamblersBrew"}],"is_trial":false,"path_per_floor":["M","M","M","?","M","E","R","E","T","E","R","?","$","M","R","B",null,"M","M","M","M","?","R","E","M","T","$","E"],"character_chosen":"DEFECT","items_purchased":["Membership Card"],"campfire_rested":2,"item_purchase_floors":[27],"current_hp_per_floor":[60,60,60,60,50,45,45,20,20,20,39,44,44,35,35,15,56,39,24,21,18,18,38,15,5,5,5,0,0],"gold":22,"neow_bonus":"ONE_RARE_RELIC","is_daily":false,"chose_seed":false,"campfire_upgraded":2,"win_rate":0.0,"timestamp":1611252284,"path_taken":["M","M","M","?","?","E","R","E","T","E","R","?","$","M","R","BOSS","M","M","?","M","?","R","E","M","T","$","E"],"items_purchased_type":["Relic"],"build_version":"2020-12-22","purchased_purges":2,"victory":false,"max_hp_per_floor":[71,71,71,64,64,64,64,64,64,64,64,69,69,69,69,69,69,69,69,69,69,69,69,69,69,69,69,69,69],"relic_stats":{"Emotion Chip":[36,28,8,0,0],"counters":[16,74],"Golden Idol":78,"Mummified Hand":[3],"Blue Candle":[0],"Turnip":[0],"obtain_stats":[{"Emotion Chip":0,"Golden Idol":4,"Mummified Hand":24,"Blue Candle":26,"Philosopher\u0027s Stone":17,"Turnip":9,"Bag of Marbles":8,"Membership Card":27,"Cracked Core":0,"Cables":6},{"Emotion Chip":0,"Golden Idol":3,"Mummified Hand":14,"Blue Candle":15,"Philosopher\u0027s Stone":9,"Turnip":6,"Bag of Marbles":6,"Membership Card":15,"Cracked Core":0,"Cables":5},{"Emotion Chip":0,"Golden Idol":8,"Mummified Hand":67,"Blue Candle":73,"Philosopher\u0027s Stone":47,"Turnip":27,"Bag of Marbles":27,"Membership Card":73,"Cracked Core":0,"Cables":20}],"Cables":[56,35,21,0,0]},"card_choices":[{"not_picked":["Sweeping Beam","Ball Lightning"],"picked":"Glacier","floor":1.0},{"not_picked":["Sweeping Beam","Chill"],"picked":"Consume","floor":2.0},{"not_picked":["Redo","Chill"],"picked":"Sweeping Beam","floor":3.0},{"not_picked":["Undo","Gash"],"picked":"Conserve Battery","floor":5},{"not_picked":["Reinforced Body","Recycle"],"picked":"Leap","floor":6},{"not_picked":["Scrape","Ball Lightning"],"picked":"Reboot","floor":8},{"not_picked":["Steam","Cold Snap"],"picked":"Ball Lightning","floor":14},{"not_picked":["Seek","Amplify"],"picked":"Biased Cognition","floor":16},{"not_picked":["Ball Lightning","Sweeping Beam+1"],"picked":"Cold Snap","floor":18},{"not_picked":["Go for the Eyes","Streamline","Turbo"],"picked":"SKIP","floor":19},{"not_picked":["Coolheaded","Sweeping Beam"],"picked":"Loop","floor":20},{"not_picked":["Genetic Algorithm","Barrage"],"picked":"Static Discharge","floor":21},{"not_picked":["Go for the Eyes","Steam+1"],"picked":"Coolheaded","floor":24},{"not_picked":["Steam Power","Beam Cell"],"picked":"FTL","floor":25}],"player_experience":248519,"relics_obtained":[{"floor":6,"key":"Cables"},{"floor":8,"key":"Bag of Marbles"},{"floor":9,"key":"Turnip"},{"floor":24,"key":"Mummified Hand"},{"floor":26,"key":"Blue Candle"}],"event_choices":[{"damage_healed":0.0,"max_hp_gain":0.0,"max_hp_loss":7.0,"gold_gain":0.0,"event_name":"Golden Idol","player_choice":"Lose Max HP","floor":4.0,"gold_loss":0.0,"damage_taken":0.0,"relics_obtained":["Golden Idol"]},{"damage_healed":0,"gold_gain":0,"player_choice":"Donut","damage_taken":0,"max_hp_gain":5,"max_hp_loss":0,"event_name":"Big Fish","floor":12,"gold_loss":0},{"cards_removed":["Strike_B"],"damage_healed":0,"gold_gain":0,"player_choice":"Gave Gold","damage_taken":0,"max_hp_gain":0,"max_hp_loss":0,"event_name":"Beggar","floor":22,"gold_loss":75}],"is_beta":false,"boss_relics":[{"not_picked":["Busted Crown","Cursed Key"],"picked":"Philosopher\u0027s Stone"}],"items_purged_floors":[13,27],"is_endless":false,"potions_floor_spawned":[2,3,5,14,21,24,25],"killed_by":"Slavers","ascension_level":16}}