{"host":"01zlfwcom1iikb23","time":1611233804,"event":{"mods":["ATMod(∞¢Ë™Mod)","Act Like it!","Ascension Reborn","BaseMod","BetterRewards","Colored Powertips","Gensokyo","Infinite Spire","Koishi","Marisa£®ÏF”Í°°ƒß¿Ì…≥£©","Minty Spire (QoL Compilation)","MostiFishMod","Quick Restart","Rare Cards Sparkle","Reimu£®≤©¿ˆ¡È√Œ£©","Relic Stats","Remilia£®¿Ÿ√◊¿Ú—«£©","Replay The Spire","Shop Mod","Spicy Shops","StSLib","Td1madao Mod","TestMod","The Animator","UnlockEverythingMod","WarShipGirlsR/’ΩΩ¢…Ÿ≈ÆR mod","Yakumo Yukari mod","[IsaacMod]“‘»ˆº‚À˛","vexMod","°æ“≈ŒÔø®≈∆°øREMEMod"],"gold_per_floor":[-1290,-1290,-1290,-1264,-989,-989,-954,-954,-930,-920,-920,-910,-910,-897,-897,-768,-768,-754,-654,-404,-389,-389,-389,-360,-360,-360,50,150,120,148,158,158,259,259,474,524,524,535,546,580,595,625,625,645,728,757,777,791,791,791,791,791,791,822,471],"floor_reached":56,"language":"ZHS","playtime":1660,"items_purged":["Regret"],"score":1683,"play_id":"9f8e8c27-1ea0-4e9b-8f47-6e1b464ad15b","local_time":"20210121075644","is_ascension_mode":true,"campfire_choices":[{"data":"MasterSpark","floor":6,"key":"SMITH"},{"floor":8,"key":"RECALL"},{"data":"Strike_MRS","floor":11,"key":"SMITH"},{"data":"Strike_MRS","floor":15,"key":"SMITH"},{"data":"CollectingQuirk","floor":23,"key":"SMITH"},{"floor":32,"key":"DIG"},{"floor":49,"key":"REST"},{"floor":52,"key":"REST"}],"circlet_count":0,"master_deck":["Strike_MRS+1","Strike_MRS+1","Strike_MRS+1","Strike_MRS+1","Defend_MRS+1","Defend_MRS+1","Defend_MRS+1","Defend_MRS+1","MasterSpark+1","UpSweep+1","AT_DarkMatter+1","CollectingQuirk+1","Parasite","Parasite"],"relics":["MiniHakkero","testmod-TestBox","HushsDoor","DaveBox","AT_ATBox","REME_ComplimentaryCards","MoneyPower","testmod-D®¶j®§vu","SynthV:MejaisSoulstealer","NeowsBlessing","SynthV:TestCard","Boot","infinitespire:Lucky Rock","Blood Vial","PatriotShield","testmod-Maize","infinitespire:Magic Flask","Replay:WaspNest","infinitespire:FocusingShard","GnawedLeaf","Dream Catcher","Replay:PocketPolymizer","ReplayTheSpireMod:Shallot","HaiYi:Twilight","CatCart","TuHaoJin","infinitespire:BottledMercury","ShroomBag"],"acts_visited":["Exordium","Exordium","TheBeyond","TheEnding"],"potions_floor_usage":[16,37,37,55,55,55],"damage_taken":[{"damage":0.0,"enemies":"Jaw Worm","floor":1.0,"turns":1.0},{"damage":0,"enemies":"Lagavulin","floor":7,"turns":2},{"damage":0,"enemies":"Small Slimes","floor":10,"turns":2},{"damage":0,"enemies":"2 Louse","floor":12,"turns":2},{"damage":2,"enemies":"Blue Slaver","floor":14,"turns":3},{"damage":27,"enemies":"Hexaghost","floor":16,"turns":6},{"damage":0,"enemies":"Gensokyo:AngelMirror","floor":18,"turns":1},{"damage":1,"enemies":"Gensokyo:AngelMirror","floor":19,"turns":5},{"damage":0,"enemies":"Gensokyo:3_Dogs","floor":21,"turns":2},{"damage":0,"enemies":"Gensokyo:Reisen","floor":24,"turns":2},{"damage":0,"enemies":"Hiden Room Battle","floor":27,"turns":3},{"damage":0,"enemies":"Gensokyo:Koishi","floor":30,"turns":1},{"damage":0,"enemies":"Gensokyo:Chomper_and_Gloop","floor":31,"turns":2},{"damage":6,"enemies":"Gensokyo:Eternal_Rivals","floor":33,"turns":2},{"damage":0,"enemies":"Orb Walker","floor":35,"turns":2},{"damage":0,"enemies":"Orin","floor":36,"turns":3},{"damage":0,"enemies":"Orin","floor":37,"turns":2},{"damage":6,"enemies":"3 Shapes","floor":38,"turns":1},{"damage":0,"enemies":"Jaw Worm Horde","floor":39,"turns":1},{"damage":0,"enemies":"Giant Head","floor":40,"turns":2},{"damage":0,"enemies":"4 Shapes","floor":41,"turns":2},{"damage":0,"enemies":"Nemesis","floor":42,"turns":3},{"damage":0,"enemies":"Maw","floor":44,"turns":2},{"damage":0,"enemies":"R_Hoarder","floor":46,"turns":2},{"damage":0,"enemies":"Jaw Worm Horde","floor":47,"turns":2},{"damage":0,"enemies":"4 Shapes","floor":48,"turns":2},{"damage":0,"enemies":"Donu and Deca","floor":50,"turns":3},{"damage":0,"enemies":"Shield and Spear","floor":54,"turns":2},{"damage":0,"enemies":"The Heart","floor":55,"turns":4}],"seed_played":"8254855380647586175","potions_obtained":[{"floor":1.0,"key":"REME_GoldPotion"},{"floor":12,"key":"Languid Potion"},{"floor":16,"key":"FearPotion"},{"floor":19,"key":"Toxic Potion"},{"floor":24,"key":"Ancient Potion"},{"floor":38,"key":"Toxic Potion"},{"floor":44,"key":"BlessingOfTheForge"}],"is_trial":false,"path_per_floor":["M","?","?","T","?","R","E","R","T","M","R","M","T","M","R","B",null,"M","?","?","M","AVR","R","E","$","T","?","?","COS","E","M","R","B",null,"M","?","?","M","M","E","M","E","T","M","?","E","M","M","R","B",null,"R","$","E","B",null],"character_chosen":"MARISA","items_purchased":[],"campfire_rested":2,"item_purchase_floors":[],"current_hp_per_floor":[75,75,75,75,75,75,75,75,75,75,75,75,81,79,79,54,81,81,80,77,77,77,77,77,77,77,77,77,77,77,77,77,71,77,77,77,77,71,73,75,77,77,77,77,62,64,68,74,77,77,77,77,77,77,77],"gold":471,"neow_bonus":"THREE_ENEMY_KILL","is_daily":false,"chose_seed":false,"campfire_upgraded":4,"win_rate":0.0,"timestamp":1611233804,"path_taken":["M","?","?","?","?","R","E","R","T","?","R","M","?","M","R","BOSS","M","?","?","?","AVR","R","E","$","T","?","?","COS","E","M","R","BOSS","M","?","?","M","M","E","M","E","T","M","?","E","M","M","R","BOSS","R","$","E","BOSS"],"items_purchased_type":[],"build_version":"2020-12-22","purchased_purges":1,"victory":true,"max_hp_per_floor":[75,75,75,75,75,75,75,75,75,75,75,75,81,81,81,81,81,81,81,77,77,77,77,77,77,77,77,77,77,77,77,77,77,77,77,77,77,77,77,77,77,77,77,77,77,77,77,77,77,77,77,77,77,77,77],"relic_stats":{"Blood Vial":16,"Dream Catcher":2,"counters":[29,67],"Boot":[42],"obtain_stats":[{"infinitespire:BottledMercury":42,"PatriotShield":17,"AT_ATBox":0,"Replay:PocketPolymizer":30,"DaveBox":0,"GnawedLeaf":27,"Boot":4,"Blood Vial":9,"Frozen Eye":30,"Dream Catcher":27,"Ring of Peace":2,"testmod-D®¶j®§vu":0,"TuHaoJin":40,"KeepersGift":0,"testmod-Maize":19,"testmod-TestBox":0,"SynthV:MejaisSoulstealer":0,"NeowsBlessing":0,"vexMod:BerryBomb":13,"Replay:WaspNest":24,"infinitespire:FocusingShard":26,"MoneyPower":0,"infinitespire:Lucky Rock":7,"infinitespire:Magic Flask":19,"ShroomBag":46,"SynthV:TestCard":1,"ReplayTheSpireMod:Shallot":32,"HaiYi:Twilight":34,"MiniHakkero":0,"CatCart":36,"HushsDoor":0,"REME_ComplimentaryCards":0},{"infinitespire:BottledMercury":22,"PatriotShield":6,"AT_ATBox":0,"Replay:PocketPolymizer":12,"DaveBox":0,"GnawedLeaf":11,"Boot":1,"Blood Vial":2,"Frozen Eye":11,"Dream Catcher":11,"Ring of Peace":1,"testmod-D®¶j®§vu":0,"TuHaoJin":20,"KeepersGift":0,"testmod-Maize":8,"testmod-TestBox":0,"SynthV:MejaisSoulstealer":0,"NeowsBlessing":0,"vexMod:BerryBomb":4,"Replay:WaspNest":10,"infinitespire:FocusingShard":10,"MoneyPower":0,"infinitespire:Lucky Rock":2,"infinitespire:Magic Flask":8,"ShroomBag":24,"SynthV:TestCard":1,"ReplayTheSpireMod:Shallot":13,"HaiYi:Twilight":14,"MiniHakkero":0,"CatCart":16,"HushsDoor":0,"REME_ComplimentaryCards":0},{"infinitespire:BottledMercury":50,"PatriotShield":16,"AT_ATBox":0,"Replay:PocketPolymizer":30,"DaveBox":0,"GnawedLeaf":29,"Boot":1,"Blood Vial":3,"Frozen Eye":29,"Dream Catcher":29,"Ring of Peace":1,"testmod-D®¶j®§vu":0,"TuHaoJin":45,"KeepersGift":0,"testmod-Maize":22,"testmod-TestBox":0,"SynthV:MejaisSoulstealer":0,"NeowsBlessing":0,"vexMod:BerryBomb":7,"Replay:WaspNest":26,"infinitespire:FocusingShard":26,"MoneyPower":0,"infinitespire:Lucky Rock":3,"infinitespire:Magic Flask":22,"ShroomBag":54,"SynthV:TestCard":1,"ReplayTheSpireMod:Shallot":32,"HaiYi:Twilight":34,"MiniHakkero":0,"CatCart":39,"HushsDoor":0,"REME_ComplimentaryCards":0}]},"card_choices":[{"not_picked":[],"picked":"Bomb","floor":0.0},{"not_picked":["GrandCross","ManaRampage","ShootingEcho"],"picked":"SKIP","floor":1.0},{"not_picked":["GravityBeat","NonDirectionalLaser","Occultation","MysteriousBeam","ManaConvection"],"picked":"SKIP","floor":7},{"not_picked":["MeteoricShower","SporeBomb","GasGiant","PulseMagic","PowerUp"],"picked":"SKIP","floor":10},{"not_picked":["MagicChant","GasGiant","OneTimeOff","RefractionSpark","EventHorizon"],"picked":"SKIP","floor":12},{"not_picked":["MilkyWay","6A","Acceleration","GrandCross","PowerUp"],"picked":"SKIP","floor":14},{"not_picked":["TreasureHunter","MaximisePower","EscapeVelocity","BinaryStars"],"picked":"CollectingQuirk","floor":16},{"not_picked":["UnstableBomb","SporeBomb","PowerUp+1","Acceleration","DoubleSpark"],"picked":"SKIP","floor":18},{"not_picked":["6A","GrandCross","GravityBeat","WitchOfGreed","EarthLightRay+1"],"picked":"SKIP","floor":21},{"not_picked":["SuperNova","FinalSpark","MilkyWay","DoubleSpark","WitchLeyline"],"picked":"SKIP","floor":24},{"not_picked":["GalacticHalo","IllusionStar","EarthLightRay","Occultation","DC"],"picked":"SKIP","floor":30},{"not_picked":["OortCloud+1","Acceleration","EarthLightRay","StarlightTyphoon+1","DragonMeteor"],"picked":"SKIP","floor":31},{"not_picked":["6A","OortCloud+1","GrandCross","PulseMagic+1","Robbery"],"picked":"SKIP","floor":35},{"not_picked":["DC+1","DarkMatter+1","GalacticHalo+1","WitchOfGreed","MilkyWay+1"],"picked":"SKIP","floor":38},{"not_picked":["AsteroidBelt+1","DC","OneTimeOff","ShootingEcho","FairyDestructionRay+1"],"picked":"SKIP","floor":39},{"not_picked":["GravityBeat","MilkyWay+1","Acceleration+1","EarthLightRay","UltimateShortwave"],"picked":"SKIP","floor":40},{"not_picked":["ChargeUpSpray+1","MagicChant+1","AsteroidBelt","NonDirectionalLaser","WitchOfGreed+1"],"picked":"SKIP","floor":41},{"not_picked":["EnergyRecoil+1","BlazeAway+1","PowerUp+1","GalacticHalo+1","WitchOfGreed+1"],"picked":"SKIP","floor":42},{"not_picked":["SuperPerseids+1","GrandCross+1","MeteoricShower+1","DarkSpark","UnstableBomb"],"picked":"SKIP","floor":44},{"not_picked":["ChargeUpSpray","GravityBeat+1","PowerUp","OneTimeOff+1","GrandCross"],"picked":"SKIP","floor":46},{"not_picked":["WitchLeyline+1","EnergyFlow","ChargingUp+1","Acceleration+1","DeepEcoloBomb"],"picked":"SKIP","floor":47},{"not_picked":["EventHorizon+1","UnstableBomb+1","OpenUniverse+1","GalacticHalo","FairyDestructionRay"],"picked":"SKIP","floor":48},{"not_picked":["DoubleSpark+1","MagicChant","ShootingEcho+1","SporeBomb","PowerUp"],"picked":"SKIP","floor":54}],"player_experience":259163,"relics_obtained":[{"floor":1.0,"key":"SynthV:TestCard"},{"floor":2,"key":"Ring of Peace"},{"floor":4,"key":"Boot"},{"floor":7,"key":"infinitespire:Lucky Rock"},{"floor":9,"key":"Blood Vial"},{"floor":13,"key":"vexMod:BerryBomb"},{"floor":19,"key":"testmod-Maize"},{"floor":19,"key":"infinitespire:Magic Flask"},{"floor":24,"key":"Replay:WaspNest"},{"floor":26,"key":"infinitespire:FocusingShard"},{"floor":27,"key":"GnawedLeaf"},{"floor":27,"key":"Dream Catcher"},{"floor":30,"key":"Replay:PocketPolymizer"},{"floor":32,"key":"ReplayTheSpireMod:Shallot"},{"floor":36,"key":"CatCart"},{"floor":40,"key":"TuHaoJin"},{"floor":42,"key":"infinitespire:BottledMercury"},{"floor":46,"key":"ShroomBag"}],"event_choices":[{"damage_healed":0,"gold_gain":0,"player_choice":"Grow","damage_taken":0,"max_hp_gain":0,"max_hp_loss":0,"event_name":"Living Wall","floor":3,"gold_loss":0,"cards_upgraded":["UpSweep"]},{"damage_healed":0,"gold_gain":275,"player_choice":"Desecrate","damage_taken":0,"max_hp_gain":0,"max_hp_loss":0,"event_name":"Golden Shrine","floor":5,"gold_loss":0,"cards_obtained":["Regret"]},{"damage_healed":0,"gold_gain":0,"player_choice":"Fight","damage_taken":0,"max_hp_gain":0,"max_hp_loss":0,"event_name":"HidenRoomEvent","floor":27,"gold_loss":0},{"damage_healed":0,"gold_gain":100,"player_choice":"Sell","damage_taken":0,"max_hp_gain":0,"max_hp_loss":0,"event_name":"∂˜¬ÂÀπµƒ≈Ã◊”","floor":28,"relics_lost":["Ring of Peace"],"gold_loss":0},{"damage_healed":0,"gold_gain":0,"player_choice":"Fight","damage_taken":0,"max_hp_gain":0,"max_hp_loss":0,"event_name":"OrinTheCat","floor":36,"gold_loss":0}],"is_beta":false,"boss_relics":[{"not_picked":["OneHitWonderSystem","Replay:Bronze Core"],"picked":"PatriotShield"},{"not_picked":[]},{"not_picked":["Pandora\u0027s Box","Tiny House"],"picked":"HaiYi:Twilight"},{"not_picked":[]}],"items_purged_floors":[22],"is_endless":false,"potions_floor_spawned":[1,12,16,19,24,27,30,36,37,38,44,46,48],"ascension_level":1}}