{"host":"l4kdldlios54gl54","time":1611193120,"event":{"mods":["AchievementEnabler","BaseMod","Colored Map","Colored Powertips","Minty Spire (QoL Compilation)","Random Character Button"],"gold_per_floor":[114,39,39,39,39,39,69,69,137,166,3,22,47,47,47,145,145,168,182,97,140,40,40,64,64,111,111,111,142,158,33,33,126,126,146,165,15,15,36,36,77,77,77,77,101,101,122,122,122,122,122],"floor_reached":50,"language":"ENG","playtime":2036,"items_purged":["Strike_R","Strike_R","Writhe","Defend_R"],"score":1159,"play_id":"4f3f7682-68f7-4206-b2b0-ef7c06ddd45c","local_time":"20210121023840","is_ascension_mode":true,"campfire_choices":[{"data":"Bash","floor":6,"key":"SMITH"},{"data":"Carnage","floor":8,"key":"SMITH"},{"data":"Flame Barrier","floor":15,"key":"SMITH"},{"data":"Berserk","floor":23,"key":"SMITH"},{"floor":27,"key":"REST"},{"floor":32,"key":"REST"},{"data":"Demon Form","floor":40,"key":"SMITH"},{"data":"Power Through","floor":44,"key":"SMITH"},{"floor":46,"key":"REST"},{"data":"Pommel Strike","floor":49,"key":"SMITH"}],"circlet_count":0,"master_deck":["AscendersBane","Defend_R+1","Defend_R+1","Bash+1","Battle Trance+1","Carnage+1","Pommel Strike+1","Flame Barrier+1","Headbutt","Berserk+1","Power Through+1","Spot Weakness+1","Necronomicurse","True Grit+1","Demon Form+1","Writhe","Doubt"],"relics":["Burning Blood","NeowsBlessing","Ginger","Gremlin Horn","Mummified Hand","Akabeko","Odd Mushroom","Golden Idol","Cursed Key","Matryoshka","Red Mask","Necronomicon","War Paint","Red Skull","Bottled Flame","Empty Cage","Blood Vial","Pen Nib","Shuriken","Thread and Needle"],"acts_visited":["Exordium","TheCity","TheBeyond"],"potions_floor_usage":[18],"damage_taken":[{"damage":0,"enemies":"Small Slimes","floor":1,"turns":1},{"damage":0,"enemies":"3 Sentries","floor":7,"turns":2},{"damage":0,"enemies":"Lagavulin","floor":10,"turns":1},{"damage":0,"enemies":"2 Louse","floor":12,"turns":1},{"damage":8,"enemies":"The Mushroom Lair","floor":13,"turns":5},{"damage":38,"enemies":"The Guardian","floor":16,"turns":14},{"damage":9,"enemies":"3 Byrds","floor":18,"turns":4},{"damage":0,"enemies":"Chosen","floor":19,"turns":3},{"damage":4,"enemies":"Masked Bandits","floor":21,"turns":3},{"damage":13,"enemies":"Shelled Parasite and Fungi","floor":24,"turns":5},{"damage":0,"enemies":"Gremlin Leader","floor":29,"turns":5},{"damage":13,"enemies":"Sentry and Sphere","floor":30,"turns":4},{"damage":54,"enemies":"Collector","floor":33,"turns":8},{"damage":0,"enemies":"3 Darklings","floor":35,"turns":5},{"damage":9,"enemies":"3 Shapes","floor":36,"turns":5},{"damage":0,"enemies":"Maw","floor":39,"turns":4},{"damage":14,"enemies":"Giant Head","floor":41,"turns":5},{"damage":25,"enemies":"Jaw Worm Horde","floor":45,"turns":4},{"damage":0,"enemies":"3 Darklings","floor":47,"turns":4},{"damage":85,"enemies":"Donu and Deca","floor":50,"turns":6}],"seed_played":"-4222769451558868993","potions_obtained":[{"floor":1,"key":"Weak Potion"},{"floor":7,"key":"Dexterity Potion"},{"floor":29,"key":"Ancient Potion"}],"is_trial":false,"path_per_floor":["M","?","?","?","?","R","E","R","T","E","$","M","?","?","R","B",null,"M","M","?","?","$","R","M","?","T","R","?","E","M","$","R","B",null,"M","M","$","?","M","R","E","T","T","R","M","R","M","?","R","B"],"character_chosen":"IRONCLAD","items_purchased":["Flame Barrier"],"campfire_rested":3,"item_purchase_floors":[11],"current_hp_per_floor":[74,74,69,62,62,62,68,68,68,74,74,75,73,68,68,36,60,57,63,63,65,65,65,58,37,37,57,51,57,50,50,68,20,56,62,59,59,59,65,65,57,57,57,57,40,60,68,68,68,0,0],"gold":122,"neow_bonus":"THREE_ENEMY_KILL","is_daily":false,"chose_seed":false,"campfire_upgraded":7,"win_rate":0.0,"timestamp":1611193120,"path_taken":["M","?","?","?","?","R","E","R","T","E","$","?","?","?","R","BOSS","M","M","?","?","$","R","M","?","T","R","?","E","?","?","R","BOSS","M","M","$","?","?","R","E","?","T","R","M","R","?","?","R","BOSS"],"items_purchased_type":["Card"],"build_version":"2020-12-22","purchased_purges":4,"victory":false,"max_hp_per_floor":[75,75,75,75,75,75,75,75,75,75,75,75,75,68,68,68,68,68,68,68,68,68,68,68,68,68,68,68,68,68,68,68,68,68,68,68,68,68,68,68,68,68,68,68,68,68,68,68,68,68,68],"card_choices":[{"not_picked":["True Grit","Pummel"],"picked":"Battle Trance","floor":1},{"not_picked":["Warcry","Intimidate"],"picked":"Carnage","floor":7},{"not_picked":["Uppercut","Shrug It Off"],"picked":"Pommel Strike","floor":10},{"not_picked":["Clash","Thunderclap"],"picked":"Headbutt","floor":12},{"not_picked":["Corruption","Bludgeon"],"picked":"Berserk","floor":16},{"not_picked":["Body Slam","Feel No Pain","True Grit"],"picked":"SKIP","floor":18},{"not_picked":["Intimidate","Cleave"],"picked":"Power Through","floor":19},{"not_picked":["Battle Trance","Sword Boomerang"],"picked":"Spot Weakness+1","floor":24},{"not_picked":["Sever Soul","Shockwave"],"picked":"True Grit+1","floor":29},{"not_picked":["Shrug It Off","Warcry","Cleave"],"picked":"SKIP","floor":30},{"not_picked":["Brutality","Exhume"],"picked":"Demon Form","floor":33},{"not_picked":["Cleave","Warcry","Headbutt+1"],"picked":"SKIP","floor":35},{"not_picked":["Dark Embrace","Burning Pact+1","Rupture+1"],"picked":"SKIP","floor":36},{"not_picked":["Headbutt","Sever Soul+1","Flex+1"],"picked":"SKIP","floor":39},{"not_picked":["Headbutt","Sever Soul+1","Flex+1"],"picked":"SKIP","floor":39},{"not_picked":["Metallicize","Iron Wave","True Grit"],"picked":"SKIP","floor":41},{"not_picked":["Whirlwind","Intimidate","Bloodletting"],"picked":"SKIP","floor":45},{"not_picked":["Sever Soul","Seeing Red","Twin Strike"],"picked":"SKIP","floor":47}],"player_experience":884895,"relics_obtained":[{"floor":7,"key":"Gremlin Horn"},{"floor":9,"key":"Mummified Hand"},{"floor":10,"key":"Akabeko"},{"floor":13,"key":"Odd Mushroom"},{"floor":21,"key":"Red Mask"},{"floor":25,"key":"Necronomicon"},{"floor":26,"key":"War Paint"},{"floor":26,"key":"Red Skull"},{"floor":29,"key":"Bottled Flame"},{"floor":41,"key":"Blood Vial"},{"floor":42,"key":"Pen Nib"},{"floor":42,"key":"Shuriken"},{"floor":43,"key":"Thread and Needle"}],"event_choices":[{"cards_removed":["Strike_R"],"damage_healed":0,"gold_gain":0,"player_choice":"Card Removal","damage_taken":0,"max_hp_gain":0,"max_hp_loss":0,"event_name":"The Cleric","floor":2,"gold_loss":75},{"damage_healed":0,"gold_gain":0,"player_choice":"Success","damage_taken":5,"relics_obtained":["Ginger"],"max_hp_gain":0,"max_hp_loss":0,"event_name":"Scrap Ooze","floor":3,"gold_loss":0},{"cards_removed":["Strike_R"],"damage_healed":0,"gold_gain":0,"player_choice":"Card Removal","damage_taken":7,"max_hp_gain":0,"max_hp_loss":0,"event_name":"Golden Wing","floor":4,"gold_loss":0},{"damage_healed":0,"gold_gain":0,"player_choice":"Upgraded","damage_taken":0,"max_hp_gain":0,"max_hp_loss":0,"event_name":"Upgrade Shrine","floor":5,"gold_loss":0,"cards_upgraded":["Battle Trance"]},{"damage_healed":0,"gold_gain":0,"player_choice":"Fought Mushrooms","damage_taken":0,"max_hp_gain":0,"max_hp_loss":0,"event_name":"Mushrooms","floor":13,"gold_loss":0},{"damage_healed":0,"gold_gain":0,"player_choice":"Lose Max HP","damage_taken":0,"relics_obtained":["Golden Idol"],"max_hp_gain":0,"max_hp_loss":7,"event_name":"Golden Idol","floor":14,"gold_loss":0},{"damage_healed":0,"gold_gain":0,"player_choice":"Obtained Relic","damage_taken":0,"relics_obtained":["Matryoshka"],"max_hp_gain":0,"max_hp_loss":0,"event_name":"Addict","floor":20,"gold_loss":85},{"damage_healed":0,"gold_gain":0,"player_choice":"Fought Bandits","damage_taken":0,"max_hp_gain":0,"max_hp_loss":0,"event_name":"Masked Bandits","floor":21,"gold_loss":0},{"damage_healed":0,"gold_gain":0,"player_choice":"Obtained Book","damage_taken":21,"max_hp_gain":0,"max_hp_loss":0,"event_name":"Cursed Tome","floor":25,"gold_loss":0},{"damage_healed":0,"gold_gain":0,"player_choice":"","damage_taken":6,"max_hp_gain":0,"max_hp_loss":0,"event_name":"Knowing Skull","floor":28,"potions_obtained":[],"gold_loss":0,"cards_obtained":[]},{"damage_healed":0,"gold_gain":0,"player_choice":"0 cards matched","damage_taken":0,"max_hp_gain":0,"max_hp_loss":0,"event_name":"Match and Keep!","floor":38,"gold_loss":0,"cards_obtained":[]},{"damage_healed":0,"gold_gain":0,"player_choice":"Ignored","damage_taken":0,"max_hp_gain":0,"max_hp_loss":0,"event_name":"Tomb of Lord Red Mask","floor":48,"gold_loss":0}],"is_beta":false,"boss_relics":[{"not_picked":["Snecko Eye","Mark of Pain"],"picked":"Cursed Key"},{"not_picked":["Calling Bell","Fusion Hammer"],"picked":"Empty Cage"}],"items_purged_floors":[11,22,31,37],"is_endless":false,"potions_floor_spawned":[1,7,13,29,30,35,45],"killed_by":"Donu and Deca","ascension_level":20}}