{"host":"7tvb1em0d2fx72q7","time":1611266388,"event":{"mods":["BaseMod","Challenge The Spire","Minty Spire (QoL Compilation)","StSLib","everything is the same but u backflip on backflip"],"gold_per_floor":[109,14,14,0,15,42,42,75,123,123,123,157,7,50,50,148,148,167,184,184,227,239,273,312,312,337,363,382,8,26,26,26,101,101,144,144,155,155,155],"floor_reached":38,"language":"ENG","playtime":6025,"items_purged":["Strike_P","Strike_P"],"score":942,"play_id":"0896d702-da85-4fe8-9522-3f4031aef315","local_time":"20210121165948","is_ascension_mode":true,"campfire_choices":[{"data":"CutThroughFate","floor":7.0,"key":"SMITH"},{"data":"FlurryOfBlows","floor":11.0,"key":"SMITH"},{"data":"MentalFortress","floor":15.0,"key":"SMITH"},{"data":"Eruption","floor":25.0,"key":"SMITH"},{"data":"BattleHymn","floor":32,"key":"SMITH"}],"circlet_count":0,"master_deck":["AscendersBane","Strike_P+1","Strike_P","Defend_P","Defend_P+1","Defend_P+1","Defend_P","Eruption+1","Vigilance+1","FlurryOfBlows+1","EmptyBody","BattleHymn+1","Vengeance","CutThroughFate+1","Protect","Wish+1","FearNoEvil","MentalFortress+1","MasterReality","FlurryOfBlows","LessonLearned+1","Adaptation","ThirdEye","Wallop","Omniscience"],"relics":["PureWater","NeowsBlessing","Damaru","Centennial Puzzle","Lizard Tail","Bag of Preparation","Blood Vial","Coffee Dripper","Gremlin Horn","CaptainsWheel","Tiny Chest","Mummified Hand","Runic Pyramid"],"acts_visited":["Exordium","TheCity","TheBeyond"],"potions_floor_usage":[27,28,30,33,33,38],"damage_taken":[{"damage":0.0,"enemies":"2 Louse","floor":1.0,"turns":2.0},{"damage":0.0,"enemies":"Small Slimes","floor":5.0,"turns":1.0},{"damage":0.0,"enemies":"3 Sentries","floor":6.0,"turns":1.0},{"damage":0.0,"enemies":"Lagavulin","floor":8.0,"turns":4.0},{"damage":0.0,"enemies":"Gremlin Nob","floor":12.0,"turns":2.0},{"damage":0.0,"enemies":"Cultist","floor":14.0,"turns":5.0},{"damage":12.0,"enemies":"Hexaghost","floor":16.0,"turns":10.0},{"damage":0.0,"enemies":"Chosen","floor":18.0,"turns":3.0},{"damage":1.0,"enemies":"Spheric Guardian","floor":19.0,"turns":3.0},{"damage":10.0,"enemies":"Centurion and Healer","floor":21.0,"turns":4.0},{"damage":6.0,"enemies":"Snake Plant","floor":22.0,"turns":4.0},{"damage":5.0,"enemies":"Gremlin Leader","floor":23.0,"turns":6.0},{"damage":0.0,"enemies":"3 Cultists","floor":24.0,"turns":4.0},{"damage":50,"enemies":"Slavers","floor":27,"turns":9},{"damage":1,"enemies":"Centurion and Healer","floor":28,"turns":5},{"damage":8,"enemies":"Shelled Parasite and Fungi","floor":30,"turns":5},{"damage":21,"enemies":"Collector","floor":33,"turns":11},{"damage":1,"enemies":"3 Darklings","floor":35,"turns":4},{"damage":0,"enemies":"Orb Walker","floor":37,"turns":3},{"damage":70,"enemies":"Writhing Mass","floor":38,"turns":5}],"seed_played":"-7224698190871006290","potions_obtained":[{"floor":1.0,"key":"Ancient Potion"},{"floor":6.0,"key":"FearPotion"},{"floor":12.0,"key":"SkillPotion"},{"floor":16.0,"key":"Energy Potion"},{"floor":21.0,"key":"BottledMiracle"},{"floor":27,"key":"GamblersBrew"},{"floor":28,"key":"Swift Potion"},{"floor":30,"key":"Explosive Potion"},{"floor":33,"key":"EssenceOfSteel"},{"floor":37,"key":"Swift Potion"}],"is_trial":false,"path_per_floor":["M","$","?","?","M","E","R","E","T","?","R","E","$","M","R","B",null,"M","M","T","M","M","E","M","R","T","E","M","$","M","?","R","B",null,"M","?","M","M"],"character_chosen":"WATCHER","items_purchased":["EmptyBody","BattleHymn","FearNoEvil","Mummified Hand"],"campfire_rested":0,"item_purchase_floors":[2,2,13,29],"current_hp_per_floor":[61,61,50,50,50,50,50,50,50,50,50,50,50,52,52,42,62,64,65,65,57,53,50,52,52,52,4,5,5,34,34,34,15,55,56,46,48,0,0],"gold":155,"neow_bonus":"THREE_ENEMY_KILL","is_daily":false,"chose_seed":false,"campfire_upgraded":5,"win_rate":0.0,"timestamp":1611266388,"path_taken":["M","$","?","?","M","E","R","E","T","?","R","E","$","?","R","BOSS","M","M","?","M","M","E","M","R","T","E","M","$","M","?","R","BOSS","M","?","M","?"],"items_purchased_type":["Card","Card","Card","Relic"],"build_version":"2020-12-22","purchased_purges":2,"victory":false,"max_hp_per_floor":[68,68,68,68,68,68,68,68,68,68,68,68,68,68,68,68,68,68,68,68,68,68,68,68,68,68,68,68,68,68,68,68,68,68,68,68,68,68,68],"card_choices":[{"not_picked":["Sanctity","SashWhip"],"picked":"FlurryOfBlows","floor":1.0},{"not_picked":["CutThroughFate","Nirvana"],"picked":"Vengeance","floor":5.0},{"not_picked":["EmptyBody","FollowUp"],"picked":"CutThroughFate","floor":6.0},{"not_picked":["Halt","Sanctity"],"picked":"Protect","floor":8.0},{"not_picked":["LikeWater","PathToVictory"],"picked":"Wish","floor":12.0},{"not_picked":["Crescendo","Prostrate"],"picked":"MentalFortress","floor":14.0},{"not_picked":["Brilliance","Ragnarok"],"picked":"MasterReality","floor":16.0},{"not_picked":["PathToVictory","FlyingSleeves+1"],"picked":"FlurryOfBlows","floor":18.0},{"not_picked":["Collect","ClearTheMind","JustLucky"],"picked":"SKIP","floor":19.0},{"not_picked":["FearNoEvil","ThirdEye"],"picked":"LessonLearned","floor":21.0},{"not_picked":["Adaptation","InnerPeace+1","Consecrate"],"picked":"SKIP","floor":22.0},{"not_picked":["InnerPeace+1","Consecrate"],"picked":"Adaptation","floor":22.0},{"not_picked":["ClearTheMind","Sanctity","DeceiveReality"],"picked":"SKIP","floor":23.0},{"not_picked":["CrushJoints+1","SandsOfTime+1","Nirvana"],"picked":"SKIP","floor":24.0},{"not_picked":["CutThroughFate","DeceiveReality"],"picked":"ThirdEye","floor":27},{"not_picked":["Halt","FlyingSleeves"],"picked":"Wallop","floor":28},{"not_picked":["ClearTheMind","WreathOfFlame","Vengeance"],"picked":"SKIP","floor":30},{"not_picked":["ConjureBlade","Devotion"],"picked":"Omniscience","floor":33},{"not_picked":["CrushJoints","ThirdEye","Prostrate+1"],"picked":"SKIP","floor":35},{"not_picked":["LikeWater","Swivel+1","CutThroughFate"],"picked":"SKIP","floor":37}],"player_experience":1946331,"relics_obtained":[{"floor":6.0,"key":"Centennial Puzzle"},{"floor":8.0,"key":"Lizard Tail"},{"floor":9.0,"key":"Bag of Preparation"},{"floor":12.0,"key":"Blood Vial"},{"floor":20.0,"key":"Gremlin Horn"},{"floor":23.0,"key":"CaptainsWheel"},{"floor":27,"key":"Tiny Chest"}],"event_choices":[{"damage_healed":0.0,"max_hp_gain":0.0,"max_hp_loss":0.0,"gold_gain":0.0,"event_name":"Scrap Ooze","player_choice":"Success","floor":3.0,"gold_loss":0.0,"damage_taken":11.0,"relics_obtained":["Damaru"]},{"damage_healed":0.0,"max_hp_gain":0.0,"max_hp_loss":0.0,"gold_gain":0.0,"event_name":"World of Goop","player_choice":"Left Gold","floor":4.0,"gold_loss":14.0,"damage_taken":0.0},{"damage_healed":0.0,"max_hp_gain":0.0,"max_hp_loss":0.0,"gold_gain":0.0,"event_name":"Match and Keep!","player_choice":"0 cards matched","floor":10.0,"gold_loss":0.0,"damage_taken":0.0,"cards_obtained":[]},{"damage_healed":0,"gold_gain":0,"player_choice":"Ignored","damage_taken":0,"max_hp_gain":0,"max_hp_loss":0,"event_name":"Cursed Tome","floor":31,"gold_loss":0},{"damage_healed":0,"gold_gain":0,"player_choice":"Damaged","damage_taken":10,"max_hp_gain":0,"max_hp_loss":0,"event_name":"Wheel of Change","floor":36,"gold_loss":0}],"is_beta":false,"boss_relics":[{"not_picked":["Calling Bell","Fusion Hammer"],"picked":"Coffee Dripper"},{"not_picked":["Runic Dome","Black Star"],"picked":"Runic Pyramid"}],"items_purged_floors":[13,29],"is_endless":false,"potions_floor_spawned":[1,6,12,16,21,22,27,28,30,33,37],"killed_by":"Writhing Mass","ascension_level":17}}