{"host":"tf5skwcwe0vlu2md","time":1611236253,"event":{"mods":["BaseMod","Downfall","Highlight Path","Minty Spire (QoL Compilation)","Quick Restart","StSLib","The Hierophant"],"gold_per_floor":[116,131,33,53,53,78,91,111,157,157,157],"floor_reached":10,"playtime":407,"items_purged":[],"score":88,"play_id":"c44fc262-379d-4885-8811-bd43dd91a0a9","local_time":"20210122003733","is_ascension_mode":true,"campfire_choices":[],"circlet_count":0,"master_deck":["Strike_R","Strike_R","Strike_R","Strike_R","Strike_R","Defend_R","Defend_R","Defend_R","Defend_R","Bash","Reaper","Flex","Ghostly Armor","Clash","Feel No Pain","Clothesline","Heavy Blade","Feel No Pain","Cleave"],"relics":["Burning Blood","Nunchaku"],"acts_visited":["Exordium"],"potions_floor_usage":[4,6],"damage_taken":[{"damage":6,"enemies":"Cultist","floor":1,"turns":4},{"damage":12,"enemies":"Small Slimes","floor":2,"turns":3},{"damage":0,"enemies":"2 Louse","floor":4,"turns":2},{"damage":39,"enemies":"3 Sentries","floor":6,"turns":11},{"damage":13,"enemies":"Blue Slaver","floor":7,"turns":5},{"damage":16,"enemies":"Looter","floor":8,"turns":4},{"damage":61,"enemies":"Lagavulin","floor":10,"turns":6}],"seed_played":"-6723140710334733275","potions_obtained":[{"floor":2,"key":"Explosive Potion"},{"floor":4,"key":"HeartOfIron"}],"is_trial":false,"path_per_floor":["M","M","$","M","$","E","M","M","T","E"],"character_chosen":"IRONCLAD","items_purchased":["Clash","Feel No Pain"],"campfire_rested":0,"item_purchase_floors":[3,3],"current_hp_per_floor":[80,78,78,80,80,55,52,48,48,0,0],"gold":157,"neow_bonus":"ONE_RANDOM_RARE_CARD","is_daily":false,"chose_seed":false,"campfire_upgraded":0,"win_rate":0.0,"timestamp":1611236253,"path_taken":["M","M","$","?","$","E","M","M","T","E"],"items_purchased_type":["Card","Card"],"build_version":"2020-12-13","purchased_purges":0,"victory":false,"max_hp_per_floor":[80,80,80,80,80,80,80,80,80,80,80],"card_choices":[{"not_picked":["Perfected Strike","Wild Strike"],"picked":"Flex","floor":1},{"not_picked":["True Grit","Clothesline"],"picked":"Ghostly Armor","floor":2},{"not_picked":["Hemokinesis","Pommel Strike"],"picked":"Clothesline","floor":4},{"not_picked":["Clothesline","True Grit"],"picked":"Heavy Blade","floor":6},{"not_picked":["Shrug It Off","Twin Strike"],"picked":"Feel No Pain","floor":7},{"not_picked":["Reckless Charge","Twin Strike"],"picked":"Cleave","floor":8}],"player_experience":235123,"relics_obtained":[{"floor":6,"key":"Nunchaku"}],"event_choices":[],"is_beta":false,"boss_relics":[],"items_purged_floors":[],"is_endless":false,"potions_floor_spawned":[2,4],"killed_by":"Lagavulin","ascension_level":5}}