{"host":"och2iitg9ibgz06n","time":1611223880,"event":{"mods":["Abigail Mod","AchievementEnabler","Aspiration","BaseMod","Colored Powertips","Dio Mod","Hubris","Hyrulean Relics","Infinite Spire","Minty Spire (QoL Compilation)","Replay The Spire","Small Relic Pack","StSLib","The Animator","The Bug Knight","The Hierophant","The Jungle","The Saiyan","TheHero","Wandering Minibosses","everything is the same but u backflip on backflip","slay the spire mod where everything is the same but ironclad has a cowboy hat","vexMod"],"gold_per_floor":[116,130,143,143,163,163,63,63,63,77,110,127,127,110,110,206,206,219,231,231,242,254,254,281,300,300,300,318,318,318,337,337,441,441,451,220,220,239,239,265,282,282,282,282,319,319,319,368,368,368,368,368,59,95,95],"floor_reached":56,"language":"ENG","playtime":2383,"items_purged":[],"score":1770,"play_id":"928617d9-e6fb-4dea-9fd8-be7dab759bff","local_time":"20210121041120","is_ascension_mode":true,"campfire_choices":[{"data":"dioMod:DominatingPresence","floor":6,"key":"SMITH"},{"floor":8,"key":"REST"},{"floor":13,"key":"REST"},{"floor":15,"key":"REST"},{"floor":23,"key":"REST"},{"floor":29,"key":"REST"},{"floor":32,"key":"RECALL"},{"data":"1","floor":42,"key":"LIFT"},{"data":"2","floor":44,"key":"LIFT"},{"data":"3","floor":47,"key":"LIFT"},{"data":"dioMod:Regeneration","floor":49,"key":"SMITH"},{"data":"dioMod:ZaWarudo","floor":52,"key":"SMITH"}],"circlet_count":0,"master_deck":["dioMod:Strike+1","dioMod:Strike","dioMod:Strike","dioMod:Strike","Bite","dioMod:Defend+1","dioMod:Defend","dioMod:Defend","dioMod:Defend+1","dioMod:DominatingPresence+1","dioMod:HeavyLifting+1","dioMod:BloodSplash+1","dioMod:DoubleTime","dioMod:StreetSign+1","dioMod:MudaMudaMuda","dioMod:MudaMudaMuda","dioMod:DaggerToss","dioMod:Regeneration+1","dioMod:BloodTransfusion","dioMod:TheWalk","dioMod:DoubleTime+1","dioMod:Diversion+1","dioMod:DaggerSpree","dioMod:DominatingPresence","dioMod:DaggerToss","Bite","dioMod:BloodSuck+1","dioMod:ZaWarudo+1","dioMod:BloodShield","dioMod:Donut","dioMod:SadisticLaugh+1","dioMod:HeavyLifting+1","dioMod:ComboFever","Parasite","dioMod:TripleThreat","dioMod:TheWalk"],"relics":["dioMod:VampireBlood","Ornamental Fan","Black Star","Replay:WaspNest","Anchor","ReplayTheSpireMod:TigerMarble","Coffee Dripper","Whetstone","Replay:Bottled Flurry","Girya","War Paint","Lizard Tail","infinitespire:EvilPickle","relicPack:DSword","hubris:MobiusCoin","aspiration:ChemicalBlood","hubris:Potato","ReplayTheSpireMod:Lightbulb","Pet Ghost"],"acts_visited":["Exordium","TheCity","TheBeyond","TheEnding"],"potions_floor_usage":[11,14,22,24,24,25,54,55,55,55,55,55],"damage_taken":[{"damage":10,"enemies":"Small Slimes","floor":1,"turns":3},{"damage":7,"enemies":"2 Louse","floor":2,"turns":3},{"damage":23,"enemies":"Cultist","floor":3,"turns":6},{"damage":12,"enemies":"Looter","floor":5,"turns":4},{"damage":22,"enemies":"Large Slime","floor":10,"turns":6},{"damage":44,"enemies":"Lagavulin","floor":11,"turns":6},{"damage":14,"enemies":"2 Fungi Beasts","floor":12,"turns":4},{"damage":20,"enemies":"Exordium Thugs","floor":14,"turns":4},{"damage":118,"enemies":"Hexaghost","floor":16,"turns":15},{"damage":22,"enemies":"Chosen","floor":18,"turns":5},{"damage":3,"enemies":"3 Byrds","floor":19,"turns":6},{"damage":51,"enemies":"Snake Plant","floor":21,"turns":6},{"damage":46,"enemies":"Snecko","floor":22,"turns":6},{"damage":88,"enemies":"Gremlin Leader","floor":24,"turns":9},{"damage":40,"enemies":"Shelled Parasite and Fungi","floor":25,"turns":5},{"damage":27,"enemies":"Centurion and Healer","floor":28,"turns":4},{"damage":36,"enemies":"Snecko","floor":31,"turns":5},{"damage":58,"enemies":"Pondfish","floor":33,"turns":6},{"damage":0,"enemies":"3 Shapes","floor":35,"turns":2},{"damage":41,"enemies":"3 Darklings","floor":38,"turns":4},{"damage":26,"enemies":"Reptomancer","floor":40,"turns":4},{"damage":17,"enemies":"Sphere and 2 Shapes","floor":41,"turns":5},{"damage":25,"enemies":"Writhing Mass","floor":45,"turns":3},{"damage":16,"enemies":"Giant Head","floor":48,"turns":6},{"damage":25,"enemies":"Jotaro","floor":50,"turns":6},{"damage":76,"enemies":"Shield and Spear","floor":54,"turns":6},{"damage":82,"enemies":"The Heart","floor":55,"turns":9}],"seed_played":"-1297325253331344333","potions_obtained":[{"floor":2,"key":"LiquidBronze"},{"floor":3,"key":"FairyPotion"},{"floor":10,"key":"Block Potion"},{"floor":12,"key":"GamblersBrew"},{"floor":19,"key":"Weak Potion"},{"floor":21,"key":"AttackPotion"},{"floor":22,"key":"LifebloodPotion"},{"floor":24,"key":"dioMod:HumanBlood"},{"floor":33,"key":"Languid Potion"},{"floor":35,"key":"SneckoOil"},{"floor":41,"key":"Block Potion"},{"floor":50,"key":"BlessingOfTheForge"},{"floor":55,"key":"Weak Potion"}],"is_trial":false,"path_per_floor":["M","M","M","?","M","R","$","R","T","M","E","M","R","M","R","B",null,"M","M","?","M","M","R","E","M","T","?","M","R","?","M","R","B",null,"M","$","T","M","?","E","M","R","T","R","M","?","R","E","R","B",null,"R","$","E","B",null],"character_chosen":"THE_DEFAULT","items_purchased":["dioMod:StreetSign","dioMod:MudaMudaMuda","dioMod:Donut","Whetstone","hubris:Potato"],"campfire_rested":5,"item_purchase_floors":[7,7,36,36,53],"current_hp_per_floor":[75,78,64,48,43,43,43,67,67,55,18,18,42,39,63,10,64,63,82,82,52,27,51,38,22,22,49,36,60,60,41,41,42,72,82,82,82,60,60,61,69,69,69,69,72,37,37,42,42,82,82,82,82,37,67],"gold":95,"neow_bonus":"TEN_PERCENT_HP_BONUS","is_daily":false,"chose_seed":false,"campfire_upgraded":3,"win_rate":0.0,"timestamp":1611223880,"path_taken":["M","M","M","?","M","R","$","R","T","M","E","M","R","M","R","BOSS","M","M","?","M","M","R","E","M","T","?","M","R","?","M","R","BOSS","M","$","?","M","?","E","M","R","T","R","M","?","R","E","R","BOSS","R","$","E","BOSS"],"items_purchased_type":["Card","Card","Card","Relic","Relic"],"build_version":"2020-12-22","purchased_purges":0,"victory":true,"max_hp_per_floor":[82,82,82,82,82,82,82,82,82,82,82,82,82,82,82,82,82,82,82,82,82,82,82,82,82,82,82,82,82,82,82,82,82,82,82,82,82,82,82,82,82,82,82,82,82,82,82,82,82,82,82,82,82,82,82],"card_choices":[{"not_picked":["dioMod:DarkRebirth","dioMod:DisarmingVoice"],"picked":"dioMod:DominatingPresence","floor":1},{"not_picked":["dioMod:SecretPlan","dioMod:VengefulMuda"],"picked":"dioMod:HeavyLifting","floor":2},{"not_picked":["dioMod:RoadRoller","dioMod:WRYYY"],"picked":"dioMod:BloodSplash","floor":3},{"not_picked":["dioMod:Roundabout","dioMod:SecretPlan"],"picked":"dioMod:DoubleTime","floor":5},{"not_picked":["dioMod:FlyAway","dioMod:StreetSign"],"picked":"dioMod:DaggerToss","floor":10},{"not_picked":["dioMod:FlyAway","dioMod:Minions"],"picked":"dioMod:Regeneration","floor":11},{"not_picked":["dioMod:StreetSign","dioMod:DisarmingVoice"],"picked":"dioMod:BloodTransfusion","floor":12},{"not_picked":["dioMod:VengefulMuda","dioMod:Roundabout","dioMod:StreetSign"],"picked":"SKIP","floor":14},{"not_picked":["dioMod:SevenPageMuda","dioMod:PathToHeaven"],"picked":"dioMod:TheWalk","floor":16},{"not_picked":["dioMod:FlyAway","dioMod:Muda"],"picked":"dioMod:DoubleTime+1","floor":18},{"not_picked":["dioMod:Freeze","dioMod:StreetSign"],"picked":"dioMod:Diversion+1","floor":19},{"not_picked":["dioMod:StreetSign+1","dioMod:FlyAway","dioMod:ComposedMuda"],"picked":"SKIP","floor":21},{"not_picked":["dioMod:BloodSplash","dioMod:SlashThroughTime","dioMod:LaserVision"],"picked":"SKIP","floor":22},{"not_picked":["dioMod:BloodShield","dioMod:LaserVision"],"picked":"dioMod:DaggerSpree","floor":24},{"not_picked":["dioMod:UltimateSacrifice","dioMod:WRYYY"],"picked":"dioMod:DominatingPresence","floor":25},{"not_picked":["dioMod:Diversion","dioMod:DoubleTime+1"],"picked":"dioMod:DaggerToss","floor":28},{"not_picked":["dioMod:SadisticLaugh","dioMod:DaggerToss"],"picked":"dioMod:BloodSuck+1","floor":31},{"not_picked":["dioMod:Pluck","dioMod:RoadRoller"],"picked":"dioMod:ZaWarudo","floor":33},{"not_picked":["dioMod:Diversion","dioMod:WRYYY"],"picked":"dioMod:BloodShield","floor":35},{"not_picked":["dioMod:BlendIn","dioMod:HeavyLifting"],"picked":"dioMod:SadisticLaugh+1","floor":38},{"not_picked":["dioMod:VengefulMuda","dioMod:CautiousMuda"],"picked":"dioMod:HeavyLifting+1","floor":40},{"not_picked":["dioMod:DaggerToss","dioMod:BloodShield"],"picked":"dioMod:ComboFever","floor":41},{"not_picked":["dioMod:SecretPlan+1","dioMod:ComposedMuda+1"],"picked":"dioMod:TripleThreat","floor":45},{"not_picked":["dioMod:FlyAway","dioMod:SadisticLaugh"],"picked":"dioMod:TheWalk","floor":48},{"not_picked":["dioMod:HeavyLifting","dioMod:ComposedMuda","dioMod:TripleThreat"],"picked":"SKIP","floor":54}],"player_experience":432373,"relics_obtained":[{"floor":11,"key":"Ornamental Fan"},{"floor":24,"key":"Replay:WaspNest"},{"floor":24,"key":"Anchor"},{"floor":26,"key":"ReplayTheSpireMod:TigerMarble"},{"floor":37,"key":"Replay:Bottled Flurry"},{"floor":40,"key":"Girya"},{"floor":40,"key":"War Paint"},{"floor":43,"key":"Lizard Tail"},{"floor":48,"key":"hubris:MobiusCoin"},{"floor":48,"key":"aspiration:ChemicalBlood"},{"floor":54,"key":"ReplayTheSpireMod:Lightbulb"},{"floor":54,"key":"Pet Ghost"}],"event_choices":[{"damage_healed":0,"gold_gain":0,"player_choice":"Entered Light","damage_taken":16,"max_hp_gain":0,"max_hp_loss":0,"event_name":"Shining Light","floor":4,"gold_loss":0,"cards_upgraded":["dioMod:HeavyLifting","dioMod:BloodSplash"]},{"damage_healed":27,"gold_gain":0,"player_choice":"Heal","damage_taken":0,"max_hp_gain":0,"max_hp_loss":0,"event_name":"The Library","floor":27,"gold_loss":0},{"damage_healed":0,"gold_gain":0,"player_choice":"Copied","damage_taken":0,"max_hp_gain":0,"max_hp_loss":0,"event_name":"Duplicator","floor":30,"gold_loss":0,"cards_obtained":["Bite"]}],"is_beta":false,"boss_relics":[{"not_picked":["Replay:Grab Bag","vexMod:DeviousBotling"],"picked":"Black Star"},{"not_picked":["Replay:Wanted Poster","vexMod:ImprovementManual"],"picked":"Coffee Dripper"}],"items_purged_floors":[],"is_endless":false,"potions_floor_spawned":[2,3,10,12,19,21,22,24,33,35,41,48],"ascension_level":5}}