{"host":"s35zr3gblm7slh1q","time":1611201422,"event":{"mods":["BaseMod","Colored Powertips","Downfall","Hermit","Highlight Path","Marisa????????","Minty Spire (QoL Compilation)","Permanent Neow","StSLib","The Disciple"],"gold_per_floor":[99,113,129,43,193,10,10,20,32,61,76,15,15,31,42,140,140,40,57,57,71,71,71,71,156,156,171,171,156,56,89,108,205,205,105,120,32,32,32,52,124,139,139,155,155,170,170,183,196,196,196,222,12,12,12,12,12],"floor_reached":55,"language":"ENG","playtime":4852,"items_purged":["downfall:Icky"],"score":666,"play_id":"aaf0cf20-c444-4001-82f8-fcae711fbeca","local_time":"20210120225702","is_ascension_mode":false,"campfire_choices":[{"floor":1.0,"key":"REST"},{"floor":13.0,"key":"REST"},{"floor":18.0,"key":"RECALL"},{"floor":28.0,"key":"REST"},{"floor":30.0,"key":"REST"},{"data":"Guardian:PrismaticBeam","floor":35.0,"key":"SMITH"},{"floor":43.0,"key":"REST"},{"data":"Guardian:PrismaticBarrier","floor":47.0,"key":"SMITH"},{"floor":54,"key":"REST"}],"circlet_count":0,"master_deck":["Guardian:Strike_Guardian+1","Guardian:Strike_Guardian","Guardian:Defend_Guardian","Guardian:Defend_Guardian","Guardian:Defend_Guardian","Guardian:CurlUp","Guardian:TwinSlam","Guardian:PrimingBeam","Guardian:PrismaticBeam+1","Guardian:FloatingOrbs","Finesse","Guardian:ShieldSpikes","Guardian:PiercingHide+1","Guardian:HyperBeam_Guardian+1","Guardian:Incinerate+1","Guardian:PrismaticBarrier+1","Guardian:Harden+1","CurseOfTheBell","Guardian:CrystalBeam","Guardian:PrimingBeam","Guardian:Incinerate+1","Guardian:Gem_Green","Guardian:RollAttack+1","expansioncontent:AwakenDeath","Guardian:DecasProtection+1","Guardian:CrystalBeam","Guardian:RollAttack","Bandage Up","PanicButton"],"relics":["Guardian:ModeShifter","StoneCalendar","InkBottle","Happy Flower","Astrolabe","downfall:HeartBlessingGreen","downfall:HeartBlessingRed","Juzu Bracelet","Calling Bell","Anchor","The Courier","Lizard Tail","downfall:HeartBlessingBlue","Dead Branch","Ornamental Fan","Whetstone","Membership Card"],"acts_visited":["Exordium","TheCity","TheBeyond","TheEnding"],"potions_floor_usage":[],"damage_taken":[{"damage":5.0,"enemies":"2 Louse","floor":2.0,"turns":3.0},{"damage":5.0,"enemies":"Jaw Worm","floor":3.0,"turns":5.0},{"damage":0.0,"enemies":"downfall:FleeingMerchant","floor":4.0,"turns":4.0},{"damage":15.0,"enemies":"downfall:FleeingMerchant","floor":6.0,"turns":4.0},{"damage":4.0,"enemies":"Cultist","floor":8.0,"turns":4.0},{"damage":10.0,"enemies":"Lots of Slimes","floor":9.0,"turns":5.0},{"damage":12.0,"enemies":"Gremlin Nob","floor":10.0,"turns":4.0},{"damage":0.0,"enemies":"2 Fungi Beasts","floor":11.0,"turns":4.0},{"damage":0.0,"enemies":"downfall:FleeingMerchant","floor":12.0,"turns":4.0},{"damage":9.0,"enemies":"3 Louse","floor":14.0,"turns":3.0},{"damage":0.0,"enemies":"2 Fungi Beasts","floor":15.0,"turns":4.0},{"damage":20.0,"enemies":"DF_ARCHETYPE_STREAMLINE","floor":16.0,"turns":12.0},{"damage":13.0,"enemies":"Shell Parasite","floor":19.0,"turns":5.0},{"damage":0.0,"enemies":"Chosen","floor":21.0,"turns":4.0},{"damage":14.0,"enemies":"Centurion and Healer","floor":27.0,"turns":6.0},{"damage":0.0,"enemies":"downfall:FleeingMerchant","floor":29.0,"turns":4.0},{"damage":0.0,"enemies":"Gremlin Leader","floor":31.0,"turns":6.0},{"damage":0.0,"enemies":"Chosen and Byrds","floor":32.0,"turns":4.0},{"damage":24.0,"enemies":"SI_MIRROR_ARCHETYPE","floor":33.0,"turns":9.0},{"damage":0.0,"enemies":"Orb Walker","floor":36.0,"turns":3.0},{"damage":10.0,"enemies":"downfall:FleeingMerchant","floor":37.0,"turns":4.0},{"damage":5.0,"enemies":"3 Shapes","floor":40.0,"turns":4.0},{"damage":13.0,"enemies":"Jaw Worm Horde","floor":42.0,"turns":5.0},{"damage":0.0,"enemies":"3 Darklings","floor":44.0,"turns":3.0},{"damage":0.0,"enemies":"Transient","floor":46.0,"turns":5.0},{"damage":0.0,"enemies":"Spire Growth","floor":48.0,"turns":4.0},{"damage":0.0,"enemies":"Maw","floor":49.0,"turns":6.0},{"damage":110.0,"enemies":"WA_ARCHETYPE_DIVINITY","floor":50.0,"turns":10.0},{"damage":120.0,"enemies":"downfall:CharBossMerchant","floor":52.0,"turns":11.0},{"damage":81,"enemies":"downfall:NeowBoss","floor":55,"turns":19}],"seed_played":"780408419985708068","potions_obtained":[{"floor":8.0,"key":"Fire Potion"},{"floor":9.0,"key":"Fire Potion"},{"floor":14.0,"key":"Fire Potion"},{"floor":15.0,"key":"Guardian:AcceleratePotion"},{"floor":21.0,"key":"Explosive Potion"},{"floor":27.0,"key":"Swift Potion"},{"floor":31.0,"key":"hexamod:SoulburnPotion"},{"floor":32.0,"key":"Ancient Potion"},{"floor":42.0,"key":"Weak Potion"},{"floor":46.0,"key":"AttackPotion"},{"floor":48.0,"key":"Explosive Potion"},{"floor":49.0,"key":"FearPotion"}],"is_trial":false,"path_per_floor":["R","M","M","$","?","$","T","M","M","E","M","$","R","M","M","B",null,"R","M","?","M","?","?","T","?","?","M","R","$","R","E","M","B",null,"R","M","$","?","?","M","T","M","R","M","?","M","R","M","M","B",null,"E","$","R","B"],"character_chosen":"GUARDIAN","items_purchased":["Guardian:FloatingOrbs","Finesse","Guardian:Gem_Lightblue","Guardian:PrimingBeam","Guardian:Incinerate","Guardian:RollAttack","Membership Card","Bandage Up","PanicButton"],"campfire_rested":6,"item_purchase_floors":[4,6,12,37,37,53,53,53,53],"current_hp_per_floor":[80,75,70,70,70,55,55,51,41,29,29,29,53,44,44,24,80,80,67,67,67,67,67,67,51,51,37,61,61,80,80,80,56,80,90,90,80,80,80,75,75,62,89,89,89,89,89,89,89,45,90,6,6,33,0,0,0],"gold":12,"neow_bonus":"ONE_RARE_RELIC","is_daily":false,"chose_seed":false,"campfire_upgraded":2,"win_rate":0.0,"timestamp":1611201422,"path_taken":["R","M","M","$","?","?","T","?","M","E","?","$","R","M","M","BOSS","R","M","?","M","?","?","T","?","?","M","R","$","R","E","M","BOSS","R","M","$","?","?","M","T","M","R","M","?","M","R","M","M","BOSS","E","$","R","BOSS"],"items_purchased_type":["Card","Card","Card","Card","Card","Card","Relic","Card","Card"],"build_version":"2020-12-22","purchased_purges":1,"victory":false,"max_hp_per_floor":[80,80,80,80,80,80,80,80,80,80,80,80,80,80,80,80,80,80,80,80,80,80,80,80,80,80,80,80,80,80,80,80,80,80,90,90,90,90,90,90,90,90,90,90,90,90,90,90,90,90,90,90,90,90,90,90,90],"card_choices":[{"not_picked":["Guardian:Repulse","Guardian:Incinerate"],"picked":"Guardian:Gem_Red","floor":2.0},{"not_picked":["Guardian:Orbwalk","Guardian:Harden"],"picked":"Guardian:PrimingBeam","floor":3.0},{"not_picked":["Guardian:RefractedBeam","Guardian:Gem_Red"],"picked":"Guardian:PrismaticBeam","floor":4.0},{"not_picked":["Guardian:ShieldCharger","Guardian:Recover"],"picked":"Guardian:Gem_Cyan","floor":6.0},{"not_picked":["Guardian:VentSteam","Guardian:RefractedBeam"],"picked":"Guardian:ShieldSpikes","floor":8.0},{"not_picked":["Guardian:ChargeCore","Guardian:WalkerClaw"],"picked":"Guardian:EvasiveProtocol","floor":9.0},{"not_picked":["Guardian:Gem_Lightblue","Guardian:RefractedBeam"],"picked":"Guardian:Gem_Orange","floor":10.0},{"not_picked":["Guardian:VentSteam","Guardian:PrimingBeam"],"picked":"Guardian:Gem_Blue","floor":11.0},{"not_picked":["Guardian:TemporalShield","Guardian:ShieldCharger","Guardian:Reroute"],"picked":"SKIP","floor":12.0},{"not_picked":["Guardian:FloatingOrbs","Guardian:ArmoredProtocol"],"picked":"Guardian:Gem_Fragmented","floor":14.0},{"not_picked":["Guardian:GuardianWhirl","Guardian:Gem_Yellow"],"picked":"Guardian:HyperBeam_Guardian","floor":15.0},{"not_picked":["Guardian:RevengeProtocol","Guardian:FastForward"],"picked":"Guardian:Gem_Orange","floor":16.0},{"not_picked":["Guardian:Suspension","Guardian:BronzeArmor"],"picked":"Guardian:Gem_Blue","floor":19.0},{"not_picked":["Guardian:BodySlam","Guardian:Planning"],"picked":"Guardian:PrismaticBarrier","floor":21.0},{"not_picked":["Guardian:DecasProtection+1","Guardian:Recover"],"picked":"Guardian:Harden+1","floor":27.0},{"not_picked":["Guardian:Orbwalk+1","Guardian:Recover"],"picked":"Guardian:Gem_Cyan","floor":29.0},{"not_picked":["Guardian:FloatingOrbs","Guardian:WalkerClaw"],"picked":"Guardian:Gem_Synthetic","floor":31.0},{"not_picked":["Guardian:Incinerate","Guardian:PrimingBeam"],"picked":"Guardian:Gem_Crimson","floor":32.0},{"not_picked":["Guardian:StasisField","Guardian:TimeSifter"],"picked":"Guardian:Gem_Synthetic","floor":33.0},{"not_picked":["Guardian:MultiBeam+1","Guardian:ShieldSpikes+1"],"picked":"Guardian:CrystalBeam","floor":36.0},{"not_picked":["Guardian:SpikerProtocol","Guardian:ShieldCharger"],"picked":"Guardian:Gem_Purple","floor":37.0},{"not_picked":["Guardian:Reroute+1","Guardian:ChargeCore+1"],"picked":"Guardian:Gem_Green","floor":40.0},{"not_picked":["Guardian:Reroute+1","Guardian:BronzeArmor+1"],"picked":"Guardian:Gem_Fragmented","floor":42.0},{"not_picked":["Guardian:ConstructionForm","Guardian:DonusPower"],"picked":"Guardian:RollAttack+1","floor":44.0},{"not_picked":["expansioncontent:HyperBeam","expansioncontent:LastStand"],"picked":"expansioncontent:AwakenDeath","floor":45.0},{"not_picked":["Guardian:TimeBomb","Guardian:Repulse"],"picked":"Guardian:DecasProtection+1","floor":46.0},{"not_picked":["Guardian:Emergency+1","Guardian:BodySlam+1"],"picked":"Guardian:CrystalBeam","floor":48.0},{"not_picked":["Guardian:VentSteam","Guardian:Emergency","Guardian:TemporalShield+1"],"picked":"SKIP","floor":49.0},{"not_picked":["Guardian:Gem_Red","Guardian:PiercingHide"],"picked":"Guardian:Gem_Yellow","floor":52.0}],"player_experience":373514,"relics_obtained":[{"floor":7.0,"key":"InkBottle"},{"floor":10.0,"key":"Happy Flower"},{"floor":31.0,"key":"Juzu Bracelet"},{"floor":34.0,"key":"Anchor"},{"floor":34.0,"key":"The Courier"},{"floor":34.0,"key":"Lizard Tail"},{"floor":39.0,"key":"Dead Branch"},{"floor":41.0,"key":"Ornamental Fan"},{"floor":52.0,"key":"Whetstone"}],"event_choices":[{"cards_removed":["Guardian:EvasiveProtocol"],"damage_healed":0.0,"max_hp_gain":0.0,"max_hp_loss":0.0,"gold_gain":0.0,"event_name":"Falling","player_choice":"Removed Power","floor":38.0,"gold_loss":0.0,"damage_taken":0.0}],"is_beta":false,"boss_relics":[{"not_picked":["Busted Crown","bronze:MakeshiftBattery"],"picked":"Astrolabe"},{"not_picked":["Runic Dome","Velvet Choker"],"picked":"Calling Bell"}],"items_purged_floors":[6],"is_endless":false,"potions_floor_spawned":[8,9,14,15,21,27,31,32,42,46,48,49],"killed_by":"downfall:NeowBoss","ascension_level":0}}