{"host":"6mgmpue98l61x61q","time":1611190137,"event":{"mods":["BaseMod","Colored Map","Minty Spire (QoL Compilation)","Relic Stats"],"gold_per_floor":[114,131,131,91,111,136,136,171,171,191,202,202,202,202,202,306,306,316,60,78,78,3,38,38,58,58,58,58,92,112,145,145,244,244,254,304,317,370,370,370,404,421,448,448,466,466,164,181,181,181],"floor_reached":51,"language":"ENG","playtime":3323,"items_purged":["Writhe"],"score":951,"play_id":"ad0747e1-47c1-485d-af5b-c267897a12b5","local_time":"20210120184857","is_ascension_mode":true,"campfire_choices":[{"floor":7.0,"key":"REST"},{"data":"Wallop","floor":13.0,"key":"SMITH"},{"floor":15.0,"key":"REST"},{"data":"LikeWater","floor":24.0,"key":"SMITH"},{"data":"Wish","floor":27.0,"key":"SMITH"},{"floor":32.0,"key":"REST"},{"data":"1","floor":40.0,"key":"LIFT"},{"data":"2","floor":44.0,"key":"LIFT"},{"data":"3","floor":46.0,"key":"LIFT"},{"floor":49.0,"key":"REST"}],"circlet_count":0,"master_deck":["Strike_P","Strike_P","Strike_P","Strike_P","Defend_P+1","Defend_P","Defend_P","Defend_P+1","Eruption+1","Vigilance","BattleHymn","ClearTheMind","MentalFortress","WheelKick","FlyingSleeves","Consecrate","Wallop+1","Tantrum","Wish+1","LikeWater+1","EmptyFist","Wallop","InnerPeace","Study+1","Establishment","LikeWater","SandsOfTime+1","ClearTheMind","Parasite"],"relics":["PureWater","Gambling Chip","Singing Bowl","War Paint","MealTicket","Blue Candle","Sozu","Pantograph","HornCleat","Eternal Feather","Meat on the Bone","Question Card","Boot","Fusion Hammer","CaptainsWheel","Girya","Darkstone Periapt","PreservedInsect","Centennial Puzzle","Strange Spoon"],"acts_visited":["Exordium","TheCity","TheBeyond"],"potions_floor_usage":[],"damage_taken":[{"damage":1.0,"enemies":"Cultist","floor":1.0,"turns":5.0},{"damage":0.0,"enemies":"Jaw Worm","floor":2.0,"turns":4.0},{"damage":1.0,"enemies":"Small Slimes","floor":5.0,"turns":3.0},{"damage":28.0,"enemies":"Gremlin Nob","floor":6.0,"turns":4.0},{"damage":16.0,"enemies":"Lagavulin","floor":8.0,"turns":4.0},{"damage":12.0,"enemies":"2 Fungi Beasts","floor":10.0,"turns":4.0},{"damage":2.0,"enemies":"Red Slaver","floor":11.0,"turns":4.0},{"damage":14.0,"enemies":"Hexaghost","floor":16.0,"turns":8.0},{"damage":2.0,"enemies":"Chosen","floor":18.0,"turns":3.0},{"damage":14.0,"enemies":"3 Byrds","floor":20.0,"turns":4.0},{"damage":28.0,"enemies":"Book of Stabbing","floor":23.0,"turns":6.0},{"damage":3.0,"enemies":"Sentry and Sphere","floor":25.0,"turns":4.0},{"damage":12.0,"enemies":"Slavers","floor":29.0,"turns":5.0},{"damage":26.0,"enemies":"Shelled Parasite and Fungi","floor":30.0,"turns":4.0},{"damage":12.0,"enemies":"Book of Stabbing","floor":31.0,"turns":5.0},{"damage":21.0,"enemies":"Champ","floor":33.0,"turns":9.0},{"damage":4.0,"enemies":"3 Darklings","floor":35.0,"turns":4.0},{"damage":0.0,"enemies":"Mind Bloom Boss Battle","floor":36.0,"turns":6.0},{"damage":13.0,"enemies":"3 Shapes","floor":37.0,"turns":3.0},{"damage":26.0,"enemies":"2 Orb Walkers","floor":38.0,"turns":4.0},{"damage":5.0,"enemies":"Reptomancer","floor":41.0,"turns":6.0},{"damage":10.0,"enemies":"Spire Growth","floor":42.0,"turns":6.0},{"damage":7.0,"enemies":"Jaw Worm Horde","floor":45.0,"turns":5.0},{"damage":5.0,"enemies":"Writhing Mass","floor":48.0,"turns":6.0},{"damage":21,"enemies":"Time Eater","floor":50,"turns":8}],"seed_played":"2074803209668598599","potions_obtained":[{"floor":1.0,"key":"LiquidBronze"},{"floor":6.0,"key":"Strength Potion"},{"floor":16.0,"key":"LiquidMemories"}],"is_trial":false,"path_per_floor":["M","M","T","$","M","E","R","E","T","M","M","?","R","?","R","B",null,"M","$","M","?","$","E","R","M","T","R","?","E","M","E","R","B",null,"M","?","M","?","?","R","E","M","T","R","M","R","$","M","R","B",null],"character_chosen":"WATCHER","items_purchased":["MentalFortress","Pantograph","Centennial Puzzle","Strange Spoon"],"campfire_rested":4,"item_purchase_floors":[4,19,47,47],"current_hp_per_floor":[46,46,46,46,45,17,38,22,22,10,8,8,8,5,26,12,57,55,70,58,58,73,45,57,54,54,66,66,54,42,42,76,55,71,67,76,65,53,53,68,65,57,57,72,67,82,86,89,94,73],"gold":181,"neow_bonus":"ONE_RARE_RELIC","is_daily":false,"chose_seed":false,"campfire_upgraded":3,"win_rate":0.0,"timestamp":1611190137,"path_taken":["M","M","?","$","M","E","R","E","T","M","M","?","R","?","R","BOSS","M","$","M","?","$","E","R","M","T","R","?","E","?","E","R","BOSS","M","?","M","?","?","R","E","M","T","R","M","R","$","M","R","BOSS"],"items_purchased_type":["Card","Relic","Relic","Relic"],"build_version":"2020-12-22","purchased_purges":1,"victory":true,"max_hp_per_floor":[72,72,72,72,72,72,72,72,72,72,72,72,72,72,72,72,72,72,72,74,74,74,74,74,74,74,74,74,74,76,76,76,76,76,76,76,78,80,80,80,82,84,84,84,86,86,86,94,94,94],"relic_stats":{"Darkstone Periapt":6,"Singing Bowl":16,"counters":[25,124],"Blue Candle":[0],"Eternal Feather":86,"PreservedInsect":0,"War Paint":["Defend_P","Defend_P"],"Question Card":11,"Boot":[51],"Sozu":7,"Strange Spoon":[7],"Centennial Puzzle":[6],"Gambling Chip":[74],"Pantograph":9,"MealTicket":34,"obtain_stats":[{"Darkstone Periapt":41,"Girya":38,"Singing Bowl":3,"Blue Candle":9,"Eternal Feather":23,"PreservedInsect":43,"War Paint":6,"Question Card":29,"Boot":31,"Sozu":17,"Strange Spoon":47,"CaptainsWheel":36,"Centennial Puzzle":47,"HornCleat":21,"Gambling Chip":0,"Pantograph":19,"MealTicket":8,"Fusion Hammer":34,"PureWater":0,"Meat on the Bone":26},{"Darkstone Periapt":21,"Girya":20,"Singing Bowl":2,"Blue Candle":5,"Eternal Feather":11,"PreservedInsect":22,"War Paint":4,"Question Card":13,"Boot":15,"Sozu":8,"Strange Spoon":23,"CaptainsWheel":18,"Centennial Puzzle":23,"HornCleat":10,"Gambling Chip":0,"Pantograph":9,"MealTicket":5,"Fusion Hammer":16,"PureWater":0,"Meat on the Bone":12},{"Darkstone Periapt":99,"Girya":93,"Singing Bowl":9,"Blue Candle":20,"Eternal Feather":49,"PreservedInsect":105,"War Paint":16,"Question Card":58,"Boot":67,"Sozu":36,"Strange Spoon":110,"CaptainsWheel":86,"Centennial Puzzle":110,"HornCleat":43,"Gambling Chip":0,"Pantograph":39,"MealTicket":20,"Fusion Hammer":76,"PureWater":0,"Meat on the Bone":53}],"Meat on the Bone":36},"card_choices":[{"not_picked":["ThirdEye","EmptyFist"],"picked":"BattleHymn","floor":1.0},{"not_picked":["SashWhip","Indignation"],"picked":"ClearTheMind","floor":2.0},{"not_picked":["Protect","Weave"],"picked":"WheelKick","floor":5.0},{"not_picked":["Pray","EmptyMind"],"picked":"FlyingSleeves","floor":6.0},{"not_picked":["SignatureMove","Prostrate"],"picked":"Consecrate","floor":8.0},{"not_picked":["Wish","ThirdEye"],"picked":"Wallop","floor":10.0},{"not_picked":["Prostrate","CarveReality"],"picked":"Tantrum","floor":11.0},{"not_picked":["Brilliance","Omniscience"],"picked":"Wish","floor":16.0},{"not_picked":["BattleHymn","Halt"],"picked":"LikeWater","floor":18.0},{"not_picked":["EmptyFist","WheelKick+1","FlyingSleeves"],"picked":"Singing Bowl","floor":20.0},{"not_picked":["PathToVictory","ThirdEye"],"picked":"EmptyFist","floor":23.0},{"not_picked":["Tantrum","EmptyFist"],"picked":"Wallop","floor":25.0},{"not_picked":["SashWhip","Weave"],"picked":"InnerPeace","floor":29.0},{"not_picked":["Establishment","EmptyFist","Tantrum","Prostrate"],"picked":"Singing Bowl","floor":30.0},{"not_picked":["Indignation","SignatureMove","CrushJoints"],"picked":"Study+1","floor":31.0},{"not_picked":["SpiritShield","Blasphemy","DeusExMachina"],"picked":"Establishment","floor":33.0},{"not_picked":["EmptyBody+1","FlyingSleeves+1","Evaluate"],"picked":"LikeWater","floor":35.0},{"not_picked":["Prostrate+1","MentalFortress+1","ForeignInfluence+1"],"picked":"SandsOfTime+1","floor":36.0},{"not_picked":["EmptyBody+1","Meditate+1","CutThroughFate+1","Prostrate+1"],"picked":"Singing Bowl","floor":37.0},{"not_picked":["Meditate","CrushJoints","Crescendo+1","BowlingBash+1"],"picked":"Singing Bowl","floor":38.0},{"not_picked":["Blasphemy","JustLucky+1","Prostrate+1","FollowUp+1"],"picked":"Singing Bowl","floor":41.0},{"not_picked":["SashWhip+1","FlurryOfBlows+1","CutThroughFate+1","FlyingSleeves+1"],"picked":"Singing Bowl","floor":42.0},{"not_picked":["Prostrate","FlurryOfBlows+1","Study+1","Protect"],"picked":"Singing Bowl","floor":45.0},{"not_picked":["PathToVictory","ClearTheMind","CrushJoints+1","Crescendo+1"],"picked":"Singing Bowl","floor":48.0}],"player_experience":597317,"relics_obtained":[{"floor":3.0,"key":"Singing Bowl"},{"floor":6.0,"key":"War Paint"},{"floor":8.0,"key":"MealTicket"},{"floor":9.0,"key":"Blue Candle"},{"floor":23.0,"key":"Eternal Feather"},{"floor":26.0,"key":"Meat on the Bone"},{"floor":29.0,"key":"Question Card"},{"floor":31.0,"key":"Boot"},{"floor":36.0,"key":"CaptainsWheel"},{"floor":38.0,"key":"Girya"},{"floor":41.0,"key":"Darkstone Periapt"},{"floor":43.0,"key":"PreservedInsect"}],"event_choices":[{"damage_healed":0.0,"max_hp_gain":0.0,"max_hp_loss":0.0,"gold_gain":0.0,"event_name":"Living Wall","player_choice":"Grow","floor":12.0,"gold_loss":0.0,"damage_taken":0.0,"cards_upgraded":["Eruption"]},{"damage_healed":0.0,"max_hp_gain":0.0,"max_hp_loss":0.0,"gold_gain":0.0,"event_name":"Scrap Ooze","player_choice":"Fled","floor":14.0,"gold_loss":0.0,"damage_taken":3.0},{"damage_healed":0.0,"max_hp_gain":0.0,"max_hp_loss":0.0,"gold_gain":0.0,"event_name":"The Mausoleum","player_choice":"Opened","floor":21.0,"gold_loss":0.0,"damage_taken":0.0,"relics_obtained":["HornCleat"],"cards_obtained":["Writhe"]},{"damage_healed":0.0,"max_hp_gain":0.0,"max_hp_loss":0.0,"gold_gain":0.0,"event_name":"The Woman in Blue","player_choice":"Bought 0 Potions","floor":28.0,"gold_loss":0.0,"damage_taken":0.0},{"damage_healed":0.0,"max_hp_gain":0.0,"max_hp_loss":0.0,"gold_gain":0.0,"event_name":"MindBloom","player_choice":"Fight","floor":36.0,"gold_loss":0.0,"damage_taken":0.0},{"damage_healed":0.0,"max_hp_gain":0.0,"max_hp_loss":0.0,"gold_gain":0.0,"event_name":"Mysterious Sphere","player_choice":"Fight","floor":38.0,"gold_loss":0.0,"damage_taken":0.0},{"damage_healed":0.0,"max_hp_gain":0.0,"max_hp_loss":0.0,"gold_gain":0.0,"event_name":"Duplicator","player_choice":"Copied","floor":39.0,"gold_loss":0.0,"damage_taken":0.0,"cards_obtained":["ClearTheMind"]}],"is_beta":false,"boss_relics":[{"not_picked":["Black Star","Calling Bell"],"picked":"Sozu"},{"not_picked":["Runic Pyramid","Snecko Eye"],"picked":"Fusion Hammer"}],"items_purged_floors":[22],"is_endless":false,"potions_floor_spawned":[1,6,16,18,29,31,33,37,38,48],"ascension_level":6}}