{"host":"81ky99ge2noxnhld","time":1611234495,"event":{"mods":["Act Like it!","BaseMod","Friendly Minions","Hallownest","Hermit","HornydragonMod","Minty Spire (QoL Compilation)","Somnambulant","StSLib","Td1madao Mod","The Cursed","Youmu¡]»î¾z§¯?¡^"],"gold_per_floor":[115,115,115,128,53,73,138,138,138,138,152,212,212,212,212],"floor_reached":14,"language":"ZHS","playtime":531,"items_purged":[],"score":78,"play_id":"3af0f001-6e1d-43e2-a74a-8427bab7c16d","local_time":"20210121210815","is_ascension_mode":false,"campfire_choices":[{"data":"TheCursedMod:CursedMace","floor":8,"key":"SMITH"},{"data":"TheCursedMod:EmpowerCircles","floor":10,"key":"SMITH"}],"circlet_count":0,"master_deck":["TheCursedMod:Strike_TheCursed","TheCursedMod:Strike_TheCursed","TheCursedMod:Strike_TheCursed","TheCursedMod:Defend_TheCursed","TheCursedMod:Defend_TheCursed","TheCursedMod:Defend_TheCursed","TheCursedMod:Defend_TheCursed","TheCursedMod:CursedWand","TheCursedMod:CleanUpWorkshop","TheCursedMod:Dregs","TheCursedMod:CursedBlade","TheCursedMod:CircleOfFlame","TheCursedMod:EmpowerCircles+1","TheCursedMod:CursedMace+1","TheCursedMod:BlessingInDisguise","TheCursedMod:Hemoplague+1"],"relics":["TheCursedMod:BlackMagic101","NeowsBlessing","TheCursedMod:DemonicMark","Regal Pillow","Frozen Egg 2","Matryoshka"],"acts_visited":["Exordium"],"potions_floor_usage":[12,14],"damage_taken":[{"damage":0,"enemies":"Jaw Worm","floor":1,"turns":1},{"damage":0,"enemies":"Cultist","floor":4,"turns":1},{"damage":0,"enemies":"Small Slimes","floor":6,"turns":1},{"damage":10,"enemies":"Looter","floor":11,"turns":4},{"damage":31,"enemies":"Lagavulin Event","floor":12,"turns":6},{"damage":28,"enemies":"Gremlin Nob","floor":14,"turns":5}],"seed_played":"6502232514753510993","potions_obtained":[{"floor":4,"key":"Energy Potion"},{"floor":11,"key":"EssenceOfSteel"},{"floor":12,"key":"ColorlessPotion"}],"is_trial":false,"path_per_floor":["M","?","?","M","$","M","?","R","T","R","M","?","T","E"],"character_chosen":"THE_CURSED","items_purchased":["TheCursedMod:EmpowerCircles"],"campfire_rested":0,"item_purchase_floors":[5],"current_hp_per_floor":[75,72,72,72,72,72,72,72,72,72,62,31,31,3,3],"gold":212,"neow_bonus":"THREE_ENEMY_KILL","is_daily":false,"chose_seed":false,"campfire_upgraded":2,"win_rate":0.0,"timestamp":1611234495,"path_taken":["M","?","?","?","$","M","?","R","T","R","M","?","?","E"],"items_purchased_type":["Card"],"build_version":"2020-12-22","purchased_purges":0,"victory":false,"max_hp_per_floor":[75,75,75,75,75,75,75,75,75,75,75,75,75,75,75],"card_choices":[{"not_picked":["TheCursedMod:Wield","TheCursedMod:SpitefulStrike"],"picked":"TheCursedMod:CursedBlade","floor":1},{"not_picked":["TheCursedMod:Obscuration","TheCursedMod:Torture"],"picked":"TheCursedMod:CircleOfFlame","floor":4},{"not_picked":["TheCursedMod:SpitefulStrike","TheCursedMod:CursedRelics"],"picked":"TheCursedMod:CursedMace","floor":6},{"not_picked":["TheCursedMod:FleshFromBone","TheCursedMod:DoubleShield"],"picked":"TheCursedMod:BlessingInDisguise","floor":11},{"not_picked":["TheCursedMod:Stretching","TheCursedMod:CursedStaff"],"picked":"TheCursedMod:Hemoplague+1","floor":12}],"player_experience":113097,"relics_obtained":[{"floor":9,"key":"Regal Pillow"},{"floor":12,"key":"Frozen Egg 2"},{"floor":13,"key":"Matryoshka"}],"event_choices":[{"damage_healed":0,"gold_gain":0,"player_choice":"Success","damage_taken":3,"relics_obtained":["TheCursedMod:DemonicMark"],"max_hp_gain":0,"max_hp_loss":0,"event_name":"Scrap Ooze","floor":2,"gold_loss":0},{"cards_removed":["TheCursedMod:Strike_TheCursed"],"damage_healed":0,"gold_gain":0,"player_choice":"Offered Basic","damage_taken":0,"max_hp_gain":0,"max_hp_loss":0,"event_name":"Bonfire Elementals","floor":3,"gold_loss":0},{"damage_healed":0,"gold_gain":65,"player_choice":"Gained Gold","damage_taken":0,"max_hp_gain":0,"max_hp_loss":0,"event_name":"Golden Wing","floor":7,"gold_loss":0},{"damage_healed":0,"gold_gain":0,"player_choice":"Searched \u00271\u0027 times","damage_taken":0,"max_hp_gain":0,"max_hp_loss":0,"event_name":"Dead Adventurer","floor":12,"gold_loss":0}],"is_beta":false,"boss_relics":[],"items_purged_floors":[],"is_endless":false,"potions_floor_spawned":[4,11,12],"killed_by":"Gremlin Nob","ascension_level":0}}