{"host":"f0gpob8hq9vgebej","time":1611190238,"event":{"mods":["AchievementEnabler","BaseMod","Minty Spire (QoL Compilation)","Quick Restart","SuperFastMode"],"gold_per_floor":[110,124,144,154,154,154,183,194,194,212,226,245,264,163,163,267,267,287,386,386,386,137,137,171,183,195,218,242,270,282,294,306,423,485,517,540,604,194,194,194,220,30,79,79,94,4,33,48,48,48],"floor_reached":51,"language":"KOR","playtime":1533,"items_purged":["Strike_G","Strike_G","Dash","Dagger Spray+1"],"score":916,"play_id":"275209e6-618b-48e8-9c5a-4e4e1dbf352c","local_time":"20210121095038","is_ascension_mode":true,"campfire_choices":[{"data":"Prepared","floor":6,"key":"SMITH"},{"data":"Envenom","floor":15,"key":"SMITH"},{"data":"Phantasmal Killer","floor":23,"key":"SMITH"},{"data":"Tactician","floor":25,"key":"SMITH"},{"data":"Neutralize","floor":32,"key":"SMITH"},{"data":"Backflip","floor":40,"key":"SMITH"},{"data":"Accuracy","floor":44,"key":"SMITH"},{"data":"Acrobatics","floor":49,"key":"SMITH"}],"circlet_count":0,"master_deck":["Defend_G","Defend_G","Survivor","Neutralize+1","Finisher","Adrenaline+1","Acrobatics+1","Prepared+1","Tactician+1","Envenom+1","Reflex","Deadly Poison","Backflip+1","Phantasmal Killer+1","Blade Dance","Escape Plan","Blade Dance","Adrenaline","Blade Dance+1","Trip","Accuracy+1","PiercingWail+1","Tactician+1","Tactician+1"],"relics":["Ring of the Snake","Nunchaku","Centennial Puzzle","Empty Cage","Oddly Smooth Stone","MawBank","Eternal Feather","Tiny House","Ice Cream","Gambling Chip","Toxic Egg 2","Akabeko","Anchor"],"acts_visited":["Exordium","TheCity","TheBeyond"],"potions_floor_usage":[7,7,7,11,16,20,24,24,29,33,33,35,47],"damage_taken":[{"damage":0,"enemies":"Cultist","floor":1,"turns":4},{"damage":0,"enemies":"2 Louse","floor":2,"turns":3},{"damage":1,"enemies":"Small Slimes","floor":3,"turns":3},{"damage":3,"enemies":"3 Louse","floor":4,"turns":4},{"damage":0,"enemies":"Gremlin Nob","floor":7,"turns":2},{"damage":4,"enemies":"2 Fungi Beasts","floor":8,"turns":4},{"damage":2,"enemies":"Exordium Wildlife","floor":10,"turns":3},{"damage":0,"enemies":"3 Louse","floor":11,"turns":2},{"damage":1,"enemies":"Red Slaver","floor":12,"turns":4},{"damage":3,"enemies":"Large Slime","floor":13,"turns":6},{"damage":13,"enemies":"The Guardian","floor":16,"turns":10},{"damage":22,"enemies":"Spheric Guardian","floor":18,"turns":6},{"damage":0,"enemies":"2 Thieves","floor":20,"turns":1},{"damage":6,"enemies":"Gremlin Leader","floor":24,"turns":5},{"damage":12,"enemies":"Chosen and Byrds","floor":27,"turns":5},{"damage":0,"enemies":"3 Cultists","floor":28,"turns":3},{"damage":3,"enemies":"Snake Plant","floor":29,"turns":3},{"damage":9,"enemies":"Collector","floor":33,"turns":5},{"damage":6,"enemies":"3 Shapes","floor":35,"turns":2},{"damage":11,"enemies":"3 Darklings","floor":36,"turns":3},{"damage":3,"enemies":"2 Orb Walkers","floor":37,"turns":2},{"damage":7,"enemies":"Giant Head","floor":41,"turns":3},{"damage":0,"enemies":"Writhing Mass","floor":45,"turns":2},{"damage":26,"enemies":"Nemesis","floor":47,"turns":5},{"damage":0,"enemies":"Maw","floor":48,"turns":3},{"damage":22,"enemies":"Donu and Deca","floor":50,"turns":4}],"seed_played":"6744060120245100016","potions_obtained":[{"floor":3,"key":"EntropicBrew"},{"floor":4,"key":"Swift Potion"},{"floor":8,"key":"CultistPotion"},{"floor":16,"key":"Energy Potion"},{"floor":18,"key":"SmokeBomb"},{"floor":24,"key":"Swift Potion"},{"floor":27,"key":"BlessingOfTheForge"},{"floor":28,"key":"Explosive Potion"},{"floor":34,"key":"Fire Potion"},{"floor":35,"key":"SteroidPotion"},{"floor":41,"key":"FairyPotion"},{"floor":45,"key":"Fire Potion"}],"is_trial":false,"path_per_floor":["M","M","M","M","?","R","E","M","T","M","M","M","M","$","R","B",null,"M","?","M","?","$","R","E","R","T","M","M","M","?","?","R","B",null,"M","M","?","$","?","R","E","$","T","R","M","?","E","M","R","B",null],"character_chosen":"THE_SILENT","items_purchased":["Backflip","Oddly Smooth Stone","Gambling Chip","Accuracy"],"campfire_rested":0,"item_purchase_floors":[14,22,38,42],"current_hp_per_floor":[49,49,48,45,45,45,45,41,41,39,39,38,35,35,35,22,70,48,48,48,48,48,48,42,42,42,30,30,27,27,27,36,27,75,69,58,55,55,55,67,60,60,60,72,72,72,46,46,58,36],"gold":48,"neow_bonus":"TRANSFORM_TWO_CARDS","is_daily":false,"chose_seed":false,"campfire_upgraded":8,"win_rate":0.0,"timestamp":1611190238,"path_taken":["M","M","M","M","?","R","E","M","T","M","M","M","M","$","R","BOSS","M","?","M","?","$","R","E","R","T","M","M","M","?","?","R","BOSS","M","M","?","$","?","R","E","$","T","R","M","?","E","?","R","BOSS"],"items_purchased_type":["Card","Relic","Relic","Card"],"build_version":"2020-12-22","purchased_purges":4,"victory":true,"max_hp_per_floor":[70,70,70,70,70,70,70,70,70,70,70,70,70,70,70,70,70,70,70,70,70,70,70,70,70,70,70,70,70,70,70,70,70,75,75,75,75,75,75,75,75,75,75,75,75,72,72,72,72,72],"card_choices":[{"not_picked":["Prepared","Leg Sweep"],"picked":"Acrobatics","floor":1},{"not_picked":["Endless Agony","Predator"],"picked":"Prepared","floor":2},{"not_picked":["Backflip","Underhanded Strike"],"picked":"Dagger Spray","floor":3},{"not_picked":["Outmaneuver","Dagger Spray"],"picked":"Tactician","floor":4},{"not_picked":["Choke","Footwork"],"picked":"Envenom","floor":7},{"not_picked":["Skewer","Distraction","Setup"],"picked":"SKIP","floor":8},{"not_picked":["Outmaneuver","Distraction"],"picked":"Reflex","floor":10},{"not_picked":["Dash","Slice"],"picked":"Deadly Poison","floor":11},{"not_picked":["Deflect","Concentrate","Prepared"],"picked":"SKIP","floor":12},{"not_picked":["Flying Knee","Acrobatics","Underhanded Strike"],"picked":"SKIP","floor":13},{"not_picked":["Venomology","Glass Knife"],"picked":"Phantasmal Killer","floor":16},{"not_picked":["Predator","Prepared","Finisher"],"picked":"SKIP","floor":18},{"not_picked":["Underhanded Strike","Prepared"],"picked":"Blade Dance","floor":24},{"not_picked":["Quick Slash","Acrobatics+1"],"picked":"Escape Plan","floor":27},{"not_picked":["Deflect+1","Flying Knee","Concentrate"],"picked":"SKIP","floor":28},{"not_picked":["Riddle With Holes","Quick Slash+1"],"picked":"Blade Dance","floor":29},{"not_picked":["Venomology","Night Terror"],"picked":"Adrenaline","floor":33},{"not_picked":["Slice","Skewer+1"],"picked":"Blade Dance+1","floor":35},{"not_picked":["Caltrops","Terror","Finisher"],"picked":"SKIP","floor":36},{"not_picked":["PanicButton","Jack Of All Trades"],"picked":"Trip","floor":39},{"not_picked":["Dagger Throw+1","Sucker Punch+1","Slice"],"picked":"SKIP","floor":41},{"not_picked":["Night Terror+1","Expertise+1"],"picked":"PiercingWail+1","floor":45},{"not_picked":["Prepared+1","Bane+1"],"picked":"Tactician+1","floor":47},{"not_picked":["Dagger Throw+1","Outmaneuver+1"],"picked":"Tactician+1","floor":48}],"player_experience":190107,"relics_obtained":[{"floor":7,"key":"Nunchaku"},{"floor":9,"key":"Centennial Puzzle"},{"floor":24,"key":"MawBank"},{"floor":26,"key":"Eternal Feather"},{"floor":37,"key":"Ice Cream"},{"floor":41,"key":"Toxic Egg 2"},{"floor":43,"key":"Akabeko"},{"floor":47,"key":"Anchor"}],"event_choices":[{"damage_healed":0,"gold_gain":0,"player_choice":"Ignored","damage_taken":0,"max_hp_gain":0,"max_hp_loss":0,"event_name":"Shining Light","floor":5,"gold_loss":0},{"damage_healed":0,"gold_gain":99,"player_choice":"Stole From Cult","damage_taken":0,"max_hp_gain":0,"max_hp_loss":0,"event_name":"Nest","floor":19,"gold_loss":0},{"damage_healed":0,"gold_gain":0,"cards_transformed":["Strike_G","Defend_G"],"player_choice":"Became Test Subject","damage_taken":0,"max_hp_gain":0,"max_hp_loss":0,"event_name":"Drug Dealer","floor":21,"gold_loss":0,"cards_obtained":["Dash","Expertise"]},{"cards_removed":["Expertise"],"damage_healed":0,"gold_gain":0,"player_choice":"Elegance","damage_taken":0,"max_hp_gain":0,"max_hp_loss":0,"event_name":"Back to Basics","floor":30,"gold_loss":0},{"damage_healed":0,"gold_gain":0,"player_choice":"Ignored","damage_taken":0,"max_hp_gain":0,"max_hp_loss":0,"event_name":"The Mausoleum","floor":31,"gold_loss":0},{"damage_healed":0,"gold_gain":0,"player_choice":"Fight","damage_taken":0,"max_hp_gain":0,"max_hp_loss":0,"event_name":"Mysterious Sphere","floor":37,"gold_loss":0},{"damage_healed":0,"gold_gain":0,"player_choice":"Memory 1","damage_taken":0,"max_hp_gain":0,"max_hp_loss":0,"event_name":"SensoryStone","floor":39,"gold_loss":0},{"cards_removed":["Parasite"],"damage_healed":0,"gold_gain":0,"player_choice":"Upgrade and Remove","damage_taken":0,"max_hp_gain":0,"max_hp_loss":0,"event_name":"Designer","floor":46,"gold_loss":90,"cards_upgraded":["Adrenaline"]}],"is_beta":false,"boss_relics":[{"not_picked":["SlaversCollar","Coffee Dripper"],"picked":"Empty Cage"},{"not_picked":["Runic Dome","Philosopher\u0027s Stone"],"picked":"Tiny House"}],"items_purged_floors":[14,22,38,42],"is_endless":false,"potions_floor_spawned":[3,4,8,16,18,24,27,28,35,41,45],"ascension_level":3}}