{"host":"och2iitg9ibgz06n","time":1611221470,"event":{"mods":["Abigail Mod","AchievementEnabler","Aspiration","BaseMod","Colored Powertips","Dio Mod","Hubris","Hyrulean Relics","Infinite Spire","Minty Spire (QoL Compilation)","Replay The Spire","Small Relic Pack","StSLib","The Animator","The Bug Knight","The Hierophant","The Jungle","The Saiyan","TheHero","Wandering Minibosses","everything is the same but u backflip on backflip","slay the spire mod where everything is the same but ironclad has a cowboy hat","vexMod"],"gold_per_floor":[117,130,9,22,22,52,52,83,107,107,107,107],"floor_reached":11,"language":"ENG","playtime":366,"items_purged":[],"score":101,"play_id":"f7b0715c-d5ce-436e-a98d-f0b5d5ba6747","local_time":"20210121033110","is_ascension_mode":true,"campfire_choices":[{"floor":7,"key":"REST"},{"floor":10,"key":"REST"}],"circlet_count":0,"master_deck":["dioMod:Strike","dioMod:Strike","dioMod:Strike","dioMod:Strike","Bite","dioMod:Defend","dioMod:Defend","dioMod:Defend","dioMod:Defend","dioMod:HeavyLifting","dioMod:CautiousMuda","dioMod:TripleThreat+1","Dramatic Entrance","dioMod:BloodTransfusion","Pot Of Greed","Pot Of Greed","dioMod:DominatingPresence","dioMod:BloodSplash"],"relics":["dioMod:VampireBlood","Grinning Jar","WingedGreaves"],"acts_visited":["Exordium"],"potions_floor_usage":[6,6],"damage_taken":[{"damage":5,"enemies":"Cultist","floor":1,"turns":4},{"damage":14,"enemies":"2 Louse","floor":2,"turns":2},{"damage":4,"enemies":"Jaw Worm","floor":4,"turns":4},{"damage":58,"enemies":"Lagavulin","floor":6,"turns":10},{"damage":70,"enemies":"Gremlin Nob","floor":8,"turns":7},{"damage":50,"enemies":"3 Sentries","floor":11,"turns":8}],"seed_played":"7787243327189794730","potions_obtained":[{"floor":2,"key":"Block Potion"},{"floor":4,"key":"Weak Potion"}],"is_trial":false,"path_per_floor":["M","M","$","M","?","E","R","E","T","R","E"],"character_chosen":"THE_DEFAULT","items_purchased":["dioMod:TripleThreat+1","Dramatic Entrance"],"campfire_rested":2,"item_purchase_floors":[3,3],"current_hp_per_floor":[80,74,74,77,77,42,66,15,15,39,0,0],"gold":107,"neow_bonus":"TEN_PERCENT_HP_BONUS","is_daily":false,"chose_seed":false,"campfire_upgraded":0,"win_rate":0.0,"timestamp":1611221470,"path_taken":["M","M","?","M","?","E","R","E","T","R","E"],"items_purchased_type":["Card","Card"],"build_version":"2020-12-22","purchased_purges":0,"victory":false,"max_hp_per_floor":[82,82,82,82,82,82,82,82,82,82,82,82],"card_choices":[{"not_picked":["dioMod:DisarmingVoice","dioMod:GoodbyeJojo"],"picked":"dioMod:HeavyLifting","floor":1},{"not_picked":["dioMod:FlyAway","dioMod:SlashThroughTime"],"picked":"dioMod:CautiousMuda","floor":2},{"not_picked":["dioMod:LaserVision","dioMod:ComposedMuda"],"picked":"dioMod:BloodTransfusion","floor":4},{"not_picked":["dioMod:BlendIn","dioMod:BloodSuck"],"picked":"dioMod:DominatingPresence","floor":6},{"not_picked":["dioMod:SecretPlan","dioMod:DarkRebirth"],"picked":"dioMod:BloodSplash","floor":8}],"player_experience":432007,"relics_obtained":[{"floor":6,"key":"Grinning Jar"},{"floor":8,"key":"WingedGreaves"}],"event_choices":[],"is_beta":false,"boss_relics":[],"items_purged_floors":[],"is_endless":false,"potions_floor_spawned":[2,4],"killed_by":"3 Sentries","ascension_level":5}}