{"host":"8tgyo6jwzgmjsiz5","time":1611253010,"event":{"mods":["AchievementEnabler","BaseMod","Best Route Mod","Colored Map","Highlight Path","Minty Spire (QoL Compilation)","Permanent Neow","Quick Restart","StSLib","SuperFastMode","everything is the same but u backflip on backflip"],"gold_per_floor":[116,132,207,34,51,51,68,95,144,159,174,174,184,248,248,322,322,334,348,447,447,122,122,156,156,231,264,264,34,49,49,49,120,120,135,135,152,74,85,85,115,133,133,133,166,41,76,76,76,76,76,76,30,61,61],"floor_reached":56,"language":"ENG","playtime":4111,"items_purged":["Strike_G","Shame","Doubt"],"score":2574,"play_id":"6c06eeaa-f71a-4f3a-8713-c3192bc6ff4e","local_time":"20210121151650","is_ascension_mode":true,"campfire_choices":[{"data":"Neutralize","floor":6.0,"key":"SMITH"},{"data":"Dagger Spray","floor":12.0,"key":"SMITH"},{"data":"Envenom","floor":15.0,"key":"SMITH"},{"data":"Apotheosis","floor":23.0,"key":"SMITH"},{"data":"Footwork","floor":32.0,"key":"SMITH"},{"data":"Footwork","floor":40.0,"key":"SMITH"},{"floor":49,"key":"RECALL"},{"data":"Noxious Fumes","floor":52,"key":"SMITH"}],"circlet_count":0,"master_deck":["AscendersBane","Defend_G+1","Defend_G+1","Defend_G+1","Defend_G+1","Defend_G+1","Survivor","Neutralize+1","Quick Slash","Dash","Poisoned Stab","Backflip","Slice","Blur","Deadly Poison","Dagger Spray+1","Envenom+1","Burst","Blur+1","Acrobatics","Bite","Bite","Bite","Bite","Bite","Apotheosis+1","Blur","Adrenaline","Prepared","Cloak And Dagger","Prepared","Noxious Fumes+1","Flash of Steel","Footwork+1","Ghostly","Ghostly","Ghostly","Ghostly","Ghostly","Tools of the Trade","Cloak And Dagger","Acrobatics","Footwork+1","Blade Dance","Cloak And Dagger","Acrobatics","Bullet Time","Prepared","Catalyst"],"relics":["Ring of the Snake","Calipers","Mercury Hourglass","Lantern","Nunchaku","HoveringKite","Orrery","Oddly Smooth Stone","Kunai","Vajra","Cursed Key","Bottled Lightning","Snake Skull","Gremlin Horn","Sundial","CaptainsWheel"],"acts_visited":["Exordium","TheCity","TheBeyond","TheEnding"],"potions_floor_usage":[55],"damage_taken":[{"damage":0.0,"enemies":"Cultist","floor":1.0,"turns":4.0},{"damage":1.0,"enemies":"Small Slimes","floor":2.0,"turns":4.0},{"damage":2.0,"enemies":"Jaw Worm","floor":5.0,"turns":4.0},{"damage":4.0,"enemies":"3 Louse","floor":7.0,"turns":6.0},{"damage":11.0,"enemies":"Lagavulin","floor":8.0,"turns":6.0},{"damage":0.0,"enemies":"2 Fungi Beasts","floor":10.0,"turns":3.0},{"damage":0.0,"enemies":"Blue Slaver","floor":11.0,"turns":3.0},{"damage":0.0,"enemies":"Large Slime","floor":13.0,"turns":4.0},{"damage":5.0,"enemies":"3 Sentries","floor":14.0,"turns":5.0},{"damage":11.0,"enemies":"The Guardian","floor":16.0,"turns":8.0},{"damage":16.0,"enemies":"3 Byrds","floor":18.0,"turns":5.0},{"damage":10.0,"enemies":"Shell Parasite","floor":19.0,"turns":6.0},{"damage":7.0,"enemies":"Book of Stabbing","floor":24.0,"turns":7.0},{"damage":0.0,"enemies":"Gremlin Leader","floor":27.0,"turns":11.0},{"damage":7.0,"enemies":"Centurion and Healer","floor":30.0,"turns":7.0},{"damage":0.0,"enemies":"Champ","floor":33.0,"turns":14.0},{"damage":0.0,"enemies":"3 Shapes","floor":35.0,"turns":4.0},{"damage":0.0,"enemies":"Orb Walker","floor":37.0,"turns":4.0},{"damage":0.0,"enemies":"Sphere and 2 Shapes","floor":39.0,"turns":8.0},{"damage":0.0,"enemies":"Nemesis","floor":41.0,"turns":7.0},{"damage":0.0,"enemies":"4 Shapes","floor":42.0,"turns":6.0},{"damage":0,"enemies":"Reptomancer","floor":45,"turns":6},{"damage":0,"enemies":"Giant Head","floor":47,"turns":8},{"damage":0,"enemies":"Awakened One","floor":50,"turns":11},{"damage":0,"enemies":"Shield and Spear","floor":54,"turns":8},{"damage":0,"enemies":"The Heart","floor":55,"turns":10}],"seed_played":"-1393340366106034747","potions_obtained":[{"floor":5.0,"key":"BlessingOfTheForge"},{"floor":10.0,"key":"Regen Potion"},{"floor":11.0,"key":"LiquidBronze"},{"floor":19.0,"key":"PowerPotion"},{"floor":30.0,"key":"Strength Potion"},{"floor":54,"key":"LiquidMemories"}],"is_trial":false,"path_per_floor":["M","M","?","$","M","R","M","E","T","M","M","R","M","?","R","B",null,"M","M","?","?","$","R","E","?","T","E","?","$","M","?","R","B",null,"M","?","M","$","M","R","E","M","T","?","E","$","E","?","R","B",null,"R","$","E","B",null],"character_chosen":"THE_SILENT","items_purchased":["Poisoned Stab","Weak Potion","Apotheosis","Orrery","Noxious Fumes","Flash of Steel","Footwork","Prepared"],"campfire_rested":0,"item_purchase_floors":[4,4,22,22,29,29,38,53],"current_hp_per_floor":[59,58,52,52,50,50,46,35,35,35,35,35,35,30,30,19,50,34,24,24,24,24,24,35,35,35,42,42,42,41,21,21,21,21,21,20,20,20,20,20,20,20,20,20,20,20,20,20,20,20,20,20,20,20,20],"gold":61,"neow_bonus":"ONE_RARE_RELIC","is_daily":false,"chose_seed":false,"campfire_upgraded":7,"win_rate":0.0,"timestamp":1611253010,"path_taken":["M","M","?","$","M","R","M","E","T","M","?","R","M","?","R","BOSS","M","M","?","?","$","R","E","?","T","E","?","$","?","?","R","BOSS","M","?","M","$","M","R","E","M","T","?","E","?","E","?","R","BOSS","R","$","E","BOSS"],"items_purchased_type":["Card","Potion","Card","Relic","Card","Card","Card","Card"],"build_version":"2020-12-22","purchased_purges":3,"victory":true,"max_hp_per_floor":[60,60,60,60,60,60,60,60,60,60,60,60,60,60,60,60,60,60,60,60,42,42,42,42,42,42,42,42,42,42,21,21,21,21,21,20,20,20,20,20,20,20,20,20,20,20,20,20,20,20,20,20,20,20,20],"card_choices":[{"not_picked":["Backflip","Underhanded Strike"],"picked":"Quick Slash","floor":1.0},{"not_picked":["PiercingWail","Acrobatics"],"picked":"Dash","floor":2.0},{"not_picked":["Outmaneuver","Flechettes"],"picked":"Backflip","floor":5.0},{"not_picked":["Riddle With Holes","Terror"],"picked":"Slice","floor":7.0},{"not_picked":["Blade Dance","Bane"],"picked":"Blur","floor":8.0},{"not_picked":["Flying Knee","Underhanded Strike"],"picked":"Deadly Poison","floor":10.0},{"not_picked":["Predator","Underhanded Strike"],"picked":"Dagger Spray","floor":11.0},{"not_picked":["Tactician","Distraction","Flying Knee"],"picked":"SKIP","floor":13.0},{"not_picked":["Quick Slash","Underhanded Strike"],"picked":"Envenom","floor":14.0},{"not_picked":["Glass Knife","After Image"],"picked":"Burst","floor":16.0},{"not_picked":["Slice","Quick Slash"],"picked":"Blur+1","floor":18.0},{"not_picked":["Bane","Poisoned Stab"],"picked":"Acrobatics","floor":19.0},{"not_picked":["Slice","Deflect"],"picked":"Blur","floor":22.0},{"not_picked":["Outmaneuver","Terror"],"picked":"Adrenaline","floor":22.0},{"not_picked":["Caltrops","Quick Slash+1"],"picked":"Prepared","floor":22.0},{"not_picked":["Bane","Blade Dance"],"picked":"Cloak And Dagger","floor":22.0},{"not_picked":["Reflex","Expertise","Blade Dance"],"picked":"SKIP","floor":24.0},{"not_picked":["Cloak And Dagger","Sucker Punch+1"],"picked":"Prepared","floor":27.0},{"not_picked":["Poisoned Stab","Bane"],"picked":"Footwork","floor":30.0},{"not_picked":["Night Terror","Phantasmal Killer"],"picked":"Tools of the Trade","floor":33.0},{"not_picked":["Poisoned Stab","Leg Sweep"],"picked":"Cloak And Dagger","floor":35.0},{"not_picked":["Backstab","Expertise"],"picked":"Acrobatics","floor":37.0},{"not_picked":["Deadly Poison+1","Concentrate"],"picked":"Blade Dance","floor":39.0},{"not_picked":["Deadly Poison+1","Poisoned Stab"],"picked":"Cloak And Dagger","floor":41.0},{"not_picked":["Slice","Deflect"],"picked":"Acrobatics","floor":42},{"not_picked":["PiercingWail","Sucker Punch+1"],"picked":"Bullet Time","floor":45},{"not_picked":["Flying Knee","Dodge and Roll","Outmaneuver+1"],"picked":"SKIP","floor":47},{"not_picked":["Choke+1","Terror"],"picked":"Catalyst","floor":54}],"player_experience":1906184,"relics_obtained":[{"floor":8.0,"key":"Mercury Hourglass"},{"floor":9.0,"key":"Lantern"},{"floor":14.0,"key":"Nunchaku"},{"floor":24.0,"key":"Oddly Smooth Stone"},{"floor":27.0,"key":"Kunai"},{"floor":41.0,"key":"Bottled Lightning"},{"floor":43,"key":"Snake Skull"},{"floor":45,"key":"Gremlin Horn"},{"floor":47,"key":"Sundial"},{"floor":54,"key":"CaptainsWheel"}],"event_choices":[{"damage_healed":0.0,"max_hp_gain":0.0,"max_hp_loss":0.0,"gold_gain":75.0,"event_name":"FaceTrader","player_choice":"Touch","floor":3.0,"gold_loss":0.0,"damage_taken":6.0},{"damage_healed":0.0,"max_hp_gain":0.0,"max_hp_loss":0.0,"gold_gain":0.0,"event_name":"Dead Adventurer","player_choice":"Searched \u00272\u0027 times","floor":14.0,"gold_loss":0.0,"damage_taken":0.0},{"damage_healed":0.0,"max_hp_gain":0.0,"max_hp_loss":0.0,"gold_gain":99.0,"event_name":"Nest","player_choice":"Stole From Cult","floor":20.0,"gold_loss":0.0,"damage_taken":0.0},{"damage_healed":0.0,"max_hp_gain":0.0,"max_hp_loss":18.0,"gold_gain":0.0,"event_name":"Vampires","player_choice":"Became a vampire","floor":21.0,"gold_loss":0.0,"damage_taken":0.0,"cards_obtained":["Bite","Bite","Bite","Bite","Bite"]},{"damage_healed":0.0,"max_hp_gain":0.0,"max_hp_loss":0.0,"gold_gain":0.0,"event_name":"Back to Basics","player_choice":"Simplicity","floor":25.0,"gold_loss":0.0,"damage_taken":0.0,"cards_upgraded":["Defend_G","Defend_G","Defend_G","Defend_G","Defend_G"]},{"damage_healed":0.0,"max_hp_gain":0.0,"max_hp_loss":0.0,"gold_gain":0.0,"event_name":"Addict","player_choice":"Stole Relic","floor":28.0,"gold_loss":0.0,"damage_taken":0.0,"relics_obtained":["Vajra"],"cards_obtained":["Shame"]},{"damage_healed":0.0,"max_hp_gain":0.0,"max_hp_loss":21.0,"gold_gain":0.0,"event_name":"Ghosts","player_choice":"Became a Ghost","floor":31.0,"gold_loss":0.0,"damage_taken":0.0,"cards_obtained":["Ghostly","Ghostly","Ghostly","Ghostly","Ghostly"]},{"damage_healed":0.0,"max_hp_gain":0.0,"max_hp_loss":1.0,"gold_gain":0.0,"event_name":"Winding Halls","player_choice":"Max HP","floor":36.0,"gold_loss":0.0,"damage_taken":0.0},{"damage_healed":0,"gold_gain":0,"player_choice":"Got Potions","damage_taken":0,"max_hp_gain":0,"max_hp_loss":0,"event_name":"Lab","floor":44,"gold_loss":0},{"damage_healed":0,"gold_gain":0,"player_choice":"Memory 1","damage_taken":0,"max_hp_gain":0,"max_hp_loss":0,"event_name":"SensoryStone","floor":48,"gold_loss":0}],"is_beta":false,"boss_relics":[{"not_picked":["Astrolabe","Coffee Dripper"],"picked":"HoveringKite"},{"not_picked":["Ring of the Serpent","WristBlade"],"picked":"Cursed Key"}],"items_purged_floors":[4,29,46],"is_endless":false,"potions_floor_spawned":[5,10,11,16,19,30,33,37,45,54],"ascension_level":14}}