{"host":"0mk07bycsqo1qk03","time":1611220622,"event":{"mods":["BaseMod","Downfall","Hermit","Hubris","Minty Spire (QoL Compilation)","StSLib","The Cursed"],"gold_per_floor":[109,119,131,56,56,83,96,96,96,96,96,96,96,96,96],"floor_reached":14,"language":"ENG","playtime":266,"items_purged":["hubris:Disease"],"score":176,"play_id":"70ffe5ab-588e-418e-b4fb-5069ac35931a","local_time":"20210121101702","is_ascension_mode":true,"campfire_choices":[{"data":"True Grit","floor":8,"key":"SMITH"},{"data":"hubris:DuctTapeCard","floor":10,"key":"SMITH"},{"data":"Immolate","floor":12,"key":"SMITH"}],"circlet_count":0,"master_deck":["AscendersBane","Strike_R","Strike_R","Strike_R","Strike_R","Strike_R","Defend_R","Defend_R","Defend_R","Defend_R","Bash","Immolate+1","Infernal Blade","Offering","Sentinel","hubris:DuctTapeCard+2"],"relics":["Burning Blood","Mummified Hand","Orichalcum","hubris:DuctTape","Regal Pillow"],"acts_visited":["Exordium"],"potions_floor_usage":[6],"damage_taken":[{"damage":1,"enemies":"Cultist","floor":1,"turns":4},{"damage":0,"enemies":"2 Louse","floor":2,"turns":2},{"damage":11,"enemies":"Small Slimes","floor":3,"turns":3},{"damage":31,"enemies":"Lagavulin","floor":6,"turns":4},{"damage":6,"enemies":"Red Slaver","floor":7,"turns":4},{"damage":43,"enemies":"Gremlin Nob","floor":14,"turns":3}],"seed_played":"6084213229616628450","potions_obtained":[{"floor":2,"key":"BlessingOfTheForge"},{"floor":6,"key":"Swift Potion"}],"is_trial":false,"path_per_floor":["M","M","M","$","?","E","M","R","T","R","?","R","?","E"],"character_chosen":"IRONCLAD","items_purchased":[],"campfire_rested":0,"item_purchase_floors":[],"current_hp_per_floor":[73,75,70,70,70,45,45,45,45,45,34,34,34,0,0],"gold":96,"neow_bonus":"THREE_RARE_CARDS","is_daily":false,"chose_seed":false,"campfire_upgraded":3,"win_rate":0.0,"timestamp":1611220622,"path_taken":["M","M","M","$","?","E","M","R","T","R","?","R","?","E"],"items_purchased_type":[],"build_version":"2020-12-22","purchased_purges":1,"victory":false,"max_hp_per_floor":[75,75,75,75,75,75,75,75,75,75,75,75,75,75,75],"card_choices":[{"not_picked":["hubris:StunningStrike","Offering"],"picked":"Immolate","floor":0},{"not_picked":["Metallicize","Sentinel"],"picked":"True Grit","floor":1},{"not_picked":["Rage","Headbutt"],"picked":"Battle Trance","floor":2},{"not_picked":["Pommel Strike","Twin Strike"],"picked":"Infernal Blade","floor":3},{"not_picked":["Clothesline","Warcry"],"picked":"Offering","floor":6},{"not_picked":["Dual Wield","Uppercut"],"picked":"Sentinel","floor":7}],"player_experience":935660,"relics_obtained":[{"floor":6,"key":"Orichalcum"},{"floor":9,"key":"hubris:DuctTape"}],"event_choices":[{"damage_healed":0,"gold_gain":0,"player_choice":"Box","damage_taken":0,"relics_obtained":["Mummified Hand"],"max_hp_gain":0,"max_hp_loss":0,"event_name":"Big Fish","floor":5,"gold_loss":0,"cards_obtained":["Regret"]},{"damage_healed":0,"gold_gain":0,"player_choice":"Success","damage_taken":11,"relics_obtained":["Regal Pillow"],"max_hp_gain":0,"max_hp_loss":0,"event_name":"Scrap Ooze","floor":11,"gold_loss":0},{"cards_removed":["Regret"],"damage_healed":0,"gold_gain":0,"player_choice":"Removed Curses","damage_taken":0,"max_hp_gain":0,"max_hp_loss":0,"event_name":"Fountain of Cleansing","floor":13,"gold_loss":0}],"is_beta":false,"boss_relics":[],"items_purged_floors":[4],"is_endless":false,"potions_floor_spawned":[2,6],"killed_by":"Gremlin Nob","ascension_level":20}}