{"host":"fmb9x04chdot191d","time":1611188739,"event":{"mods":["2.2 Compatiblity","AchievementEnabler","BaseMod","Downfall","Hermit","Highlight Path","Marisa（霧雨　魔理沙）","Minty Spire (QoL Compilation)","Quick Restart","Rare Cards Sparkle","StSLib","The Cursed"],"gold_per_floor":[112,112,112,123,123,156,156,188,215,215,241,241,254,269,269,368,418,437,133,151,151,151,151,183,183,183,18,44,44,56,81,81,81,81],"floor_reached":33,"language":"ENG","playtime":1774,"items_purged":["Strike_MRS"],"score":299,"play_id":"bc300ceb-f580-4fbe-b22e-a4fc6e00f1ac","local_time":"20210121132539","is_ascension_mode":false,"campfire_choices":[{"floor":7.0,"key":"REST"},{"floor":10.0,"key":"REST"},{"data":"BinaryStars","floor":12.0,"key":"SMITH"},{"data":"StarDustReverie","floor":15.0,"key":"SMITH"},{"floor":23.0,"key":"REST"},{"floor":25,"key":"REST"},{"floor":32,"key":"REST"}],"circlet_count":0,"master_deck":["Strike_MRS","Strike_MRS+1","Strike_MRS+1","Defend_MRS","Defend_MRS","Defend_MRS","Defend_MRS+1","MasterSpark","UpSweep+1","OrrerysSun+1","StarDustReverie+1","BinaryStars+1","ManaRampage","MysteriousBeam","SuperPerseids","EnergyRecoil","PowerUp+1","Discovery","OrrerysSun","SuperPerseids+1","MagicChant+1"],"relics":["MiniHakkero","Meat on the Bone","Shuriken","Whetstone","MealTicket","Bag of Marbles","Blood Vial","Tiny House","PreservedInsect","Vajra","Bottled Flame","Toxic Egg 2","Red Mask"],"acts_visited":["Exordium","TheCity"],"potions_floor_usage":[33,33],"damage_taken":[{"damage":1.0,"enemies":"Jaw Worm","floor":1.0,"turns":3.0},{"damage":0.0,"enemies":"Cultist","floor":4.0,"turns":3.0},{"damage":30.0,"enemies":"3 Sentries","floor":6.0,"turns":9.0},{"damage":11.0,"enemies":"Gremlin Nob","floor":8.0,"turns":4.0},{"damage":9.0,"enemies":"3 Sentries","floor":11.0,"turns":8.0},{"damage":0.0,"enemies":"2 Louse","floor":13.0,"turns":2.0},{"damage":3.0,"enemies":"2 Fungi Beasts","floor":14.0,"turns":3.0},{"damage":3.0,"enemies":"Hexaghost","floor":16.0,"turns":6.0},{"damage":13.0,"enemies":"2 Thieves","floor":18.0,"turns":4.0},{"damage":7.0,"enemies":"Shell Parasite","floor":20.0,"turns":2.0},{"damage":39,"enemies":"Slavers","floor":24,"turns":5},{"damage":19,"enemies":"Book of Stabbing","floor":28,"turns":3},{"damage":5,"enemies":"Cultist and Chosen","floor":30,"turns":3},{"damage":17,"enemies":"Masked Bandits","floor":31,"turns":4},{"damage":75,"enemies":"Collector","floor":33,"turns":6}],"seed_played":"2117354367189939259","potions_obtained":[{"floor":6.0,"key":"PowerPotion"},{"floor":11.0,"key":"Weak Potion"},{"floor":14.0,"key":"Slimebound:ThreeZeroPotion"},{"floor":17.0,"key":"BottledSpark"},{"floor":20.0,"key":"EntropicBrew"}],"is_trial":false,"path_per_floor":["M","?","T","M","?","E","R","E","T","R","E","R","M","M","R","B",null,"M","$","M","?","?","R","E","R","T","$","E","?","M","?","R","B"],"character_chosen":"MARISA","items_purchased":["PreservedInsect","SuperPerseids","Discovery","OrrerysSun"],"campfire_rested":5,"item_purchase_floors":[19,19,27,27],"current_hp_per_floor":[74,74,74,74,71,41,63,52,52,74,65,65,67,66,66,65,80,67,80,73,73,58,83,46,71,71,85,66,66,63,48,73,0,0],"gold":81,"neow_bonus":"UPGRADE_CARD","is_daily":false,"chose_seed":false,"campfire_upgraded":2,"win_rate":0.0,"timestamp":1611188739,"path_taken":["M","?","?","M","?","E","R","E","T","R","E","R","?","?","R","BOSS","M","$","M","?","?","R","E","R","T","$","E","?","M","?","R","BOSS"],"items_purchased_type":["Relic","Card","Card","Card"],"build_version":"2020-12-22","purchased_purges":1,"victory":false,"max_hp_per_floor":[75,75,75,75,75,75,75,75,75,75,75,75,75,75,75,75,80,80,80,80,80,85,85,85,85,85,85,85,85,85,85,85,85,85],"card_choices":[{"not_picked":["UnstableBomb","GalacticHalo"],"picked":"OrrerysSun","floor":1.0},{"not_picked":["MagicAbsorber","SporeBomb","DoubleSpark"],"picked":"SKIP","floor":4.0},{"not_picked":["MilkyWay","DoubleSpark"],"picked":"StarDustReverie","floor":6.0},{"not_picked":["SprinkleStarSeal","SporeBomb","GravityBeat"],"picked":"SKIP","floor":8.0},{"not_picked":["PulseMagic","EnergyFlow"],"picked":"BinaryStars","floor":11.0},{"not_picked":["SporeBomb","ShootingEcho","OpenUniverse"],"picked":"SKIP","floor":13.0},{"not_picked":["ShootingEcho","DC","OneTimeOff"],"picked":"SKIP","floor":14.0},{"not_picked":["SuperNova","BlazingStar"],"picked":"ManaRampage","floor":16.0},{"not_picked":["StarBarrage","IllusionStar"],"picked":"MysteriousBeam","floor":17.0},{"not_picked":["NonDirectionalLaser","SporeBomb+1","ShootingEcho+1"],"picked":"SKIP","floor":18.0},{"not_picked":["AsteroidBelt","DarkSpark+1"],"picked":"EnergyRecoil","floor":20.0},{"not_picked":["AlicesGift+1","WitchLeyline+1"],"picked":"PowerUp+1","floor":24},{"not_picked":["GrandCross","GravityBeat"],"picked":"SuperPerseids+1","floor":28},{"not_picked":["Robbery","IllusionStar+1","DragonMeteor"],"picked":"SKIP","floor":30},{"not_picked":["NonDirectionalLaser","Acceleration+1"],"picked":"MagicChant+1","floor":31}],"player_experience":12877,"relics_obtained":[{"floor":3.0,"key":"Meat on the Bone"},{"floor":6.0,"key":"Whetstone"},{"floor":8.0,"key":"MealTicket"},{"floor":9.0,"key":"Bag of Marbles"},{"floor":11.0,"key":"Blood Vial"},{"floor":24,"key":"Vajra"},{"floor":26,"key":"Bottled Flame"},{"floor":28,"key":"Toxic Egg 2"},{"floor":31,"key":"Red Mask"}],"event_choices":[{"damage_healed":0.0,"max_hp_gain":0.0,"max_hp_loss":0.0,"gold_gain":0.0,"event_name":"Living Wall","player_choice":"Grow","floor":2.0,"gold_loss":0.0,"damage_taken":0.0,"cards_upgraded":["OrrerysSun"]},{"damage_healed":0.0,"max_hp_gain":0.0,"max_hp_loss":0.0,"gold_gain":0.0,"event_name":"Scrap Ooze","player_choice":"Success","floor":5.0,"gold_loss":0.0,"damage_taken":3.0,"relics_obtained":["Shuriken"]},{"damage_healed":0.0,"max_hp_gain":0.0,"max_hp_loss":0.0,"gold_gain":0.0,"event_name":"Ghosts","player_choice":"Ignored","floor":21.0,"gold_loss":0.0,"damage_taken":0.0},{"damage_healed":0.0,"max_hp_gain":5.0,"max_hp_loss":0.0,"gold_gain":0.0,"event_name":"Forgotten Altar","player_choice":"Shed Blood","floor":22.0,"gold_loss":0.0,"damage_taken":20.0},{"damage_healed":0,"gold_gain":0,"player_choice":"Fought Bandits","damage_taken":0,"max_hp_gain":0,"max_hp_loss":0,"event_name":"Masked Bandits","floor":31,"gold_loss":0}],"is_beta":false,"boss_relics":[{"not_picked":["Fusion Hammer","Ectoplasm"],"picked":"Tiny House"}],"items_purged_floors":[19],"is_endless":false,"potions_floor_spawned":[6,11,14,18,20,30],"killed_by":"Collector","ascension_level":0}}