{"host":"mai03x2ekbjy4059","time":1611191284,"event":{"mods":["2.2 Compatiblity","BaseMod","Colored Map","DeckTracker","Keyboard Shortcuts","Minty Spire (QoL Compilation)","Permanent Neow","Quick Restart","SuperFastMode","everything is the same but u backflip on backflip"],"gold_per_floor":[116,116,127,137,137,170,170,180,180,205,235,250,175,207,207,309,309,325,341,6,22,22,57,74,106,106,120,132,132,159,172,172,271,271,291,309,320,373,390,423,423,423,423,439,474,474,474,501,501,501,501,501,158,188,188],"floor_reached":56,"language":"KOR","playtime":2040,"items_purged":["Strike_G","Strike_G","Strike_G"],"score":1682,"play_id":"e1b95508-0c1c-44c4-adf5-e84517a5c50b","local_time":"20210121100804","is_ascension_mode":true,"campfire_choices":[{"data":"Cloak And Dagger","floor":7.0,"key":"SMITH"},{"data":"Blade Dance","floor":15.0,"key":"SMITH"},{"data":"Cloak And Dagger","floor":32,"key":"SMITH"},{"floor":46,"key":"DIG"},{"floor":49,"key":"RECALL"},{"floor":52,"key":"DIG"}],"circlet_count":0,"master_deck":["Strike_G","Strike_G+1","Defend_G","Defend_G","Defend_G","Defend_G+1","Defend_G","Survivor","Neutralize","After Image+1","Masterful Stab","Backflip+1","Cloak And Dagger+1","Terror+1","Backflip","Blade Dance+1","Escape Plan","Adrenaline","Infinite Blades+1","Cloak And Dagger+1","Cloak And Dagger+1","Accuracy+1","Adrenaline","Blade Dance","Impatience","Panache+1","Dramatic Entrance","Accuracy+1","Accuracy+1"],"relics":["Ring of the Snake","Question Card","HornCleat","Odd Mushroom","Bottled Tornado","Lantern","Black Star","Membership Card","Frozen Egg 2","Blue Candle","Incense Burner","Gremlin Horn","Potion Belt","Ginger","Tiny Chest","Meat on the Bone","WristBlade","Shovel","Nunchaku","PreservedInsect","Sundial","Ornamental Fan","Du-Vu Doll","Oddly Smooth Stone","War Paint","Centennial Puzzle","Mummified Hand","Bag of Marbles","ClockworkSouvenir","Blood Vial","Ninja Scroll","Snake Skull"],"acts_visited":["Exordium","TheCity","TheBeyond","TheEnding"],"potions_floor_usage":[24,38,55,55,55,55,55],"damage_taken":[{"damage":0.0,"enemies":"Small Slimes","floor":1.0,"turns":6.0},{"damage":0.0,"enemies":"Jaw Worm","floor":3.0,"turns":3.0},{"damage":0.0,"enemies":"Cultist","floor":4.0,"turns":3.0},{"damage":0.0,"enemies":"Lagavulin","floor":6.0,"turns":8.0},{"damage":6.0,"enemies":"3 Louse","floor":8.0,"turns":3.0},{"damage":0.0,"enemies":"The Mushroom Lair","floor":10.0,"turns":4.0},{"damage":2.0,"enemies":"3 Sentries","floor":11.0,"turns":10.0},{"damage":0.0,"enemies":"Gremlin Gang","floor":12.0,"turns":4.0},{"damage":0.0,"enemies":"Gremlin Nob","floor":14.0,"turns":4.0},{"damage":0.0,"enemies":"Slime Boss","floor":16.0,"turns":10.0},{"damage":0,"enemies":"3 Byrds","floor":18,"turns":5},{"damage":0,"enemies":"Shell Parasite","floor":19,"turns":4},{"damage":4,"enemies":"Sentry and Sphere","floor":21,"turns":7},{"damage":7,"enemies":"Slavers","floor":23,"turns":9},{"damage":2,"enemies":"Cultist and Chosen","floor":24,"turns":6},{"damage":0,"enemies":"Book of Stabbing","floor":25,"turns":6},{"damage":12,"enemies":"Snake Plant","floor":27,"turns":6},{"damage":8,"enemies":"Sentry and Sphere","floor":28,"turns":6},{"damage":0,"enemies":"Gremlin Leader","floor":30,"turns":5},{"damage":0,"enemies":"Chosen and Byrds","floor":31,"turns":5},{"damage":30,"enemies":"Automaton","floor":33,"turns":10},{"damage":0,"enemies":"3 Darklings","floor":35,"turns":3},{"damage":0,"enemies":"3 Shapes","floor":36,"turns":3},{"damage":0,"enemies":"3 Darklings","floor":37,"turns":2},{"damage":1,"enemies":"2 Orb Walkers","floor":38,"turns":4},{"damage":0,"enemies":"Spire Growth","floor":39,"turns":3},{"damage":0,"enemies":"Giant Head","floor":40,"turns":3},{"damage":0,"enemies":"Sphere and 2 Shapes","floor":44,"turns":1},{"damage":5,"enemies":"Reptomancer","floor":45,"turns":3},{"damage":0,"enemies":"Nemesis","floor":48,"turns":3},{"damage":0,"enemies":"Donu and Deca","floor":50,"turns":6},{"damage":2,"enemies":"Shield and Spear","floor":54,"turns":3},{"damage":14,"enemies":"The Heart","floor":55,"turns":4}],"seed_played":"-8906115161733791710","potions_obtained":[{"floor":3.0,"key":"FairyPotion"},{"floor":4.0,"key":"CunningPotion"},{"floor":6.0,"key":"SkillPotion"},{"floor":11.0,"key":"Fire Potion"},{"floor":12.0,"key":"AttackPotion"},{"floor":18,"key":"DuplicationPotion"},{"floor":19,"key":"SteroidPotion"},{"floor":28,"key":"Block Potion"},{"floor":30,"key":"Swift Potion"},{"floor":35,"key":"Swift Potion"},{"floor":39,"key":"SpeedPotion"},{"floor":40,"key":"EssenceOfSteel"}],"is_trial":false,"path_per_floor":["M","?","M","M","?","E","R","M","T","?","E","M","$","E","R","B",null,"M","M","$","M","?","E","M","E","T","M","M","?","E","M","R","B",null,"M","M","M","?","M","E","?","T","T","M","E","R","?","E","R","B",null,"R","$","E","B",null],"character_chosen":"THE_SILENT","items_purchased":["Membership Card","Frozen Egg 2","Infinite Blades+1","Accuracy+1","Bag of Marbles","ClockworkSouvenir","Blood Vial","Strength Potion"],"campfire_rested":0,"item_purchase_floors":[20,20,20,53,53,53,53,53],"current_hp_per_floor":[70,56,56,56,56,56,56,50,50,50,48,48,48,48,48,48,70,70,70,70,66,66,59,57,57,57,45,37,37,37,37,37,19,70,70,70,70,69,69,69,59,59,59,59,54,54,54,54,54,54,70,70,70,68,56],"gold":188,"neow_bonus":"ONE_RANDOM_RARE_CARD","is_daily":false,"chose_seed":false,"campfire_upgraded":3,"win_rate":0.0,"timestamp":1611191284,"path_taken":["M","?","M","M","?","E","R","M","T","?","E","M","$","E","R","BOSS","M","M","$","M","?","E","?","E","T","M","M","?","E","M","R","BOSS","M","M","?","?","M","E","?","?","T","?","E","R","?","E","R","BOSS","R","$","E","BOSS"],"items_purchased_type":["Relic","Relic","Card","Card","Relic","Relic","Relic","Potion"],"build_version":"2020-12-22","purchased_purges":3,"victory":true,"max_hp_per_floor":[70,70,70,70,70,70,70,70,70,70,70,70,70,70,70,70,70,70,70,70,70,70,70,70,70,70,70,70,70,70,70,70,70,70,70,70,70,70,70,70,70,70,70,70,70,70,70,70,70,70,70,70,70,70,70],"card_choices":[{"not_picked":["Poisoned Stab","Dagger Spray"],"picked":"Masterful Stab","floor":1.0},{"not_picked":["Underhanded Strike","Caltrops"],"picked":"Backflip","floor":3.0},{"not_picked":["Catalyst","Tactician","Acrobatics"],"picked":"SKIP","floor":4.0},{"not_picked":["Eviscerate","Predator"],"picked":"Cloak And Dagger","floor":6.0},{"not_picked":["Backflip","Poisoned Stab","Eviscerate"],"picked":"Terror","floor":8.0},{"not_picked":["Expertise","Acrobatics","Underhanded Strike"],"picked":"Backflip","floor":10.0},{"not_picked":["Terror","Riddle With Holes","Poisoned Stab","Dagger Throw"],"picked":"SKIP","floor":11.0},{"not_picked":["Setup","Slice","Flying Knee"],"picked":"Blade Dance","floor":12.0},{"not_picked":["Leg Sweep","Heel Hook","Tools of the Trade"],"picked":"Escape Plan","floor":14.0},{"not_picked":["Envenom","Corpse Explosion","Wraith Form v2"],"picked":"Adrenaline","floor":16.0},{"not_picked":["Underhanded Strike","Dodge and Roll","Distraction","Acrobatics"],"picked":"SKIP","floor":18},{"not_picked":["Dagger Spray+1","Bane","Dodge and Roll","Flechettes"],"picked":"SKIP","floor":19},{"not_picked":["Backflip+1","Noxious Fumes+1","Quick Slash+1"],"picked":"Cloak And Dagger","floor":21},{"not_picked":["Calculated Gamble","Flechettes","Dagger Spray","Flying Knee"],"picked":"SKIP","floor":23},{"not_picked":["Sucker Punch+1","Slice","Choke","Dash"],"picked":"SKIP","floor":24},{"not_picked":["Slice","Deadly Poison","Endless Agony","Deflect"],"picked":"SKIP","floor":25},{"not_picked":["Outmaneuver+1","Bane","Malaise","Flying Knee+1"],"picked":"SKIP","floor":27},{"not_picked":["Poisoned Stab","Bane+1","Skewer","Tactician"],"picked":"SKIP","floor":28},{"not_picked":["Terror","Underhanded Strike+1","PiercingWail+1"],"picked":"Cloak And Dagger","floor":30},{"not_picked":["Dagger Spray","Deadly Poison+1","Deflect+1"],"picked":"Accuracy+1","floor":31},{"not_picked":["Unload","Doppelganger","Wraith Form v2+1"],"picked":"Adrenaline","floor":33},{"not_picked":["Leg Sweep","Eviscerate","Quick Slash","Poisoned Stab+1"],"picked":"SKIP","floor":35},{"not_picked":["Cloak And Dagger","Outmaneuver","Underhanded Strike","Skewer+1"],"picked":"SKIP","floor":36},{"not_picked":["Poisoned Stab+1","Glass Knife","Skewer","Deadly Poison"],"picked":"SKIP","floor":37},{"not_picked":["Choke+1","Outmaneuver","Acrobatics"],"picked":"Blade Dance","floor":38},{"not_picked":["Sucker Punch+1","Calculated Gamble+1","Catalyst+1","Deadly Poison+1"],"picked":"SKIP","floor":39},{"not_picked":["Masterful Stab","Slice+1","Dagger Throw","Unload"],"picked":"SKIP","floor":40},{"not_picked":["PanicButton","Chrysalis","Enlightenment"],"picked":"Impatience","floor":41},{"not_picked":["Discovery","Secret Technique","Madness"],"picked":"Panache+1","floor":41},{"not_picked":["Metamorphosis","Dark Shackles","Panacea"],"picked":"Dramatic Entrance","floor":41},{"not_picked":["Quick Slash+1","Slice","Outmaneuver","Dagger Spray+1"],"picked":"SKIP","floor":44},{"not_picked":["Quick Slash+1","Slice","Outmaneuver","Dagger Spray+1"],"picked":"SKIP","floor":44},{"not_picked":["PiercingWail+1","Dagger Spray+1","Calculated Gamble","Dagger Throw+1"],"picked":"SKIP","floor":45},{"not_picked":["Dagger Throw+1","Prepared","Acrobatics+1","Bane"],"picked":"SKIP","floor":48},{"not_picked":["Phantasmal Killer","Dagger Throw","Concentrate"],"picked":"Accuracy+1","floor":54}],"player_experience":1119190,"relics_obtained":[{"floor":6.0,"key":"Question Card"},{"floor":9.0,"key":"HornCleat"},{"floor":10.0,"key":"Odd Mushroom"},{"floor":11.0,"key":"Bottled Tornado"},{"floor":14.0,"key":"Lantern"},{"floor":23,"key":"Blue Candle"},{"floor":23,"key":"Incense Burner"},{"floor":25,"key":"Gremlin Horn"},{"floor":25,"key":"Potion Belt"},{"floor":26,"key":"Ginger"},{"floor":30,"key":"Tiny Chest"},{"floor":30,"key":"Meat on the Bone"},{"floor":38,"key":"Shovel"},{"floor":40,"key":"Nunchaku"},{"floor":40,"key":"PreservedInsect"},{"floor":43,"key":"Sundial"},{"floor":45,"key":"Ornamental Fan"},{"floor":45,"key":"Du-Vu Doll"},{"floor":46,"key":"Oddly Smooth Stone"},{"floor":48,"key":"War Paint"},{"floor":48,"key":"Centennial Puzzle"},{"floor":52,"key":"Mummified Hand"},{"floor":54,"key":"Ninja Scroll"},{"floor":54,"key":"Snake Skull"}],"event_choices":[{"damage_healed":0.0,"max_hp_gain":0.0,"max_hp_loss":0.0,"gold_gain":0.0,"event_name":"Shining Light","player_choice":"Entered Light","floor":2.0,"gold_loss":0.0,"damage_taken":14.0,"cards_upgraded":["Strike_G","After Image"]},{"damage_healed":0.0,"max_hp_gain":0.0,"max_hp_loss":0.0,"gold_gain":0.0,"event_name":"Liars Game","player_choice":"Ignored","floor":5.0,"gold_loss":0.0,"damage_taken":0.0},{"damage_healed":0.0,"max_hp_gain":0.0,"max_hp_loss":0.0,"gold_gain":0.0,"event_name":"Mushrooms","player_choice":"Fought Mushrooms","floor":10.0,"gold_loss":0.0,"damage_taken":0.0},{"damage_healed":0,"gold_gain":0,"player_choice":"Forge","damage_taken":0,"max_hp_gain":0,"max_hp_loss":0,"event_name":"Accursed Blacksmith","floor":22,"gold_loss":0,"cards_upgraded":["Terror"]},{"damage_healed":0,"gold_gain":0,"player_choice":"Upgraded","damage_taken":0,"max_hp_gain":0,"max_hp_loss":0,"event_name":"Upgrade Shrine","floor":29,"gold_loss":0,"cards_upgraded":["Cloak And Dagger"]},{"damage_healed":0,"gold_gain":0,"player_choice":"Fight","damage_taken":0,"max_hp_gain":0,"max_hp_loss":0,"event_name":"Mysterious Sphere","floor":38,"gold_loss":0},{"damage_healed":0,"gold_gain":0,"player_choice":"Memory 3","damage_taken":10,"max_hp_gain":0,"max_hp_loss":0,"event_name":"SensoryStone","floor":41,"gold_loss":0},{"damage_healed":0,"gold_gain":0,"player_choice":"Ignored","damage_taken":0,"max_hp_gain":0,"max_hp_loss":0,"event_name":"Tomb of Lord Red Mask","floor":47,"gold_loss":0}],"is_beta":false,"boss_relics":[{"not_picked":["Coffee Dripper","Pandora\u0027s Box"],"picked":"Black Star"},{"not_picked":["Ring of the Serpent","HoveringKite"],"picked":"WristBlade"}],"items_purged_floors":[13,20,53],"is_endless":false,"potions_floor_spawned":[3,4,6,11,12,18,19,28,30,35,37,39,40,44,48],"ascension_level":1}}