{"host":"ii8tx06h76eihyxi","time":1611246066,"event":{"mods":["BaseMod","Colored Map","Custom Start","DeckTracker","Minty Spire (QoL Compilation)","Relic Stats","Shop Mod","StSLib","The Disciple","The Runesmith"],"gold_per_floor":[110,130,142,155,169,204,220,234,302,302,302,323,346,446,446,571,571],"floor_reached":16,"language":"ENG","playtime":1701,"items_purged":[],"score":283,"play_id":"a0090c17-2a9d-4a4e-b246-5bfac129e681","local_time":"20210121112106","is_ascension_mode":false,"campfire_choices":[{"data":"Leg Sweep","floor":15,"key":"SMITH"}],"circlet_count":0,"master_deck":["Blade Dance+1","Acrobatics+1","Cloak And Dagger+1","Adrenaline+1","Adrenaline+1","Adrenaline+1","Adrenaline+1","Adrenaline+1","Adrenaline+1","Adrenaline+1","Accuracy+1","Infinite Blades+1","Footwork+1","Footwork+1","Footwork+1","Noxious Fumes+1","Noxious Fumes+1","Noxious Fumes+1","Cloak And Dagger","Backflip","Leg Sweep+1","Discovery","Riddle With Holes","A Thousand Cuts","Backflip","Bouncing Flask"],"relics":["Ring of the Snake","Bag of Preparation","Bird Faced Urn","Yang","Kunai","Ice Cream","Membership Card","Oddly Smooth Stone","Ring of the Serpent","Snake Skull","TwistedFunnel","WristBlade","Juzu Bracelet","Shuriken","Golden Idol"],"acts_visited":["Exordium"],"potions_floor_usage":[],"damage_taken":[{"damage":0,"enemies":"Small Slimes","floor":1,"turns":2},{"damage":0,"enemies":"Cultist","floor":2,"turns":2},{"damage":0,"enemies":"Jaw Worm","floor":3,"turns":4},{"damage":0,"enemies":"Exordium Thugs","floor":4,"turns":3},{"damage":0,"enemies":"Blue Slaver","floor":5,"turns":1},{"damage":0,"enemies":"3 Sentries","floor":6,"turns":4},{"damage":0,"enemies":"Looter","floor":7,"turns":1},{"damage":0,"enemies":"Gremlin Gang","floor":8,"turns":2},{"damage":0,"enemies":"2 Fungi Beasts","floor":12,"turns":2},{"damage":0,"enemies":"3 Louse","floor":13,"turns":1},{"damage":0,"enemies":"Hexaghost","floor":16,"turns":4}],"seed_played":"4548069580344123641","potions_obtained":[{"floor":4,"key":"DuplicationPotion"},{"floor":5,"key":"Ancient Potion"},{"floor":8,"key":"PowerPotion"}],"is_trial":true,"path_per_floor":["M","M","M","M","M","E","M","M","T","?","?","M","M","?","R","B"],"character_chosen":"THE_SILENT","items_purchased":[],"campfire_rested":0,"item_purchase_floors":[],"current_hp_per_floor":[70,70,70,70,70,70,70,70,70,70,53,70,70,70,70,70,70],"gold":571,"neow_bonus":"","is_daily":false,"chose_seed":false,"campfire_upgraded":1,"win_rate":0.0,"timestamp":1611246066,"path_taken":["M","M","M","M","M","E","M","M","T","?","?","M","M","?","R","BOSS"],"items_purchased_type":[],"build_version":"2020-12-22","purchased_purges":0,"victory":false,"max_hp_per_floor":[70,70,70,70,70,70,70,70,70,70,70,70,70,70,70,70,70],"relic_stats":{"counters":[11,26],"Shuriken":[3],"Golden Idol":34,"Bird Faced Urn":[17],"Yang":[34],"Snake Skull":[59],"Bag of Preparation":[22],"Juzu Bracelet":1,"Kunai":[7],"obtain_stats":[{"Ice Cream":0,"TwistedFunnel":0,"Golden Idol":11,"Oddly Smooth Stone":0,"Yang":0,"Snake Skull":0,"Bag of Preparation":0,"Juzu Bracelet":6,"WristBlade":0,"Shuriken":9,"Bird Faced Urn":0,"Kunai":0,"Membership Card":0,"Ring of the Serpent":0,"Ring of the Snake":0},{"Ice Cream":0,"TwistedFunnel":0,"Golden Idol":8,"Oddly Smooth Stone":0,"Yang":0,"Snake Skull":0,"Bag of Preparation":0,"Juzu Bracelet":6,"WristBlade":0,"Shuriken":8,"Bird Faced Urn":0,"Kunai":0,"Membership Card":0,"Ring of the Serpent":0,"Ring of the Snake":0},{"Ice Cream":0,"TwistedFunnel":0,"Golden Idol":19,"Oddly Smooth Stone":0,"Yang":0,"Snake Skull":0,"Bag of Preparation":0,"Juzu Bracelet":16,"WristBlade":0,"Shuriken":19,"Bird Faced Urn":0,"Kunai":0,"Membership Card":0,"Ring of the Serpent":0,"Ring of the Snake":0}],"Ring of the Snake":[22]},"card_choices":[{"not_picked":["Deadly Poison","Poisoned Stab"],"picked":"Cloak And Dagger","floor":1},{"not_picked":["Endless Agony","Deadly Poison","Distraction"],"picked":"SKIP","floor":2},{"not_picked":["Flying Knee","Cloak And Dagger"],"picked":"Backflip","floor":3},{"not_picked":["PiercingWail","Deadly Poison","Sucker Punch"],"picked":"SKIP","floor":4},{"not_picked":["Eviscerate","Finisher","Flying Knee"],"picked":"SKIP","floor":5},{"not_picked":["Reflex","Flying Knee","Infinite Blades"],"picked":"SKIP","floor":6},{"not_picked":["Terror","PiercingWail","Bane"],"picked":"SKIP","floor":7},{"not_picked":["Dash","Cloak And Dagger"],"picked":"Leg Sweep","floor":8},{"not_picked":["Dagger Throw","Reflex"],"picked":"Backflip","floor":12},{"not_picked":["PiercingWail","Quick Slash"],"picked":"Bouncing Flask","floor":13}],"player_experience":268914,"relics_obtained":[{"floor":6,"key":"Juzu Bracelet"},{"floor":9,"key":"Shuriken"}],"event_choices":[{"damage_healed":0,"gold_gain":0,"player_choice":"3 cards matched","damage_taken":0,"max_hp_gain":0,"max_hp_loss":0,"event_name":"Match and Keep!","floor":10,"gold_loss":0,"cards_obtained":["Discovery","Riddle With Holes","A Thousand Cuts"]},{"damage_healed":0,"gold_gain":0,"player_choice":"Take Damage","damage_taken":17,"relics_obtained":["Golden Idol"],"max_hp_gain":0,"max_hp_loss":0,"event_name":"Golden Idol","floor":11,"gold_loss":0},{"damage_healed":0,"gold_gain":100,"player_choice":"Pray","damage_taken":0,"max_hp_gain":0,"max_hp_loss":0,"event_name":"Golden Shrine","floor":14,"gold_loss":0}],"is_beta":false,"boss_relics":[],"items_purged_floors":[],"is_endless":false,"potions_floor_spawned":[4,5,8,13,16],"killed_by":"Hexaghost","ascension_level":0}}