{"host":"9n6i2vl93jt4o42q","time":1611225429,"event":{"mods":["BaseMod","Minty Spire (QoL Compilation)","Relic Stats"],"gold_per_floor":[112,131,131,150,167,167,181,181,259,292,292,302,319,4,4,77,77,92,104,29,29,29],"floor_reached":21,"language":"ENG","playtime":1238,"items_purged":["Defend_R"],"score":366,"play_id":"09a44e7e-3035-4636-b35f-5d7599dfd4f8","local_time":"20210121113709","is_ascension_mode":true,"campfire_choices":[{"data":"Armaments","floor":6.0,"key":"SMITH"},{"floor":8.0,"key":"REST"},{"data":"True Grit","floor":11.0,"key":"SMITH"},{"floor":15.0,"key":"REST"}],"circlet_count":0,"master_deck":["AscendersBane","Strike_R","Defend_R","Defend_R","Defend_R","Bash","Bloodletting","Burning Pact","Iron Wave","Armaments+1","Clash","True Grit+1","Inflame","Headbutt","Metallicize","Barricade","Clothesline","Armaments+1"],"relics":["Burning Blood","Turnip","Matryoshka","Ginger","Regal Pillow","Empty Cage"],"acts_visited":["Exordium","TheCity"],"potions_floor_usage":[21],"damage_taken":[{"damage":18.0,"enemies":"Cultist","floor":1.0,"turns":5.0},{"damage":6.0,"enemies":"2 Louse","floor":2.0,"turns":3.0},{"damage":12.0,"enemies":"Small Slimes","floor":4.0,"turns":6.0},{"damage":5.0,"enemies":"Looter","floor":5.0,"turns":4.0},{"damage":6.0,"enemies":"Blue Slaver","floor":7.0,"turns":5.0},{"damage":21.0,"enemies":"Gremlin Nob","floor":10.0,"turns":4.0},{"damage":19.0,"enemies":"Lots of Slimes","floor":12.0,"turns":6.0},{"damage":0.0,"enemies":"3 Louse","floor":13.0,"turns":1.0},{"damage":44.0,"enemies":"Slime Boss","floor":16.0,"turns":13.0},{"damage":43.0,"enemies":"Chosen","floor":18.0,"turns":8.0},{"damage":17,"enemies":"Spheric Guardian","floor":19,"turns":7},{"damage":17,"enemies":"Snake Plant","floor":21,"turns":2}],"seed_played":"-3335175974238347818","potions_obtained":[{"floor":1.0,"key":"SmokeBomb"},{"floor":7.0,"key":"Strength Potion"},{"floor":12.0,"key":"Explosive Potion"},{"floor":13.0,"key":"ElixirPotion"},{"floor":18,"key":"DuplicationPotion"}],"is_trial":false,"path_per_floor":["M","M","?","M","M","R","M","R","T","E","R","M","M","$","R","B",null,"M","M","?","M"],"character_chosen":"IRONCLAD","items_purchased":["Regal Pillow","Metallicize"],"campfire_rested":2,"item_purchase_floors":[14,14],"current_hp_per_floor":[38,38,31,25,26,26,26,48,48,33,33,20,26,26,63,25,63,26,15,15,0,0],"gold":29,"neow_bonus":"ONE_RARE_RELIC","is_daily":false,"chose_seed":false,"campfire_upgraded":2,"win_rate":0.0,"timestamp":1611225429,"path_taken":["M","?","?","M","M","R","M","R","T","E","R","M","M","$","R","BOSS","M","M","?","M"],"items_purchased_type":["Relic","Card"],"build_version":"2020-12-22","purchased_purges":1,"victory":false,"max_hp_per_floor":[75,75,75,75,75,75,75,75,75,75,75,75,75,75,75,75,75,75,75,75,75,75],"relic_stats":{"Regal Pillow":15,"counters":[12,64],"Turnip":[11],"Ginger":[14],"obtain_stats":[{"Regal Pillow":14,"Matryoshka":9,"Turnip":0,"Ginger":10,"Empty Cage":17,"Burning Blood":0},{"Regal Pillow":8,"Matryoshka":5,"Turnip":0,"Ginger":6,"Empty Cage":9,"Burning Blood":0},{"Regal Pillow":34,"Matryoshka":23,"Turnip":0,"Ginger":27,"Empty Cage":47,"Burning Blood":0}],"Burning Blood":66},"card_choices":[{"not_picked":["Havoc","Clash"],"picked":"Bloodletting","floor":1.0},{"not_picked":["Warcry","Pommel Strike"],"picked":"Burning Pact","floor":2.0},{"not_picked":["Warcry","Infernal Blade"],"picked":"Iron Wave","floor":4.0},{"not_picked":["Havoc","Headbutt"],"picked":"Armaments","floor":5.0},{"not_picked":["Dual Wield","Perfected Strike"],"picked":"Clash","floor":7.0},{"not_picked":["Warcry","Dropkick"],"picked":"True Grit","floor":10.0},{"not_picked":["Wild Strike","Reaper"],"picked":"Inflame","floor":12.0},{"not_picked":["True Grit","Pommel Strike"],"picked":"Headbutt","floor":13.0},{"not_picked":["Double Tap","Corruption"],"picked":"Barricade","floor":16.0},{"not_picked":["Power Through","Havoc"],"picked":"Clothesline","floor":18},{"not_picked":["Twin Strike","Anger"],"picked":"Armaments+1","floor":19}],"player_experience":2188440,"relics_obtained":[{"floor":9.0,"key":"Matryoshka"},{"floor":10.0,"key":"Ginger"}],"event_choices":[{"cards_removed":["Strike_R"],"damage_healed":0.0,"max_hp_gain":0.0,"max_hp_loss":0.0,"gold_gain":0.0,"event_name":"Golden Wing","player_choice":"Card Removal","floor":3.0,"gold_loss":0.0,"damage_taken":7.0},{"cards_removed":["Strike_R"],"damage_healed":0,"gold_gain":0,"player_choice":"Gave Gold","damage_taken":0,"max_hp_gain":0,"max_hp_loss":0,"event_name":"Beggar","floor":20,"gold_loss":75}],"is_beta":false,"boss_relics":[{"not_picked":["Tiny House","Black Blood"],"picked":"Empty Cage"}],"items_purged_floors":[14],"is_endless":false,"potions_floor_spawned":[1,7,12,13,18],"killed_by":"Snake Plant","ascension_level":20}}