{"host":"ve5hox67eka4rdnb","time":1611234373,"event":{"mods":["ATMod(∞¢Ë™Mod)","Act Like it!","BaseMod","Downfall","Gensokyo","Hermit","Lobotomy","Marisa£®ÏF”Í°°ƒß¿Ì…≥£©","Minty Spire (QoL Compilation)","Remilia£®¿Ÿ√◊¿Ú—«£©","StSLib","The Cursed","The Servant 0.9.4"],"gold_per_floor":[118,43,59,70,70,110,124,124,124,124,148,173,173,173,173,299,299,319,96,136,121,121,121,121,121,148,185,221,358,414,445,457,594,606,639,667,692,723,248,287,368,411,411,411,425,488,488,508,508,508],"floor_reached":51,"language":"ZHS","playtime":5420,"items_purged":["RedMoon","Defend_RM","Strike_RM"],"score":853,"play_id":"f718b638-781a-4b43-bcad-e24bd35e29e3","local_time":"20210121210613","is_ascension_mode":false,"campfire_choices":[{"data":"AT_FamilyPortrait","floor":10,"key":"SMITH"},{"data":"ScarletMeister","floor":13,"key":"SMITH"},{"floor":15,"key":"RECALL"},{"data":"BatForm","floor":23,"key":"SMITH"},{"data":"FitfulNightmare","floor":25,"key":"SMITH"},{"data":"DiffusionOfMisfortune","floor":32,"key":"SMITH"},{"data":"ScarletImprint","floor":47,"key":"SMITH"},{"data":"ScarletImprint","floor":49,"key":"SMITH"}],"circlet_count":0,"master_deck":["Strike_RM","Strike_RM","Defend_RM","Defend_RM","ScarletShoot","AT_FamilyPortrait+1","FitfulNightmare+1","CharismaGuard","Stigmanizer","ScarletMeister+1","UnstableMagic","BloodHunter","BatForm+1","UnstableMagic","CharismaGuard","ScarletImprint+1","Necronomicurse","Stigmanizer","DiffusionOfMisfortune+1","MastersStateliness","KillingBlow","MastersStateliness+1","MillenniumVampire","ScarletImprint+1","UnstableMagic","DiffusionOfMisfortune+1","CharismaGuard"],"relics":["ScarletHat","AT_ATBox","Golden Idol","Unceasing Top","Meat on the Bone","Empty Cage","Red Mask","Necronomicon","MawBank","FossilizedHelix","AT_RedNoBalance","Eternal Feather","AT_TrinityForce","TungstenRod","CatCart","Mercury Hourglass","HornCleat","TypeBBloodRedTea"],"acts_visited":["Exordium","TheCity","TheBeyond"],"potions_floor_usage":[6,7,14,16,20,21,29,30,37,38,41,41,42,50,51],"damage_taken":[{"damage":5,"enemies":"Jaw Worm","floor":1,"turns":3},{"damage":0,"enemies":"Small Slimes","floor":3,"turns":2},{"damage":0,"enemies":"2 Louse","floor":4,"turns":4},{"damage":5,"enemies":"3 Sentries","floor":6,"turns":6},{"damage":13,"enemies":"Exordium Thugs","floor":7,"turns":4},{"damage":1,"enemies":"Large Slime","floor":11,"turns":6},{"damage":0,"enemies":"Blue Slaver","floor":12,"turns":4},{"damage":0,"enemies":"Gremlin Gang","floor":14,"turns":1},{"damage":19,"enemies":"Slime Boss","floor":16,"turns":6},{"damage":5,"enemies":"Chosen","floor":18,"turns":7},{"damage":0,"enemies":"Masked Bandits","floor":20,"turns":3},{"damage":4,"enemies":"2 Thieves","floor":21,"turns":4},{"damage":11,"enemies":"Chosen and Byrds","floor":27,"turns":7},{"damage":0,"enemies":"Centurion and Healer","floor":28,"turns":7},{"damage":0,"enemies":"Colosseum Slavers","floor":29,"turns":5},{"damage":0,"enemies":"Colosseum Nobs","floor":29,"turns":4},{"damage":0,"enemies":"Book of Stabbing","floor":30,"turns":6},{"damage":0,"enemies":"Shelled Parasite and Fungi","floor":31,"turns":5},{"damage":0,"enemies":"Automaton","floor":33,"turns":8},{"damage":12,"enemies":"3 Shapes","floor":35,"turns":1},{"damage":0,"enemies":"3 Darklings","floor":36,"turns":2},{"damage":0,"enemies":"Transient","floor":37,"turns":5},{"damage":3,"enemies":"Sphere and 2 Shapes","floor":38,"turns":1},{"damage":0,"enemies":"Spire Growth","floor":40,"turns":2},{"damage":49,"enemies":"Orin","floor":41,"turns":8},{"damage":0,"enemies":"Reptomancer","floor":42,"turns":4},{"damage":0,"enemies":"Transient","floor":45,"turns":5},{"damage":0,"enemies":"Mind Bloom Boss Battle","floor":46,"turns":3},{"damage":0,"enemies":"3 Darklings","floor":48,"turns":1},{"damage":0,"enemies":"Time Eater","floor":50,"turns":6},{"damage":0,"enemies":"Malkuth","floor":51,"turns":8},{"damage":0,"enemies":"Netzach","floor":51,"turns":8},{"damage":0,"enemies":"Chesed","floor":51,"turns":6}],"seed_played":"3913131796056130048","potions_obtained":[{"floor":1,"key":"SmokeBomb"},{"floor":3,"key":"FearPotion"},{"floor":4,"key":"LiquidMemories"},{"floor":6,"key":"Explosive Potion"},{"floor":28,"key":"Energy Potion"},{"floor":29,"key":"Regen Potion"},{"floor":31,"key":"Guardian:BlockOnCardUsePotion"},{"floor":33,"key":"SkillPotion"},{"floor":35,"key":"bronze:BurnAndBuffPotion"},{"floor":37,"key":"ColorlessPotion"},{"floor":40,"key":"Explosive Potion"},{"floor":42,"key":"champ:CounterPotion"},{"floor":46,"key":"LiquidMemories"}],"is_trial":false,"path_per_floor":["M","$","M","M","?","E","M","T","T","R","M","M","R","M","R","B",null,"M","$","?","M","?","R","$","R","T","M","M","?","E","M","R","B",null,"M","M","M","M","$","M","?","E","T","?","M","?","R","M","R","B",null],"character_chosen":"REMILIA","items_purchased":["DistilledChaos","Fire Potion","ScarletImprint","TungstenRod"],"campfire_rested":0,"item_purchase_floors":[19,19,39,39],"current_hp_per_floor":[70,70,70,70,52,47,36,36,36,36,49,50,50,50,50,40,75,70,70,71,69,53,53,53,53,53,46,48,50,57,49,61,55,75,63,69,75,72,72,72,41,45,45,45,53,61,75,75,75,75],"gold":508,"neow_bonus":"","is_daily":false,"chose_seed":false,"campfire_upgraded":7,"win_rate":0.0,"timestamp":1611234373,"path_taken":["M","$","M","M","?","E","M","?","T","R","M","M","R","M","R","BOSS","M","$","?","M","?","R","$","R","T","M","M","?","E","?","R","BOSS","M","M","M","M","$","M","?","E","T","?","?","?","R","M","R","BOSS"],"items_purchased_type":["Potion","Potion","Card","Relic"],"build_version":"2020-12-22","purchased_purges":3,"victory":true,"max_hp_per_floor":[75,75,75,75,75,75,75,75,75,75,75,75,75,75,75,75,75,75,75,75,75,75,75,75,75,75,75,75,75,75,75,75,75,75,75,75,75,75,75,75,75,75,75,75,75,75,75,75,75,75],"card_choices":[{"not_picked":["RedRainbow","ScarletDevil"],"picked":"FitfulNightmare","floor":1},{"not_picked":["ScarletImprint","VampireKiss"],"picked":"CharismaGuard","floor":3},{"not_picked":["RedNightlessCastle","MastersStateliness","StarOfDavid"],"picked":"SKIP","floor":4},{"not_picked":["EndlessAdversity","ScarletGensokyo"],"picked":"Stigmanizer","floor":6},{"not_picked":["VampireKiss","RedRainbow"],"picked":"ScarletMeister","floor":7},{"not_picked":["ChainGang","StarOfDavid"],"picked":"UnstableMagic","floor":11},{"not_picked":["AfternoonTea","RedMagic"],"picked":"BloodHunter","floor":12},{"not_picked":["BloodySeventeenLaser","EquivalentExchange"],"picked":"BatForm","floor":16},{"not_picked":["MastersStateliness","VampireClaw"],"picked":"UnstableMagic","floor":18},{"not_picked":["RedRainbow+1","Ultimatum+1"],"picked":"CharismaGuard","floor":20},{"not_picked":["ScarletCoffin","BloodyTrap"],"picked":"ScarletImprint","floor":21},{"not_picked":["ScarletDream","SuperhumanBloodyKnife","MastersStateliness"],"picked":"SKIP","floor":27},{"not_picked":["ForbiddenFruit+1","EndlessAdversity"],"picked":"Stigmanizer","floor":28},{"not_picked":["Ultimatum+1","ScarletGensokyo"],"picked":"DiffusionOfMisfortune","floor":29},{"not_picked":["VampireClaw+1","FavorOfDestiny"],"picked":"MastersStateliness","floor":30},{"not_picked":["ScarletNetherworld","Maim+1","BloodyTrap"],"picked":"SKIP","floor":31},{"not_picked":["ScarletCoffin","TransientEternity"],"picked":"KillingBlow","floor":33},{"not_picked":["BadLadyScramble+1","VampireKiss","BlasphemousPunishment+1"],"picked":"SKIP","floor":35},{"not_picked":["ChainGang","FitfulNightmare+1"],"picked":"MastersStateliness+1","floor":36},{"not_picked":["AfternoonTea","ScarletDevil"],"picked":"MillenniumVampire","floor":37},{"not_picked":["TwelveNightmare","FavorOfDestiny","ScarletDevilSign+1"],"picked":"SKIP","floor":38},{"not_picked":["EndlessAdversity+1","FitfulNightmare+1","StarOfDavid+1"],"picked":"SKIP","floor":40},{"not_picked":["BloodAndWine+1","RedRainbow","HellCatastrophe"],"picked":"SKIP","floor":42},{"not_picked":["SuperhumanBloodyKnife+1","Stigmanizer"],"picked":"UnstableMagic","floor":45},{"not_picked":["FavorOfDestiny","BloodySeventeenLaser"],"picked":"DiffusionOfMisfortune+1","floor":46},{"not_picked":["NightDance","RedRainbow"],"picked":"CharismaGuard","floor":48}],"player_experience":169386,"relics_obtained":[{"floor":6,"key":"Unceasing Top"},{"floor":8,"key":"Meat on the Bone"},{"floor":20,"key":"Red Mask"},{"floor":22,"key":"Necronomicon"},{"floor":26,"key":"MawBank"},{"floor":29,"key":"FossilizedHelix"},{"floor":29,"key":"AT_SilverBalance"},{"floor":30,"key":"Eternal Feather"},{"floor":41,"key":"CatCart"},{"floor":42,"key":"Mercury Hourglass"},{"floor":43,"key":"HornCleat"},{"floor":46,"key":"TypeBBloodRedTea"}],"event_choices":[{"damage_healed":0,"gold_gain":0,"player_choice":"Take Damage","damage_taken":18,"relics_obtained":["Golden Idol"],"max_hp_gain":0,"max_hp_loss":0,"event_name":"Golden Idol","floor":5,"gold_loss":0},{"damage_healed":0,"gold_gain":0,"player_choice":"Fought Bandits","damage_taken":0,"max_hp_gain":0,"max_hp_loss":0,"event_name":"Masked Bandits","floor":20,"gold_loss":0},{"damage_healed":0,"gold_gain":0,"player_choice":"Obtained Book","damage_taken":16,"max_hp_gain":0,"max_hp_loss":0,"event_name":"Cursed Tome","floor":22,"gold_loss":0},{"damage_healed":0,"gold_gain":0,"player_choice":"Fight","damage_taken":0,"max_hp_gain":0,"max_hp_loss":0,"event_name":"Colosseum","floor":29,"gold_loss":0},{"damage_healed":0,"gold_gain":0,"player_choice":"Fought Nobs","damage_taken":0,"max_hp_gain":0,"max_hp_loss":0,"event_name":"Colosseum","floor":29,"gold_loss":0},{"damage_healed":0,"gold_gain":0,"player_choice":"Fight","damage_taken":0,"max_hp_gain":0,"max_hp_loss":0,"event_name":"OrinTheCat","floor":41,"gold_loss":0},{"damage_healed":0,"gold_gain":0,"player_choice":"Ignored","damage_taken":0,"max_hp_gain":0,"max_hp_loss":0,"event_name":"NoteForYourself","floor":44,"gold_loss":0},{"damage_healed":0,"gold_gain":0,"player_choice":"Fight","damage_taken":0,"max_hp_gain":0,"max_hp_loss":0,"event_name":"MindBloom","floor":46,"gold_loss":0}],"is_beta":false,"boss_relics":[{"not_picked":["Runic Pyramid","SlaversCollar"],"picked":"Empty Cage"},{"not_picked":["Astrolabe","APieceOfRedMist"],"picked":"AT_TrinityForce"}],"items_purged_floors":[2,19,39],"is_endless":false,"potions_floor_spawned":[1,3,4,6,14,28,29,31,33,35,37,40,42,46],"ascension_level":0}}