{"host":"m5bsg12zcyqnofur","time":1611188692,"event":{"mods":["AchievementEnabler","BaseMod","BetterRewards","Colored Powertips","Hermit","Highlight Path","Minty Spire (QoL Compilation)","Quick Restart","Replay The Spire","Shop Mod","StSLib","The Bug Knight"],"gold_per_floor":[126,226,257,332,87,138,177,269,269,312,59,112,72,101,101,231,231,261,261,261,104,50,50,112,134,213,273,273,338,338,338,362,421,421,574,574,610,694,743,965,965,1016,1016,1016,1086,1003,1003,1003,1003,777,777,822,903,981,981,981,985,1014,1014],"floor_reached":60,"language":"ENG","playtime":3490,"items_purged":["Strike_G","Strike_G","Strike_G","Strike_G","Strike_G","Defend_G","Defend_G","Defend_G","Defend_G","Defend_G","Survivor","Neutralize"],"score":2701,"play_id":"8bb6405c-6e1d-4cfd-91f3-dde59ceffbae","local_time":"20210120182452","is_ascension_mode":true,"campfire_choices":[{"data":"Pot Of Greed","floor":15.0,"key":"SMITH"},{"data":"Pot Of Greed","floor":23.0,"key":"SMITH"},{"data":"Tactician","floor":34.0,"key":"SMITH"},{"floor":51.0,"key":"RECALL"},{"data":"Accuracy","floor":56.0,"key":"SMITH"}],"circlet_count":0,"master_deck":["Blade Dance+1","Pot Of Greed+1","ReplayTheSpireMod:Shiv Toss+1","Prepared+1","Pot Of Greed+1","Tactician+1","After Image","Accuracy+1","After Image","Infinite Blades+1"],"relics":["Ring of the Snake","Bag of Preparation","Grinning Jar","Iron Hammer","Ancient Tea Set","Bottled Lightning","Vajra","Nunchaku","ReplayTheSpireMod:DimensionalGlitch","Pondfish Scales","Red Mask","Tough Bandages","Mercury Hourglass","ReplayFunnel","Replay:Baseball","Replay:Towering Pillar of Hats","Unceasing Top","Happy Flower","MerchantsRug","War Paint","Pen Nib","Torii","CaptainsWheel","Snake Skull","ClockworkSouvenir","Gremlin Food","Centennial Puzzle"],"acts_visited":["Exordium","TheCity","TheBeyond","TheEnding"],"potions_floor_usage":[59,59],"damage_taken":[{"damage":0.0,"enemies":"Small Slimes","floor":1.0,"turns":2.0},{"damage":0.0,"enemies":"Cultist","floor":3.0,"turns":2.0},{"damage":0.0,"enemies":"Replay:BlueRogue","floor":6.0,"turns":2.0},{"damage":0.0,"enemies":"2 Louse","floor":7.0,"turns":1.0},{"damage":0.0,"enemies":"3 Sentries","floor":8.0,"turns":1.0},{"damage":0.0,"enemies":"Gremlin Nob","floor":10.0,"turns":2.0},{"damage":2.0,"enemies":"3 Sentries","floor":12.0,"turns":3.0},{"damage":0.0,"enemies":"Exordium Thugs","floor":14.0,"turns":1.0},{"damage":0.0,"enemies":"The Guardian","floor":16.0,"turns":1.0},{"damage":0.0,"enemies":"Chosen","floor":18.0,"turns":1.0},{"damage":0.0,"enemies":"Masked Bandits","floor":22.0,"turns":2.0},{"damage":0.0,"enemies":"Slavers","floor":24.0,"turns":1.0},{"damage":0.0,"enemies":"Spheric Guardian","floor":25.0,"turns":2.0},{"damage":0.0,"enemies":"Gremlin Leader","floor":27.0,"turns":2.0},{"damage":0.0,"enemies":"HollowMod:Nosk","floor":29.0,"turns":1.0},{"damage":0.0,"enemies":"Book of Stabbing","floor":33.0,"turns":1.0},{"damage":0.0,"enemies":"Champ","floor":35.0,"turns":3.0},{"damage":0.0,"enemies":"Orb Walker","floor":37.0,"turns":1.0},{"damage":0.0,"enemies":"Mind Bloom Boss Battle","floor":38.0,"turns":2.0},{"damage":0.0,"enemies":"3 Darklings","floor":39.0,"turns":2.0},{"damage":0.0,"enemies":"Reptomancer","floor":42.0,"turns":2.0},{"damage":0.0,"enemies":"Giant Head","floor":45.0,"turns":3.0},{"damage":0.0,"enemies":"4 Shapes","floor":52.0,"turns":1.0},{"damage":0.0,"enemies":"2 Orb Walkers","floor":53.0,"turns":1.0},{"damage":0.0,"enemies":"Donu and Deca","floor":54.0,"turns":2.0},{"damage":0.0,"enemies":"Shield and Spear","floor":58.0,"turns":1.0},{"damage":4,"enemies":"The Heart","floor":59,"turns":4}],"seed_played":"3653356659764168939","potions_obtained":[{"floor":1.0,"key":"GhostInAJar"},{"floor":3.0,"key":"Milkshake"},{"floor":10.0,"key":"FearPotion"},{"floor":16.0,"key":"Explosive Potion"},{"floor":29.0,"key":"Swift Potion"},{"floor":33.0,"key":"Swift Potion"},{"floor":45.0,"key":"PowerPotion"}],"is_trial":false,"path_per_floor":["M","?","M","?","$","E","M","E","T","E","$","E","$","M","R","B",null,"M","?","?","$","?","R","E","M","T","E","$","E","PTL","PTL","?","E","R","B",null,"M","?","M","?","?","E","PTL","PTL","E","$","T","?","?","$","R","M","R","B",null,"R","$","E","B",null],"character_chosen":"THE_SILENT","items_purchased":["Membership Card","Bag of Preparation","Blade Dance","Replay:Bandana","Grinning Jar","ReplayTheSpireMod:Shiv Toss+1","Prepared","Replay:Wax Seal","Tactician","Iron Hammer","After Image","Vajra","Accuracy","Pondfish Scales","MerchantsRug","War Paint","Pen Nib","Torii","Snake Skull","ClockworkSouvenir","Gremlin Food"],"campfire_rested":0,"item_purchase_floors":[0,0,0,0,0,0,0,0,0,0,5,11,13,21,46,46,50,50,57,57,57],"current_hp_per_floor":[21,21,21,14,14,14,14,14,14,14,14,12,12,12,12,12,56,56,70,70,70,70,70,70,70,70,70,70,70,70,70,53,53,53,53,66,66,66,66,66,66,66,66,66,66,66,66,66,66,66,66,66,66,66,66,66,66,66,62],"gold":1014,"neow_bonus":"","is_daily":false,"chose_seed":false,"campfire_upgraded":4,"win_rate":0.0,"timestamp":1611188692,"path_taken":["M","?","?","?","$","E","M","E","T","E","$","E","?","?","R","BOSS","M","?","?","$","?","R","E","M","T","E","$","E","PTL","PTL","?","E","R","BOSS","M","?","M","?","?","E","PTL","PTL","E","$","T","?","?","$","R","M","R","BOSS","R","$","E","BOSS"],"items_purchased_type":["Relic","Relic","Card","Relic","Relic","Card","Card","Relic","Card","Relic","Card","Relic","Card","Relic","Relic","Relic","Relic","Relic","Relic","Relic","Relic"],"build_version":"2020-12-22","purchased_purges":12,"victory":true,"max_hp_per_floor":[70,70,70,70,70,70,70,70,70,70,70,70,70,70,70,70,70,70,70,70,70,70,70,70,70,70,70,70,70,70,70,70,70,70,70,70,70,70,70,70,70,70,70,70,70,70,70,66,66,66,66,66,66,66,66,66,66,66,66],"card_choices":[{"not_picked":["Hidden Blade","Endless Agony","ReplayTheSpireMod:Exploit Weakness"],"picked":"SKIP","floor":1.0},{"not_picked":["Acrobatics","Underhanded Strike","Caltrops"],"picked":"SKIP","floor":3.0},{"not_picked":["Deadly Poison","Endless Agony","Quick Slash"],"picked":"SKIP","floor":6.0},{"not_picked":["Underhanded Strike","Eviscerate","Outmaneuver"],"picked":"SKIP","floor":7.0},{"not_picked":["Flying Knee","Bouncing Flask","Dodge and Roll"],"picked":"SKIP","floor":8.0},{"not_picked":["Dagger Spray","Reflex","Underhanded Strike"],"picked":"SKIP","floor":10.0},{"not_picked":["PiercingWail","Bouncing Flask","Calculated Gamble"],"picked":"SKIP","floor":12.0},{"not_picked":["Concentrate","Catalyst","Prepared"],"picked":"SKIP","floor":14.0},{"not_picked":["Grand Finale","Glass Knife"],"picked":"After Image","floor":16.0},{"not_picked":["Acrobatics","Finisher+1","Sucker Punch+1"],"picked":"SKIP","floor":18.0},{"not_picked":["ReplayTheSpireMod:Necrosis","Deflect+1"],"picked":"Infinite Blades+1","floor":24.0},{"not_picked":["Prepared","Predator","Sucker Punch"],"picked":"SKIP","floor":25.0},{"not_picked":["Prepared","Dagger Spray","Blade Dance"],"picked":"SKIP","floor":27.0},{"not_picked":["Backflip+1","Replay:Poison Smokescreen","Underhanded Strike"],"picked":"SKIP","floor":29.0},{"not_picked":["Concentrate+1","Deadly Poison","Catalyst"],"picked":"SKIP","floor":33.0},{"not_picked":["PiercingWail+1","Replay:Poison Smokescreen+1","Concentrate"],"picked":"SKIP","floor":37.0},{"not_picked":["Prepared+1","Hidden Blade","Acrobatics"],"picked":"SKIP","floor":39.0},{"not_picked":["Dodge and Roll+1","Glass Knife","ReplayTheSpireMod:From All Sides"],"picked":"SKIP","floor":42.0},{"not_picked":["Quick Slash","Underhanded Strike","Wraith Form v2"],"picked":"SKIP","floor":45.0},{"not_picked":["Dagger Spray+1","Bouncing Flask","Backflip"],"picked":"SKIP","floor":52.0},{"not_picked":["Phantasmal Killer","Deadly Poison","Blade Dance+1"],"picked":"SKIP","floor":58.0}],"player_experience":258314,"relics_obtained":[{"floor":6.0,"key":"Ancient Tea Set"},{"floor":8.0,"key":"Bottled Lightning"},{"floor":10.0,"key":"Blue Doll"},{"floor":12.0,"key":"Nunchaku"},{"floor":22.0,"key":"Red Mask"},{"floor":24.0,"key":"Tough Bandages"},{"floor":26.0,"key":"Mercury Hourglass"},{"floor":27.0,"key":"ReplayFunnel"},{"floor":29.0,"key":"Replay:Baseball"},{"floor":32.0,"key":"Replay:Towering Pillar of Hats"},{"floor":33.0,"key":"Dream Catcher"},{"floor":38.0,"key":"Dead Branch"},{"floor":42.0,"key":"Unceasing Top"},{"floor":45.0,"key":"Happy Flower"},{"floor":47.0,"key":"Molten Egg 2"},{"floor":53.0,"key":"CaptainsWheel"},{"floor":58.0,"key":"Centennial Puzzle"}],"event_choices":[{"damage_healed":0.0,"max_hp_gain":0.0,"max_hp_loss":0.0,"gold_gain":100.0,"event_name":"Golden Shrine","player_choice":"Pray","floor":2.0,"gold_loss":0.0,"damage_taken":0.0},{"damage_healed":0.0,"max_hp_gain":0.0,"max_hp_loss":0.0,"gold_gain":75.0,"event_name":"FaceTrader","player_choice":"Touch","floor":4.0,"gold_loss":0.0,"damage_taken":7.0},{"damage_healed":23.0,"max_hp_gain":0.0,"max_hp_loss":0.0,"gold_gain":0.0,"event_name":"The Library","player_choice":"Heal","floor":19.0,"gold_loss":0.0,"damage_taken":0.0},{"damage_healed":0.0,"max_hp_gain":0.0,"max_hp_loss":0.0,"gold_gain":0.0,"event_name":"The Mausoleum","player_choice":"Ignored","floor":20.0,"gold_loss":0.0,"damage_taken":0.0},{"damage_healed":0.0,"max_hp_gain":0.0,"max_hp_loss":0.0,"gold_gain":0.0,"event_name":"Masked Bandits","player_choice":"Fought Bandits","floor":22.0,"gold_loss":0.0,"damage_taken":0.0},{"damage_healed":0.0,"max_hp_gain":0.0,"max_hp_loss":0.0,"gold_gain":0.0,"event_name":"MindBloom","player_choice":"Fight","floor":38.0,"gold_loss":0.0,"damage_taken":0.0},{"damage_healed":0.0,"max_hp_gain":0.0,"max_hp_loss":0.0,"gold_gain":222.0,"event_name":"Tomb of Lord Red Mask","player_choice":"Wore Mask","floor":40.0,"gold_loss":0.0,"damage_taken":0.0},{"damage_healed":0.0,"max_hp_gain":0.0,"max_hp_loss":4.0,"gold_gain":0.0,"event_name":"Winding Halls","player_choice":"Max HP","floor":48.0,"gold_loss":0.0,"damage_taken":0.0},{"damage_healed":0.0,"max_hp_gain":0.0,"max_hp_loss":0.0,"gold_gain":0.0,"event_name":"SensoryStone","player_choice":"Memory 1","floor":49.0,"gold_loss":0.0,"damage_taken":0.0},{"damage_healed":0.0,"max_hp_gain":0.0,"max_hp_loss":0.0,"gold_gain":0.0,"event_name":"Mysterious Sphere","player_choice":"Fight","floor":53.0,"gold_loss":0.0,"damage_taken":0.0}],"is_beta":false,"boss_relics":[{"not_picked":["SlaversCollar","Sozu"],"picked":"ReplayTheSpireMod:DimensionalGlitch"},{"not_picked":["Velvet Choker","Calling Bell","Kintsugi"]}],"items_purged_floors":[0,0,0,0,0,0,0,0,0,0,5,11],"is_endless":false,"potions_floor_spawned":[1,3,10,16,25,29,33,35,42,45,53,58],"ascension_level":7}}