{"host":"4pckc3u5mqcilakq","time":1611266854,"event":{"mods":["AchievementEnabler","BaseMod","Colored Map","Colored Powertips","Highlight Path","Minty Spire (QoL Compilation)"],"gold_per_floor":[119,119,194,194,51,79,79,89,89,54,54,67,94,94,94,222,222,238,256,256,143,143,143,143],"floor_reached":23,"language":"ENG","playtime":879,"items_purged":["Strike_B"],"score":224,"play_id":"905b8fd6-a99f-40bc-8546-624c6942611c","local_time":"20210122010734","is_ascension_mode":true,"campfire_choices":[{"data":"Creative AI","floor":7,"key":"SMITH"},{"data":"Chaos","floor":11,"key":"SMITH"},{"data":"Chaos","floor":15,"key":"SMITH"}],"circlet_count":0,"master_deck":["Strike_B","Strike_B","Defend_B","Defend_B","Defend_B+1","Zap+1","Dualcast","Ball Lightning+1","Glacier","Blizzard","Chaos+1","Barrage","Coolheaded","Creative AI+1","Chaos+1","Ball Lightning","Echo Form","Fission","Self Repair","Barrage","Double Energy"],"relics":["Runic Dome","Orrery","Ancient Tea Set","Happy Flower","Bloody Idol","Philosopher\u0027s Stone"],"acts_visited":["Exordium","TheCity"],"potions_floor_usage":[13,18,23],"damage_taken":[{"damage":2,"enemies":"Jaw Worm","floor":1,"turns":3},{"damage":21,"enemies":"Lagavulin","floor":6,"turns":6},{"damage":0,"enemies":"2 Louse","floor":8,"turns":2},{"damage":1,"enemies":"Small Slimes","floor":12,"turns":3},{"damage":14,"enemies":"3 Sentries","floor":13,"turns":5},{"damage":16,"enemies":"The Guardian","floor":16,"turns":7},{"damage":13,"enemies":"3 Byrds","floor":18,"turns":4},{"damage":23,"enemies":"Spheric Guardian","floor":19,"turns":4},{"damage":39,"enemies":"Slavers","floor":23,"turns":2}],"seed_played":"-6183920052614164172","potions_obtained":[{"floor":6,"key":"Explosive Potion"},{"floor":13,"key":"FearPotion"},{"floor":16,"key":"PotionOfCapacity"}],"is_trial":false,"path_per_floor":["M","?","?","?","$","E","R","M","T","?","R","M","E","?","R","B",null,"M","M","?","$","?","E"],"character_chosen":"DEFECT","items_purchased":["Orrery","Self Repair"],"campfire_rested":0,"item_purchase_floors":[5,21],"current_hp_per_floor":[73,73,62,47,47,26,26,26,26,44,44,43,29,29,29,13,69,56,33,33,33,33,0,0],"gold":143,"neow_bonus":"BOSS_RELIC","is_daily":false,"chose_seed":false,"campfire_upgraded":3,"win_rate":0.0,"timestamp":1611266854,"path_taken":["M","?","?","?","$","E","R","M","T","?","R","M","E","?","R","BOSS","M","M","?","$","?","E"],"items_purchased_type":["Relic","Card"],"build_version":"2020-12-22","purchased_purges":1,"victory":false,"max_hp_per_floor":[75,75,75,75,75,75,75,75,75,75,75,75,75,69,69,69,69,69,69,69,69,69,69,69],"card_choices":[{"not_picked":["Gash","Barrage"],"picked":"Ball Lightning","floor":1},{"not_picked":["White Noise","Beam Cell"],"picked":"Glacier","floor":5},{"not_picked":["Rebound","Stack"],"picked":"Blizzard","floor":5},{"not_picked":["Hologram","Gash"],"picked":"Chaos","floor":5},{"not_picked":["Aggregate","Streamline"],"picked":"Barrage","floor":5},{"not_picked":["Steam","Gash"],"picked":"Coolheaded","floor":5},{"not_picked":["Blizzard","Reprogram"],"picked":"Creative AI","floor":6},{"not_picked":["Force Field","Rebound"],"picked":"Chaos","floor":8},{"not_picked":["Coolheaded","FTL"],"picked":"Ball Lightning","floor":12},{"not_picked":["Fusion","Reboot"],"picked":"Echo Form","floor":13},{"not_picked":["All For One","Thunder Strike"],"picked":"Fission","floor":16},{"not_picked":["Streamline","Sunder","Beam Cell"],"picked":"SKIP","floor":18},{"not_picked":["Coolheaded","Redo","Gash"],"picked":"SKIP","floor":19}],"player_experience":177070,"relics_obtained":[{"floor":6,"key":"Ancient Tea Set"},{"floor":13,"key":"Happy Flower"}],"event_choices":[{"damage_healed":0,"gold_gain":0,"player_choice":"Grow","damage_taken":0,"max_hp_gain":0,"max_hp_loss":0,"event_name":"Living Wall","floor":2,"gold_loss":0,"cards_upgraded":["Ball Lightning"]},{"damage_healed":0,"gold_gain":75,"player_choice":"Gather Gold","damage_taken":11,"max_hp_gain":0,"max_hp_loss":0,"event_name":"World of Goop","floor":3,"gold_loss":0},{"damage_healed":0,"gold_gain":0,"player_choice":"Entered Light","damage_taken":15,"max_hp_gain":0,"max_hp_loss":0,"event_name":"Shining Light","floor":4,"gold_loss":0,"cards_upgraded":["Zap","Defend_B"]},{"damage_healed":18,"gold_gain":0,"player_choice":"Healed","damage_taken":0,"max_hp_gain":0,"max_hp_loss":0,"event_name":"The Cleric","floor":10,"gold_loss":35},{"damage_healed":0,"gold_gain":0,"player_choice":"Lose Max HP","damage_taken":0,"relics_obtained":["Golden Idol"],"max_hp_gain":0,"max_hp_loss":6,"event_name":"Golden Idol","floor":14,"gold_loss":0},{"damage_healed":0,"gold_gain":0,"player_choice":"Gave Idol","damage_taken":0,"relics_obtained":["Bloody Idol"],"max_hp_gain":0,"max_hp_loss":0,"event_name":"Forgotten Altar","floor":20,"relics_lost":["Golden Idol"],"gold_loss":0},{"damage_healed":0,"gold_gain":0,"cards_transformed":["Strike_B","Defend_B"],"player_choice":"Became Test Subject","damage_taken":0,"max_hp_gain":0,"max_hp_loss":0,"event_name":"Drug Dealer","floor":22,"gold_loss":0,"cards_obtained":["Barrage","Double Energy"]}],"is_beta":false,"boss_relics":[{"not_picked":["Calling Bell","SlaversCollar"],"picked":"Philosopher\u0027s Stone"}],"items_purged_floors":[21],"is_endless":false,"potions_floor_spawned":[6,13,16],"killed_by":"Slavers","ascension_level":3}}