{"host":"f7rb14kzcw8hx1r1","time":1611255055,"event":{"mods":["BaseMod","Better Note","Better Third Choice","Colored Map","Highlight Path","Hubris","Minty Spire (QoL Compilation)","Replay The Spire","StSLib","The Forsaken"],"gold_per_floor":[111,127,77,77,97,97,97,97,150,193,193,211,5,39,39,163,163,183,258,273,273,273,304,317,327,327,327,110,110,10,27,27,123,123,143,143,161,179,189,189,209,209,209,220,238,269,269,21,21,21],"floor_reached":51,"language":"ENG","playtime":1771,"items_purged":["Strike_G","Strike_G"],"score":832,"play_id":"6d17b476-86e5-42e2-80cc-6e9275ab9eca","local_time":"20210121195055","is_ascension_mode":false,"campfire_choices":[{"data":"Skewer","floor":6,"key":"SMITH"},{"data":"Neutralize","floor":11,"key":"SMITH"},{"data":"Corpse Explosion","floor":15,"key":"SMITH"},{"data":"Malaise","floor":27,"key":"SMITH"},{"data":"Cloak And Dagger","floor":29,"key":"SMITH"},{"data":"Adrenaline","floor":32,"key":"SMITH"},{"data":"Skewer","floor":40,"key":"SMITH"},{"data":"Predator","floor":42,"key":"SMITH"},{"data":"Survivor","floor":49,"key":"SMITH"}],"circlet_count":0,"master_deck":["Defend_G","Defend_G","Defend_G","Defend_G","Survivor+1","Neutralize+1","Predator+1","Distraction+1","Skewer+1","Acrobatics","Corpse Explosion+1","Flying Knee","Malaise+1","Dagger Throw","theForsaken:Bolster+1","Cloak And Dagger+1","Hidden Blade+1","Adrenaline+1","Skewer+1","Blade Dance+1","PiercingWail+1","Footwork+1","Tools of the Trade"],"relics":["theForsaken:PaleLantern","hubris:Towel","Bloody Idol","ReplayTheSpireMod:Lightbulb","Anchor","Replay:Wax Seal","Chemical X","Sundial","Empty Cage","hubris:GlazedTorus","Bottled Lightning","hubris:Stopwatch","Pear","Mummified Hand","hubris:Icosahedron","Replay:Bottled Steam"],"acts_visited":["Exordium","TheCity","TheBeyond"],"potions_floor_usage":[14,33,33,45,50,50],"damage_taken":[{"damage":0,"enemies":"2 Louse","floor":1,"turns":3},{"damage":5,"enemies":"Small Slimes","floor":2,"turns":4},{"damage":0,"enemies":"Cultist","floor":5,"turns":4},{"damage":5,"enemies":"Lagavulin","floor":10,"turns":6},{"damage":1,"enemies":"Blue Slaver","floor":12,"turns":3},{"damage":14,"enemies":"Gremlin Nob","floor":14,"turns":3},{"damage":0,"enemies":"Slime Boss","floor":16,"turns":7},{"damage":7,"enemies":"3 Byrds","floor":18,"turns":4},{"damage":0,"enemies":"Chosen","floor":20,"turns":4},{"damage":0,"enemies":"Book of Stabbing","floor":23,"turns":6},{"damage":0,"enemies":"Snake Plant","floor":24,"turns":4},{"damage":9,"enemies":"Shelled Parasite and Fungi","floor":25,"turns":5},{"damage":2,"enemies":"Centurion and Healer","floor":31,"turns":3},{"damage":19,"enemies":"Collector","floor":33,"turns":9},{"damage":0,"enemies":"3 Shapes","floor":35,"turns":4},{"damage":0,"enemies":"Orb Walker","floor":37,"turns":2},{"damage":7,"enemies":"Jaw Worm Horde","floor":38,"turns":4},{"damage":0,"enemies":"3 Darklings","floor":39,"turns":2},{"damage":4,"enemies":"Transient","floor":41,"turns":5},{"damage":0,"enemies":"Sphere and 2 Shapes","floor":44,"turns":3},{"damage":0,"enemies":"3 Darklings","floor":45,"turns":2},{"damage":0,"enemies":"R_Hoarder","floor":46,"turns":8},{"damage":5,"enemies":"Donu and Deca","floor":50,"turns":5}],"seed_played":"-5889598803431688946","potions_obtained":[{"floor":5,"key":"Milkshake"},{"floor":10,"key":"SpeedPotion"},{"floor":18,"key":"SpeedPotion"},{"floor":23,"key":"Languid Potion"},{"floor":33,"key":"SkillPotion"},{"floor":35,"key":"Elixir"},{"floor":39,"key":"Dexterity Potion"},{"floor":44,"key":"Energy Potion"},{"floor":46,"key":"Dexterity Potion"}],"is_trial":false,"path_per_floor":["M","M","?","?","M","R","?","?","T","E","R","M","$","E","R","B",null,"M","?","M","?","?","E","M","M","T","R","$","R","$","M","R","B",null,"M","?","M","M","M","R","M","R","T","M","M","E","?","$","R","B",null],"character_chosen":"THE_SILENT","items_purchased":["Replay:Wax Seal","Chemical X","Adrenaline","Replay:Bottled Steam"],"campfire_rested":0,"item_purchase_floors":[13,13,28,48],"current_hp_per_floor":[70,65,65,65,65,65,65,48,48,43,43,42,42,28,28,28,70,63,56,56,56,56,61,66,62,62,62,62,62,62,65,65,51,70,70,70,70,68,70,70,70,70,80,80,80,80,80,80,80,75],"gold":21,"neow_bonus":"BOSS_RELIC","is_daily":false,"chose_seed":false,"campfire_upgraded":9,"win_rate":0.0,"timestamp":1611255055,"path_taken":["M","M","?","?","M","R","?","?","T","E","R","M","$","E","R","BOSS","M","?","?","?","?","E","M","M","T","R","$","R","$","M","R","BOSS","M","?","M","M","M","R","M","R","T","?","M","E","?","$","R","BOSS"],"items_purchased_type":["Relic","Relic","Card","Relic"],"build_version":"2020-12-22","purchased_purges":2,"victory":true,"max_hp_per_floor":[70,70,70,70,70,70,70,70,70,70,70,70,70,70,70,70,70,70,70,70,70,70,70,70,70,70,70,70,70,70,70,70,70,70,70,70,70,70,70,70,70,70,80,80,80,80,80,80,80,80],"card_choices":[{"not_picked":["Blade Dance","Sucker Punch"],"picked":"Predator","floor":1},{"not_picked":["Replay:Poison Smokescreen","Outmaneuver"],"picked":"Quick Slash","floor":2},{"not_picked":["Deflect","Bane"],"picked":"Skewer","floor":5},{"not_picked":["ReplayTheSpireMod:Speed Training","PiercingWail"],"picked":"Acrobatics","floor":10},{"not_picked":["Cloak And Dagger","Blade Dance"],"picked":"Corpse Explosion","floor":12},{"not_picked":["Catalyst","Poisoned Stab"],"picked":"Flying Knee","floor":14},{"not_picked":["Doppelganger","Atom Bomb"],"picked":"Malaise","floor":16},{"not_picked":["Choke+1","Distraction+1"],"picked":"Dagger Throw","floor":18},{"not_picked":["Tactician","Sucker Punch","Prepared+1"],"picked":"SKIP","floor":20},{"not_picked":["Cloak And Dagger","Outmaneuver","Noxious Fumes"],"picked":"SKIP","floor":23},{"not_picked":["Cloak And Dagger","Outmaneuver","Noxious Fumes"],"picked":"SKIP","floor":23},{"not_picked":["Outmaneuver","Noxious Fumes"],"picked":"Cloak And Dagger","floor":23},{"not_picked":["Underhanded Strike","Poisoned Stab"],"picked":"Hidden Blade+1","floor":24},{"not_picked":["Flying Knee","Sucker Punch","Quick Slash"],"picked":"SKIP","floor":25},{"not_picked":["Bane","Poisoned Stab","Atom Bomb"],"picked":"SKIP","floor":31},{"not_picked":["Accuracy","Flechettes"],"picked":"Skewer","floor":35},{"not_picked":["ReplayTheSpireMod:Scrap Shanks","Deflect"],"picked":"Blade Dance+1","floor":37},{"not_picked":["Outmaneuver","hubris:SlightOfHand"],"picked":"PiercingWail+1","floor":38},{"not_picked":["Cloak And Dagger+1","Deadly Poison+1","Setup"],"picked":"SKIP","floor":39},{"not_picked":["Poisoned Stab+1","Sucker Punch","Slice+1"],"picked":"SKIP","floor":41},{"not_picked":["Riddle With Holes","Predator","hubris:SlightOfHand"],"picked":"SKIP","floor":44},{"not_picked":["Atom Bomb","hubris:SlightOfHand"],"picked":"Footwork+1","floor":45},{"not_picked":["Quick Slash","Distraction+1"],"picked":"Tools of the Trade","floor":46}],"player_experience":927250,"relics_obtained":[{"floor":9,"key":"ReplayTheSpireMod:Lightbulb"},{"floor":10,"key":"Anchor"},{"floor":14,"key":"Sundial"},{"floor":23,"key":"hubris:GlazedTorus"},{"floor":26,"key":"Bottled Lightning"},{"floor":43,"key":"Pear"},{"floor":46,"key":"Mummified Hand"}],"event_choices":[{"cards_removed":["Strike_G"],"damage_healed":0,"gold_gain":0,"player_choice":"Card Removal","damage_taken":0,"max_hp_gain":0,"max_hp_loss":0,"event_name":"The Cleric","floor":3,"gold_loss":50},{"damage_healed":0,"gold_gain":0,"player_choice":"Take Damage","damage_taken":17,"relics_obtained":["Golden Idol"],"max_hp_gain":0,"max_hp_loss":0,"event_name":"Golden Idol","floor":8,"gold_loss":0},{"damage_healed":0,"gold_gain":75,"player_choice":"Touch","damage_taken":7,"max_hp_gain":0,"max_hp_loss":0,"event_name":"FaceTrader","floor":19,"gold_loss":0},{"cards_removed":["Malaise"],"damage_healed":0,"gold_gain":0,"player_choice":"Take \u0026 Give","damage_taken":0,"max_hp_gain":0,"max_hp_loss":0,"event_name":"betterNote:BetterNote","floor":21,"gold_loss":0,"cards_obtained":["theForsaken:Bolster"]},{"damage_healed":0,"gold_gain":0,"player_choice":"Gave Idol","damage_taken":0,"relics_obtained":["Bloody Idol"],"max_hp_gain":0,"max_hp_loss":0,"event_name":"Forgotten Altar","floor":22,"relics_lost":["Golden Idol"],"gold_loss":0},{"cards_removed":["Defend_G"],"damage_healed":0,"gold_gain":0,"player_choice":"Purged","damage_taken":0,"max_hp_gain":0,"max_hp_loss":0,"event_name":"Purifier","floor":36,"gold_loss":0}],"is_beta":false,"boss_relics":[{"not_picked":["Fusion Hammer","Abe\u0027s Treasure"],"picked":"Empty Cage"},{"not_picked":["Pandora\u0027s Box","Kintsugi"],"picked":"hubris:Stopwatch"}],"items_purged_floors":[28,30],"is_endless":false,"potions_floor_spawned":[5,10,18,23,33,35,39,44,46],"ascension_level":0}}