{"host":"hwrdjx5eod2cxh09","time":1611241493,"event":{"mods":["AchievementEnabler","BaseMod","Bestiary","Minty Spire (QoL Compilation)","Relic Stats"],"gold_per_floor":[214,39,39,50,60,60,60,91,144,173,186,212,227,239,239,336,336,350,369,133,150,168,194,212,240,240,255,255,268,268,286,286,385,385,402,416,435,446,298,298,298],"floor_reached":40,"language":"ENG","playtime":2138,"items_purged":[],"score":468,"play_id":"7cbd72d8-7d3c-4d19-a018-005aab328695","local_time":"20210122000453","is_ascension_mode":true,"campfire_choices":[{"data":"Bash","floor":6,"key":"SMITH"},{"data":"Flame Barrier","floor":15,"key":"SMITH"},{"data":"Armaments","floor":30,"key":"SMITH"},{"floor":32,"key":"REST"}],"circlet_count":0,"master_deck":["Strike_R","Strike_R","Strike_R","Strike_R","Defend_R","Defend_R","Defend_R","Bash+1","Perfected Strike","Shrug It Off+1","Headbutt","Flame Barrier+1","Impervious","Armaments+1","Wild Strike","Offering","Shrug It Off+1","Spot Weakness","Double Tap","Whirlwind","Perfected Strike","Flame Barrier+1","Shockwave+1","Pommel Strike","Demon Form","Burning Pact+1","Rage+1"],"relics":["Burning Blood","Medical Kit","Omamori","Anchor","Bottled Flame","Bronze Scales","Cursed Key","Happy Flower","Centennial Puzzle","Sozu","Sling"],"acts_visited":["Exordium","TheCity","TheBeyond"],"potions_floor_usage":[14,25,33,33,40],"damage_taken":[{"damage":11,"enemies":"Jaw Worm","floor":1,"turns":5},{"damage":0,"enemies":"2 Louse","floor":4,"turns":3},{"damage":1,"enemies":"Cultist","floor":5,"turns":3},{"damage":32,"enemies":"Lagavulin","floor":8,"turns":6},{"damage":12,"enemies":"3 Sentries","floor":10,"turns":10},{"damage":8,"enemies":"Exordium Thugs","floor":11,"turns":6},{"damage":0,"enemies":"2 Fungi Beasts","floor":13,"turns":3},{"damage":0,"enemies":"Gremlin Gang","floor":14,"turns":5},{"damage":23,"enemies":"Hexaghost","floor":16,"turns":9},{"damage":0,"enemies":"Spheric Guardian","floor":18,"turns":4},{"damage":6,"enemies":"3 Byrds","floor":19,"turns":4},{"damage":27,"enemies":"Cultist and Chosen","floor":21,"turns":5},{"damage":1,"enemies":"Snake Plant","floor":22,"turns":2},{"damage":14,"enemies":"Slavers","floor":23,"turns":5},{"damage":1,"enemies":"Centurion and Healer","floor":24,"turns":5},{"damage":31,"enemies":"Gremlin Leader","floor":25,"turns":6},{"damage":11,"enemies":"Cultist and Chosen","floor":27,"turns":6},{"damage":0,"enemies":"3 Cultists","floor":29,"turns":4},{"damage":8,"enemies":"Sentry and Sphere","floor":31,"turns":5},{"damage":65,"enemies":"Automaton","floor":33,"turns":10},{"damage":15,"enemies":"Orb Walker","floor":35,"turns":4},{"damage":6,"enemies":"3 Shapes","floor":36,"turns":4},{"damage":23,"enemies":"Sphere and 2 Shapes","floor":37,"turns":4},{"damage":12,"enemies":"Spire Growth","floor":38,"turns":6},{"damage":72,"enemies":"Nemesis","floor":40,"turns":4}],"seed_played":"-9004197198059433768","potions_obtained":[{"floor":1,"key":"BloodPotion"},{"floor":8,"key":"ColorlessPotion"},{"floor":10,"key":"Regen Potion"},{"floor":11,"key":"Block Potion"},{"floor":14,"key":"Swift Potion"},{"floor":22,"key":"DistilledChaos"},{"floor":24,"key":"GamblersBrew"},{"floor":27,"key":"Energy Potion"},{"floor":33,"key":"Strength Potion"}],"is_trial":false,"path_per_floor":["M","$","?","M","M","R","?","E","T","E","M","T","M","M","R","B",null,"M","M","$","M","M","E","M","E","T","M","?","M","R","M","R","B",null,"M","M","M","M","$","E"],"character_chosen":"IRONCLAD","items_purchased":["Shrug It Off","Medical Kit","Double Tap","Whirlwind","Sling"],"campfire_rested":1,"item_purchase_floors":[2,2,20,20,39],"current_hp_per_floor":[75,75,68,74,79,79,79,53,53,47,45,45,51,57,57,40,80,80,80,80,59,64,56,61,36,36,31,31,37,37,35,59,15,80,71,71,54,48,48,0,0],"gold":298,"neow_bonus":"HUNDRED_GOLD","is_daily":false,"chose_seed":false,"campfire_upgraded":3,"win_rate":0.0,"timestamp":1611241493,"path_taken":["M","$","?","M","M","R","?","E","T","E","?","?","M","M","R","BOSS","M","M","$","M","M","E","M","E","T","M","?","M","R","M","R","BOSS","M","?","M","M","$","E"],"items_purchased_type":["Card","Relic","Card","Card","Relic"],"build_version":"2020-12-22","purchased_purges":0,"victory":false,"max_hp_per_floor":[80,80,80,80,80,80,80,80,80,80,80,80,80,80,80,80,80,80,80,80,80,80,80,80,80,80,80,80,80,80,80,80,80,80,80,80,80,80,80,80,80],"relic_stats":{"Sozu":1,"Centennial Puzzle":[24],"Happy Flower":[19],"counters":[25,128],"Bronze Scales":[268],"Medical Kit":[0],"Cursed Key":1,"obtain_stats":[{"Sozu":34,"Anchor":9,"Bottled Flame":10,"Centennial Puzzle":25,"Happy Flower":23,"Bronze Scales":12,"Omamori":8,"Medical Kit":2,"Cursed Key":17,"Sling":39,"Burning Blood":0},{"Sozu":20,"Anchor":4,"Bottled Flame":5,"Centennial Puzzle":16,"Happy Flower":14,"Bronze Scales":6,"Omamori":4,"Medical Kit":1,"Cursed Key":9,"Sling":24,"Burning Blood":0},{"Sozu":106,"Anchor":17,"Bottled Flame":27,"Centennial Puzzle":81,"Happy Flower":70,"Bronze Scales":33,"Omamori":17,"Medical Kit":5,"Cursed Key":50,"Sling":124,"Burning Blood":0}],"Burning Blood":138},"card_choices":[{"not_picked":["Dark Embrace","Flex"],"picked":"Perfected Strike","floor":1},{"not_picked":["Dark Embrace","Thunderclap","Sword Boomerang"],"picked":"SKIP","floor":4},{"not_picked":["Second Wind","Iron Wave"],"picked":"Headbutt","floor":5},{"not_picked":["Thunderclap","Whirlwind"],"picked":"Flame Barrier","floor":8},{"not_picked":["Thunderclap","Iron Wave"],"picked":"Impervious","floor":10},{"not_picked":["True Grit","Anger","Sentinel"],"picked":"SKIP","floor":11},{"not_picked":["Combust","Flex"],"picked":"Armaments","floor":13},{"not_picked":["Flex","Heavy Blade"],"picked":"Wild Strike","floor":14},{"not_picked":["Barricade","Impervious"],"picked":"Offering","floor":16},{"not_picked":["Reckless Charge","Iron Wave"],"picked":"Shrug It Off+1","floor":18},{"not_picked":["Wild Strike","Headbutt"],"picked":"Spot Weakness","floor":19},{"not_picked":["Armaments","Shockwave"],"picked":"Perfected Strike","floor":21},{"not_picked":["Twin Strike","Combust","Flex"],"picked":"SKIP","floor":22},{"not_picked":["Sever Soul","Sword Boomerang+1","Headbutt"],"picked":"SKIP","floor":23},{"not_picked":["Sever Soul","Sword Boomerang+1","Headbutt"],"picked":"SKIP","floor":23},{"not_picked":["Burning Pact","Perfected Strike+1"],"picked":"Flame Barrier+1","floor":24},{"not_picked":["Power Through","Spot Weakness"],"picked":"Shockwave+1","floor":25},{"not_picked":["Rage","Wild Strike"],"picked":"Pommel Strike","floor":27},{"not_picked":["Thunderclap","Perfected Strike","Shockwave"],"picked":"SKIP","floor":29},{"not_picked":["Havoc","Metallicize","Dropkick+1"],"picked":"SKIP","floor":31},{"not_picked":["Berserk","Fiend Fire"],"picked":"Demon Form","floor":33},{"not_picked":["True Grit","Wild Strike+1","Clothesline+1"],"picked":"SKIP","floor":35},{"not_picked":["Headbutt+1","Clash"],"picked":"Burning Pact+1","floor":36},{"not_picked":["Shockwave","Spot Weakness+1","Iron Wave+1"],"picked":"SKIP","floor":37},{"not_picked":["Havoc+1","Demon Form"],"picked":"Rage+1","floor":38}],"player_experience":216484,"relics_obtained":[{"floor":8,"key":"Omamori"},{"floor":9,"key":"Anchor"},{"floor":10,"key":"Bottled Flame"},{"floor":12,"key":"Bronze Scales"},{"floor":23,"key":"Happy Flower"},{"floor":25,"key":"Centennial Puzzle"}],"event_choices":[{"cards_removed":["Defend_R"],"damage_healed":0,"gold_gain":0,"player_choice":"Card Removal","damage_taken":7,"max_hp_gain":0,"max_hp_loss":0,"event_name":"Golden Wing","floor":3,"gold_loss":0},{"damage_healed":0,"gold_gain":0,"player_choice":"Forge","damage_taken":0,"max_hp_gain":0,"max_hp_loss":0,"event_name":"Accursed Blacksmith","floor":7,"gold_loss":0,"cards_upgraded":["Shrug It Off"]},{"cards_removed":["Strike_R"],"damage_healed":0,"gold_gain":0,"player_choice":"Offered Basic","damage_taken":0,"max_hp_gain":0,"max_hp_loss":0,"event_name":"Bonfire Elementals","floor":28,"gold_loss":0}],"is_beta":false,"boss_relics":[{"not_picked":["Fusion Hammer","Coffee Dripper"],"picked":"Cursed Key"},{"not_picked":["Tiny House","Velvet Choker"],"picked":"Sozu"}],"items_purged_floors":[],"is_endless":false,"potions_floor_spawned":[1,8,10,11,14,22,23,24,27,31,33,38],"killed_by":"Nemesis","ascension_level":1}}