{"host":"yfdtuf6ojcxn06xg","time":1611194714,"event":{"mods":["2.2 Compatiblity","AchievementEnabler","BaseMod","Colored Map","Colored Powertips","Curses Come First","Hermit","JesterMod","Jorbs\u0027s Wanderer Trilogy","Minty Spire (QoL Compilation)","Quick Restart","Rare Cards Sparkle","Relic Stats","Replay The Spire","StSLib","The Cursed","The Disciple","The Hierophant","The Jungle","The Marked","The Necromancer","The Servant 0.9.4"],"gold_per_floor":[116,116,130,130,149,149,165,165,165,195,206,206,109,120,120,120,120],"floor_reached":16,"language":"ENG","playtime":467,"items_purged":["hermit:Strike_Hermit"],"score":107,"play_id":"aeed1b8f-3810-471c-94a5-30a6cfbc0727","local_time":"20210120210514","is_ascension_mode":true,"campfire_choices":[{"data":"hermit:Determination","floor":6,"key":"SMITH"},{"data":"hermit:Quickdraw","floor":6,"key":"SMITH"},{"data":"hermit:SprayPray","floor":8,"key":"SMITH"},{"data":"hermit:Covet","floor":8,"key":"SMITH"},{"floor":12,"key":"REST"},{"data":"hermit:Spite","floor":15,"key":"SMITH"},{"data":"hermit:Purgatory","floor":15,"key":"SMITH"}],"circlet_count":0,"master_deck":["hermit:Strike_Hermit","hermit:Strike_Hermit","hermit:Strike_Hermit","hermit:Defend_Hermit","hermit:Defend_Hermit","hermit:Defend_Hermit","hermit:Defend_Hermit","hermit:Covet+1","hermit:Determination+1","hermit:Spite+1","hermit:Quickdraw+1","hermit:SprayPray+1","hermit:HoleUp","hermit:Purgatory+1"],"relics":["hermit:Momento","NeowsBlessing","Replay:Arrowhead","Counterbalance","Regal Pillow"],"acts_visited":["Exordium"],"potions_floor_usage":[10,16,16],"damage_taken":[{"damage":0,"enemies":"2 Louse","floor":1,"turns":1},{"damage":0,"enemies":"Cultist","floor":3,"turns":1},{"damage":0,"enemies":"Jaw Worm","floor":5,"turns":1},{"damage":18,"enemies":"Lots of Slimes","floor":7,"turns":5},{"damage":24,"enemies":"Gremlin Nob","floor":10,"turns":5},{"damage":4,"enemies":"Looter","floor":11,"turns":3},{"damage":0,"enemies":"Large Slime","floor":14,"turns":5},{"damage":66,"enemies":"Slime Boss","floor":16,"turns":4}],"seed_played":"8440134397028355959","potions_obtained":[{"floor":5,"key":"SteroidPotion"},{"floor":7,"key":"ColorlessPotion"},{"floor":11,"key":"DistilledChaos"}],"is_trial":false,"path_per_floor":["M","?","M","?","M","R","M","R","T","E","M","R","$","M","R","B"],"character_chosen":"HERMIT","items_purchased":["hermit:HoleUp"],"campfire_rested":1,"item_purchase_floors":[13],"current_hp_per_floor":[75,75,75,75,75,75,57,57,57,33,29,66,66,66,66,0,0],"gold":120,"neow_bonus":"THREE_ENEMY_KILL","is_daily":false,"chose_seed":false,"campfire_upgraded":6,"win_rate":0.0,"timestamp":1611194714,"path_taken":["M","?","?","?","M","R","?","R","T","E","M","R","$","M","R","BOSS"],"items_purchased_type":["Card"],"build_version":"2020-12-22","purchased_purges":1,"victory":false,"max_hp_per_floor":[75,75,75,75,75,75,75,75,75,75,75,75,75,75,75,75,75],"relic_stats":{"Regal Pillow":15,"counters":[8,25],"obtain_stats":[{"Regal Pillow":10,"NeowsBlessing":0,"Counterbalance":9,"hermit:Momento":0,"Replay:Arrowhead":4},{"Regal Pillow":5,"NeowsBlessing":0,"Counterbalance":4,"hermit:Momento":0,"Replay:Arrowhead":2},{"Regal Pillow":13,"NeowsBlessing":0,"Counterbalance":8,"hermit:Momento":0,"Replay:Arrowhead":2}]},"card_choices":[{"not_picked":["hermit:Ricochet","hermit:TrackingShot"],"picked":"hermit:Determination","floor":1},{"not_picked":["hermit:Dive","hermit:WideOpen"],"picked":"hermit:Spite","floor":3},{"not_picked":["hermit:Scavenge","hermit:Dive"],"picked":"hermit:Quickdraw","floor":5},{"not_picked":["hermit:Malice","hermit:Snipe"],"picked":"hermit:SprayPray","floor":7},{"not_picked":["hermit:BigShot","hermit:Feint","hermit:Showdown"],"picked":"SKIP","floor":10},{"not_picked":["hermit:HighCaliber","hermit:GoldenBullet","hermit:LoneWolf"],"picked":"SKIP","floor":11},{"not_picked":["hermit:NoHoldsBarred","hermit:Headshot"],"picked":"hermit:Purgatory","floor":14}],"player_experience":214428,"relics_obtained":[{"floor":4,"key":"Replay:Arrowhead"},{"floor":9,"key":"Counterbalance"},{"floor":10,"key":"Regal Pillow"}],"event_choices":[{"cards_removed":["hermit:Snapshot"],"damage_healed":0,"gold_gain":0,"player_choice":"Offered Basic","damage_taken":0,"max_hp_gain":0,"max_hp_loss":0,"event_name":"Bonfire Elementals","floor":2,"gold_loss":0},{"damage_healed":0,"gold_gain":0,"player_choice":"Relic","damage_taken":0,"max_hp_gain":0,"max_hp_loss":0,"event_name":"Wheel of Change","floor":4,"gold_loss":0}],"is_beta":false,"boss_relics":[],"items_purged_floors":[13],"is_endless":false,"potions_floor_spawned":[5,7,11],"killed_by":"Slime Boss","ascension_level":1}}