{"host":"guk5h31bsklpp7e4","time":1611224413,"event":{"mods":["AchievementEnabler","BaseMod","Colored Map","Colored Powertips","Highlight Path","Minty Spire (QoL Compilation)","Quick Restart"],"gold_per_floor":[110,110,35,46,62,62,73,99,99,64,64,64,14,48,48,146,146,158,177,101,26,26,26,26,40,40,15,15,35,48,59,59,59,59],"floor_reached":33,"language":"ENG","playtime":1704,"items_purged":["Defend_P","Defend_P","Strike_P"],"score":293,"play_id":"743b0e6d-12d1-4cb2-9f94-e62c4902faea","local_time":"20210121052013","is_ascension_mode":true,"campfire_choices":[{"data":"Eruption","floor":6,"key":"SMITH"},{"floor":11,"key":"RECALL"},{"data":"SignatureMove","floor":15,"key":"SMITH"},{"floor":23,"key":"REST"},{"floor":28,"key":"REST"},{"floor":32,"key":"REST"}],"circlet_count":0,"master_deck":["Strike_P","Defend_P","Defend_P","Eruption+1","Vigilance","SashWhip","InnerPeace","FlyingSleeves","EmptyBody","SignatureMove+1","DeusExMachina","FlurryOfBlows","LikeWater","ClearTheMind","EmptyBody","DeceiveReality","Protect"],"relics":["PureWater","NeowsBlessing","Smiling Mask","PreservedInsect","InkBottle","Black Star"],"acts_visited":["Exordium","TheCity"],"potions_floor_usage":[8,16,19],"damage_taken":[{"damage":0,"enemies":"2 Louse","floor":1,"turns":1},{"damage":0,"enemies":"Cultist","floor":4,"turns":1},{"damage":0,"enemies":"Small Slimes","floor":5,"turns":1},{"damage":3,"enemies":"Blue Slaver","floor":7,"turns":3},{"damage":17,"enemies":"3 Sentries","floor":8,"turns":8},{"damage":11,"enemies":"Gremlin Nob","floor":14,"turns":3},{"damage":40,"enemies":"The Guardian","floor":16,"turns":8},{"damage":8,"enemies":"2 Thieves","floor":18,"turns":2},{"damage":45,"enemies":"3 Byrds","floor":19,"turns":6},{"damage":7,"enemies":"Cultist and Chosen","floor":25,"turns":3},{"damage":0,"enemies":"Shelled Parasite and Fungi","floor":29,"turns":3},{"damage":11,"enemies":"Sentry and Sphere","floor":30,"turns":3},{"damage":11,"enemies":"Centurion and Healer","floor":31,"turns":4},{"damage":105,"enemies":"Champ","floor":33,"turns":14}],"seed_played":"2865894191657889618","potions_obtained":[{"floor":5,"key":"Block Potion"},{"floor":7,"key":"ColorlessPotion"},{"floor":14,"key":"SteroidPotion"},{"floor":31,"key":"FairyPotion"}],"is_trial":false,"path_per_floor":["M","?","$","M","M","R","M","E","T","?","R","?","$","E","R","B",null,"M","M","$","?","?","R","?","M","T","$","R","M","M","M","R","B"],"character_chosen":"WATCHER","items_purchased":["ClearTheMind","EmptyBody"],"campfire_rested":3,"item_purchase_floors":[20,27],"current_hp_per_floor":[72,72,72,72,72,72,69,52,52,70,70,75,75,64,64,24,77,69,24,24,24,24,47,47,40,40,40,63,63,52,41,64,0,0],"gold":59,"neow_bonus":"THREE_ENEMY_KILL","is_daily":false,"chose_seed":false,"campfire_upgraded":2,"win_rate":0.0,"timestamp":1611224413,"path_taken":["M","?","$","?","M","R","M","E","T","?","R","?","?","E","R","BOSS","M","M","$","?","?","R","?","M","T","$","R","M","M","?","R","BOSS"],"items_purchased_type":["Card","Card"],"build_version":"2020-12-22","purchased_purges":3,"victory":false,"max_hp_per_floor":[72,72,72,72,72,72,72,72,72,72,72,77,77,77,77,77,77,77,77,77,77,77,77,77,77,77,77,77,77,77,77,77,77,77],"card_choices":[{"not_picked":["Prostrate","WheelKick"],"picked":"SashWhip","floor":1},{"not_picked":["FollowUp","Protect"],"picked":"InnerPeace","floor":4},{"not_picked":["Wireheading","WaveOfTheHand"],"picked":"FlyingSleeves","floor":5},{"not_picked":["Collect","SashWhip","Adaptation"],"picked":"SKIP","floor":7},{"not_picked":["Swivel","BowlingBash"],"picked":"EmptyBody","floor":8},{"not_picked":["JustLucky","SashWhip"],"picked":"SignatureMove","floor":14},{"not_picked":["LessonLearned","Alpha"],"picked":"DeusExMachina","floor":16},{"not_picked":["SignatureMove","ClearTheMind"],"picked":"FlurryOfBlows","floor":18},{"not_picked":["FlurryOfBlows+1","MentalFortress+1"],"picked":"LikeWater","floor":19},{"not_picked":["Halt","FollowUp","Evaluate"],"picked":"SKIP","floor":25},{"not_picked":["Halt","BowlingBash","Tantrum"],"picked":"SKIP","floor":29},{"not_picked":["FlurryOfBlows","Consecrate+1"],"picked":"DeceiveReality","floor":30},{"not_picked":["CrushJoints","TalkToTheHand"],"picked":"Protect","floor":31}],"player_experience":308402,"relics_obtained":[{"floor":8,"key":"Smiling Mask"},{"floor":9,"key":"PreservedInsect"},{"floor":14,"key":"InkBottle"}],"event_choices":[{"cards_removed":["Strike_P"],"damage_healed":0,"gold_gain":0,"player_choice":"Offered Basic","damage_taken":0,"max_hp_gain":0,"max_hp_loss":0,"event_name":"Bonfire Elementals","floor":2,"gold_loss":0},{"damage_healed":18,"gold_gain":0,"player_choice":"Healed","damage_taken":0,"max_hp_gain":0,"max_hp_loss":0,"event_name":"The Cleric","floor":10,"gold_loss":35},{"damage_healed":0,"gold_gain":0,"player_choice":"Donut","damage_taken":0,"max_hp_gain":5,"max_hp_loss":0,"event_name":"Big Fish","floor":12,"gold_loss":0},{"cards_removed":["Strike_P"],"damage_healed":0,"gold_gain":0,"player_choice":"Gave Gold","damage_taken":0,"max_hp_gain":0,"max_hp_loss":0,"event_name":"Beggar","floor":21,"gold_loss":75},{"damage_healed":0,"gold_gain":0,"player_choice":"Ignored","damage_taken":0,"max_hp_gain":0,"max_hp_loss":0,"event_name":"Cursed Tome","floor":22,"gold_loss":0},{"damage_healed":0,"gold_gain":0,"player_choice":"0 cards matched","damage_taken":0,"max_hp_gain":0,"max_hp_loss":0,"event_name":"Match and Keep!","floor":24,"gold_loss":0,"cards_obtained":[]}],"is_beta":false,"boss_relics":[{"not_picked":["SacredBark","Cursed Key"],"picked":"Black Star"}],"items_purged_floors":[3,13,20],"is_endless":false,"potions_floor_spawned":[5,7,14,31],"killed_by":"Champ","ascension_level":3}}