{"host":"5gfra4hjb6stk8c2","time":1611255883,"event":{"mods":["BaseMod","Minty Spire (QoL Compilation)","Quick Restart","SuperFastMode"],"gold_per_floor":[109,109,127,142,217,245,80,80,106,117,145,165,190,140,140,241,241,254,254,254,267,12,12,12],"floor_reached":23,"language":"ENG","playtime":393,"items_purged":["Defend_P","Defend_P"],"score":354,"play_id":"6217cf9b-cacb-4e45-919f-1521bb278ed8","local_time":"20210121160443","is_ascension_mode":true,"campfire_choices":[{"data":"SignatureMove","floor":8,"key":"SMITH"},{"floor":15,"key":"REST"}],"circlet_count":0,"master_deck":["Defend_P","Eruption+1","Vigilance","SignatureMove+1","Consecrate","Flash of Steel","Consecrate","Consecrate","Consecrate","Devotion","Prostrate+1","Bite","Bite","Bite","Bite","Bite"],"relics":["PureWater","NeowsBlessing","Boot","StoneCalendar","Toxic Egg 2","Black Star","Enchiridion","Happy Flower"],"acts_visited":["Exordium","TheCity"],"potions_floor_usage":[6,11,12,16,16,23],"damage_taken":[{"damage":0,"enemies":"Small Slimes","floor":1,"turns":1},{"damage":0,"enemies":"Jaw Worm","floor":3,"turns":1},{"damage":0,"enemies":"2 Louse","floor":4,"turns":2},{"damage":0,"enemies":"Gremlin Nob","floor":6,"turns":2},{"damage":0,"enemies":"Large Slime","floor":10,"turns":2},{"damage":41,"enemies":"Lagavulin","floor":11,"turns":7},{"damage":0,"enemies":"Looter","floor":12,"turns":1},{"damage":2,"enemies":"3 Sentries","floor":13,"turns":3},{"damage":26,"enemies":"Hexaghost","floor":16,"turns":4},{"damage":22,"enemies":"Spheric Guardian","floor":18,"turns":4},{"damage":8,"enemies":"Chosen","floor":21,"turns":2},{"damage":45,"enemies":"Book of Stabbing","floor":23,"turns":3}],"seed_played":"-7742606188070309708","potions_obtained":[{"floor":3,"key":"DistilledChaos"},{"floor":4,"key":"Block Potion"},{"floor":11,"key":"Fire Potion"},{"floor":12,"key":"BottledMiracle"},{"floor":13,"key":"LiquidMemories"},{"floor":16,"key":"BlessingOfTheForge"}],"is_trial":false,"path_per_floor":["M","?","M","M","?","E","$","R","T","M","E","M","E","?","R","B",null,"M","?","?","M","$","E"],"character_chosen":"WATCHER","items_purchased":["Flash of Steel","Happy Flower"],"campfire_rested":1,"item_purchase_floors":[7,22],"current_hp_per_floor":[65,65,65,65,54,54,54,54,54,56,17,19,19,19,40,16,58,38,38,22,20,20,0,0],"gold":12,"neow_bonus":"THREE_ENEMY_KILL","is_daily":false,"chose_seed":false,"campfire_upgraded":1,"win_rate":0.0,"timestamp":1611255883,"path_taken":["M","?","M","M","?","E","$","R","T","M","E","M","E","?","R","BOSS","M","?","?","M","$","E"],"items_purchased_type":["Card","Relic"],"build_version":"2020-12-22","purchased_purges":2,"victory":false,"max_hp_per_floor":[72,72,72,72,72,72,72,72,72,72,72,72,72,72,72,72,72,72,72,72,72,72,72,72],"card_choices":[{"not_picked":["BowlingBash","EmptyBody","FollowUp"],"picked":"SKIP","floor":1},{"not_picked":["ReachHeaven","FlyingSleeves"],"picked":"SignatureMove","floor":3},{"not_picked":["Establishment","EmptyBody"],"picked":"Consecrate","floor":4},{"not_picked":["EmptyBody","EmptyFist","CutThroughFate"],"picked":"SKIP","floor":6},{"not_picked":["EmptyMind","SandsOfTime"],"picked":"Consecrate","floor":10},{"not_picked":["Collect","FlyingSleeves"],"picked":"Consecrate","floor":11},{"not_picked":["EmptyFist","DeceiveReality"],"picked":"Consecrate","floor":12},{"not_picked":["SandsOfTime","ThirdEye+1","SignatureMove"],"picked":"SKIP","floor":13},{"not_picked":["LessonLearned","SpiritShield+1"],"picked":"Devotion","floor":16},{"not_picked":["Wireheading","EmptyBody+1"],"picked":"Prostrate+1","floor":18},{"not_picked":["BowlingBash","Crescendo+1","MentalFortress"],"picked":"SKIP","floor":21}],"player_experience":178598,"relics_obtained":[{"floor":6,"key":"Blood Vial"},{"floor":9,"key":"Boot"},{"floor":11,"key":"StoneCalendar"},{"floor":13,"key":"Toxic Egg 2"},{"floor":20,"key":"Enchiridion"}],"event_choices":[{"damage_healed":0,"gold_gain":0,"player_choice":"Grow","damage_taken":0,"max_hp_gain":0,"max_hp_loss":0,"event_name":"Living Wall","floor":2,"gold_loss":0,"cards_upgraded":["Eruption"]},{"damage_healed":0,"gold_gain":75,"player_choice":"Gather Gold","damage_taken":11,"max_hp_gain":0,"max_hp_loss":0,"event_name":"World of Goop","floor":5,"gold_loss":0},{"cards_removed":["Defend_P"],"damage_healed":0,"gold_gain":0,"player_choice":"Card Removal","damage_taken":0,"max_hp_gain":0,"max_hp_loss":0,"event_name":"The Cleric","floor":14,"gold_loss":50},{"damage_healed":0,"gold_gain":0,"player_choice":"Became a vampire (Vial)","damage_taken":0,"max_hp_gain":0,"max_hp_loss":0,"event_name":"Vampires","floor":19,"relics_lost":["Blood Vial"],"gold_loss":0,"cards_obtained":["Bite","Bite","Bite","Bite","Bite"]},{"damage_healed":0,"gold_gain":0,"player_choice":"Obtained Book","damage_taken":16,"max_hp_gain":0,"max_hp_loss":0,"event_name":"Cursed Tome","floor":20,"gold_loss":0}],"is_beta":false,"boss_relics":[{"not_picked":["SlaversCollar","Tiny House"],"picked":"Black Star"}],"items_purged_floors":[7,22],"is_endless":false,"potions_floor_spawned":[3,4,11,12,13,16],"killed_by":"Book of Stabbing","ascension_level":6}}