{"host":"9ndbo4kgsfoemf7y","time":1611228465,"event":{"mods":["AchievementEnabler","BaseMod","Colored Map","DeckTracker","Keyboard Shortcuts","Minty Spire (QoL Compilation)","Permanent Neow","Quick Restart","Relic Stats","StSLib","SuperFastMode"],"gold_per_floor":[114,126,41,41,52,52,72,107,154,154,168,181,181,199,199,199,199],"floor_reached":16,"language":"KOR","playtime":367,"items_purged":[],"score":104,"play_id":"c2fdd7c6-cb99-405a-b01e-14976cc065b5","local_time":"20210121202745","is_ascension_mode":false,"campfire_choices":[{"data":"Searing Blow","floor":6.0,"key":"SMITH"},{"data":"Barricade","floor":10,"key":"SMITH"},{"data":"Dark Embrace","floor":13,"key":"SMITH"},{"floor":15,"key":"REST"}],"circlet_count":0,"master_deck":["Strike_R","Strike_R","Strike_R","Strike_R","Strike_R","Defend_R","Defend_R","Defend_R","Defend_R","Bash","Thunderclap","Searing Blow+1","Blood for Blood","Second Wind","Cleave","Barricade+1","Dark Embrace+1","Body Slam"],"relics":["Burning Blood","Question Card","Toy Ornithopter"],"acts_visited":["Exordium"],"potions_floor_usage":[8],"damage_taken":[{"damage":1.0,"enemies":"Cultist","floor":1.0,"turns":3.0},{"damage":2.0,"enemies":"2 Louse","floor":2.0,"turns":4.0},{"damage":0.0,"enemies":"Small Slimes","floor":5.0,"turns":2.0},{"damage":5.0,"enemies":"Looter","floor":7.0,"turns":4.0},{"damage":21,"enemies":"Lagavulin","floor":8,"turns":7},{"damage":28,"enemies":"Large Slime","floor":11,"turns":6},{"damage":17,"enemies":"Exordium Thugs","floor":12,"turns":5},{"damage":14,"enemies":"Red Slaver","floor":14,"turns":5},{"damage":50,"enemies":"The Guardian","floor":16,"turns":5}],"seed_played":"-2609198526576623047","potions_obtained":[{"floor":5.0,"key":"Weak Potion"},{"floor":7.0,"key":"Weak Potion"},{"floor":12,"key":"DuplicationPotion"}],"is_trial":false,"path_per_floor":["M","M","$","?","M","R","M","E","T","R","M","M","R","M","R","B"],"character_chosen":"IRONCLAD","items_purchased":["Second Wind","Cleave"],"campfire_rested":1,"item_purchase_floors":[3,3],"current_hp_per_floor":[80,80,80,80,80,80,80,65,65,65,43,32,32,24,48,0,0],"gold":199,"neow_bonus":"THREE_CARDS","is_daily":false,"chose_seed":false,"campfire_upgraded":3,"win_rate":0.0,"timestamp":1611228465,"path_taken":["M","?","$","?","M","R","M","E","T","R","?","M","R","M","R","BOSS"],"items_purchased_type":["Card","Card"],"build_version":"2020-12-22","purchased_purges":0,"victory":false,"max_hp_per_floor":[80,80,80,80,80,80,80,80,80,80,80,80,80,80,80,80,80],"relic_stats":{"counters":[9,41],"Question Card":3,"obtain_stats":[{"Question Card":8,"Burning Blood":0,"Toy Ornithopter":9},{"Question Card":5,"Burning Blood":0,"Toy Ornithopter":5},{"Question Card":20,"Burning Blood":0,"Toy Ornithopter":20}],"Burning Blood":32,"Toy Ornithopter":0},"card_choices":[{"not_picked":["Combust","Iron Wave"],"picked":"Thunderclap","floor":0.0},{"not_picked":["Wild Strike","Anger"],"picked":"Searing Blow","floor":1.0},{"not_picked":["Iron Wave","Flame Barrier"],"picked":"Blood for Blood","floor":2.0},{"not_picked":["Ghostly Armor","Heavy Blade","Bloodletting"],"picked":"SKIP","floor":5.0},{"not_picked":["Clothesline","Intimidate","Anger"],"picked":"SKIP","floor":7.0},{"not_picked":["Power Through","Fire Breathing"],"picked":"Barricade","floor":8},{"not_picked":["Heavy Blade","Anger","Thunderclap","Warcry"],"picked":"SKIP","floor":11},{"not_picked":["Bludgeon","Iron Wave","Wild Strike"],"picked":"Dark Embrace","floor":12},{"not_picked":["Cleave","Anger","Headbutt"],"picked":"Body Slam","floor":14}],"player_experience":837574,"relics_obtained":[{"floor":8,"key":"Question Card"},{"floor":9,"key":"Toy Ornithopter"}],"event_choices":[{"damage_healed":0.0,"max_hp_gain":0.0,"max_hp_loss":0.0,"gold_gain":0.0,"event_name":"Match and Keep!","player_choice":"0 cards matched","floor":4.0,"gold_loss":0.0,"damage_taken":0.0,"cards_obtained":[]}],"is_beta":false,"boss_relics":[],"items_purged_floors":[],"is_endless":false,"potions_floor_spawned":[5,7,12],"killed_by":"The Guardian","ascension_level":0}}