{"host":"7jl4uf745pjtflnx","time":1611253028,"event":{"mods":["BaseMod","BetterRewards","Hubris","Minty Spire (QoL Compilation)","Replay The Spire","StSLib","SuperFastMode","The Construct"],"gold_per_floor":[109,59,39,58,1,1,21,21,21,55,0,0,11,23,23,23,23],"floor_reached":16,"language":"ENG","playtime":326,"items_purged":[],"score":160,"play_id":"9dddce53-9653-4049-9488-42f7e0d598f0","local_time":"20210121131708","is_ascension_mode":true,"campfire_choices":[{"data":"Armaments","floor":6,"key":"SMITH"},{"data":"Bash","floor":12,"key":"SMITH"},{"floor":15,"key":"REST"}],"circlet_count":0,"master_deck":["AscendersBane","Strike_R+1","Strike_R+1","Strike_R+1","Strike_R+1","Defend_R","Defend_R","Defend_R","Defend_R","Bash+1","Perfected Strike","Armaments+1","Rampage","Rampage","Thunderclap","Whirlwind+1","Pummel+1","Cleave+1"],"relics":["Burning Blood","Molten Egg 2","Golden Egg","Replay:Bottled Eggs"],"acts_visited":["Exordium"],"potions_floor_usage":[10,13],"damage_taken":[{"damage":6,"enemies":"2 Louse","floor":1,"turns":4},{"damage":7,"enemies":"Jaw Worm","floor":4,"turns":3},{"damage":1,"enemies":"Cultist","floor":7,"turns":3},{"damage":36,"enemies":"Gremlin Nob","floor":10,"turns":5},{"damage":12,"enemies":"Exordium Thugs","floor":13,"turns":5},{"damage":21,"enemies":"Large Slime","floor":14,"turns":5},{"damage":31,"enemies":"The Guardian","floor":16,"turns":7}],"seed_played":"843725905676074980","potions_obtained":[{"floor":1,"key":"Milkshake"},{"floor":3,"key":"SteroidPotion"},{"floor":7,"key":"SpeedPotion"}],"is_trial":false,"path_per_floor":["M","?","?","M","$","R","M","T","T","E","$","R","M","M","R","B"],"character_chosen":"IRONCLAD","items_purchased":["Rampage","Pummel+1"],"campfire_rested":1,"item_purchase_floors":[5,11],"current_hp_per_floor":[80,80,80,79,79,79,84,84,84,54,54,54,48,33,59,28,28],"gold":23,"neow_bonus":"TEN_PERCENT_HP_BONUS","is_daily":false,"chose_seed":false,"campfire_upgraded":2,"win_rate":0.0,"timestamp":1611253028,"path_taken":["M","?","?","?","?","R","M","?","T","E","?","R","M","M","R","BOSS"],"items_purchased_type":["Card","Card"],"build_version":"2020-12-22","purchased_purges":0,"victory":false,"max_hp_per_floor":[88,88,88,88,88,88,88,88,88,88,88,88,88,88,88,88,88],"card_choices":[{"not_picked":["ReplayTheSpireMod:LeadingStrike","Thunderclap"],"picked":"Perfected Strike","floor":1},{"not_picked":["Rupture","Sentinel"],"picked":"Armaments","floor":4},{"not_picked":["hubris:SharpeningStone","Warcry"],"picked":"Thunderclap","floor":7},{"not_picked":["Clash+1","Massacre+1","Whirlwind+1"],"picked":"SKIP","floor":10},{"not_picked":["Clash+1","Massacre+1"],"picked":"Whirlwind+1","floor":10},{"not_picked":["Iron Wave+1","Flame Barrier"],"picked":"Cleave+1","floor":13},{"not_picked":["Body Slam+1","Barricade","Shockwave"],"picked":"SKIP","floor":14}],"player_experience":721714,"relics_obtained":[{"floor":8,"key":"Molten Egg 2"},{"floor":9,"key":"Golden Egg"},{"floor":10,"key":"Replay:Bottled Eggs"}],"event_choices":[{"cards_removed":["Strike_R"],"damage_healed":0,"gold_gain":0,"player_choice":"Card Removal","damage_taken":0,"max_hp_gain":0,"max_hp_loss":0,"event_name":"The Cleric","floor":2,"gold_loss":50},{"damage_healed":0,"gold_gain":0,"player_choice":"Bought 1 Potion","damage_taken":0,"max_hp_gain":0,"max_hp_loss":0,"event_name":"The Woman in Blue","floor":3,"gold_loss":0}],"is_beta":false,"boss_relics":[],"items_purged_floors":[],"is_endless":false,"potions_floor_spawned":[1,7],"killed_by":"The Guardian","ascension_level":12}}