{"host":"mydft8i2zzydgggw","time":1611242922,"event":{"mods":["AchievementEnabler","BaseMod","BetterRewards","Colored Map","Colored Powertips","DeckTracker","Keyboard Shortcuts","Minty Spire (QoL Compilation)","Rare Cards Sparkle","StSLib","SuperFastMode","everything is the same but u backflip on backflip"],"gold_per_floor":[118,131,149,165,340,340,224,224,224,252,2,2,2,26,26,151,151,172,172,172,1,24,24,24,24,47,47,70,70,70,70,70,201,201,225,225,558,32,42,42,56,56,83,96,112,130,80,30,30,30],"floor_reached":51,"language":"KOR","playtime":1150,"items_purged":["Doubt","Strike_P","Strike_P","Defend_P","Defend_P","Defend_P"],"score":975,"play_id":"08ba3c28-e682-4180-b4c0-031129e37df1","local_time":"20210122002842","is_ascension_mode":true,"campfire_choices":[{"data":"ForeignInfluence","floor":6,"key":"SMITH"},{"data":"Eruption","floor":8,"key":"SMITH"},{"data":"MentalFortress","floor":13,"key":"SMITH"},{"data":"ForeignInfluence","floor":15,"key":"SMITH"},{"data":"Adaptation","floor":23,"key":"SMITH"},{"data":"Scrawl","floor":25,"key":"SMITH"},{"data":"Meditate","floor":27,"key":"SMITH"},{"data":"Vigilance","floor":29,"key":"SMITH"},{"data":"EmptyBody","floor":32,"key":"SMITH"},{"data":"DevaForm","floor":40,"key":"SMITH"},{"data":"Fasting2","floor":49,"key":"SMITH"}],"circlet_count":0,"master_deck":["Eruption+1","Vigilance+1","ForeignInfluence+1","FollowUp","ForeignInfluence+1","Meditate+1","MentalFortress+1","EmptyFist","Scrawl+1","CurseOfTheBell","Necronomicurse","EmptyBody+1","FlurryOfBlows","Adaptation+1","Evaluate+1","CrushJoints","WaveOfTheHand","DevaForm+1","Fasting2+1","InnerPeace"],"relics":["PureWater","MealTicket","Letter Opener","Mercury Hourglass","Centennial Puzzle","Calling Bell","Nunchaku","Eternal Feather","WingedGreaves","Necronomicon","Smiling Mask","TeardropLocket","Philosopher\u0027s Stone","Pantograph","Ancient Tea Set","Akabeko"],"acts_visited":["Exordium","TheCity","TheBeyond"],"potions_floor_usage":[18,22,45,50,50,50],"damage_taken":[{"damage":7,"enemies":"2 Louse","floor":1,"turns":2},{"damage":9,"enemies":"Jaw Worm","floor":2,"turns":5},{"damage":0,"enemies":"Small Slimes","floor":3,"turns":2},{"damage":0,"enemies":"2 Fungi Beasts","floor":4,"turns":2},{"damage":7,"enemies":"Lagavulin","floor":10,"turns":4},{"damage":0,"enemies":"Exordium Wildlife","floor":14,"turns":2},{"damage":28,"enemies":"Hexaghost","floor":16,"turns":8},{"damage":0,"enemies":"Chosen","floor":18,"turns":3},{"damage":6,"enemies":"3 Byrds","floor":22,"turns":5},{"damage":0,"enemies":"Sentry and Sphere","floor":28,"turns":2},{"damage":32,"enemies":"Champ","floor":33,"turns":8},{"damage":17,"enemies":"Orb Walker","floor":35,"turns":3},{"damage":0,"enemies":"3 Darklings","floor":39,"turns":2},{"damage":14,"enemies":"4 Shapes","floor":41,"turns":4},{"damage":30,"enemies":"Transient","floor":44,"turns":5},{"damage":0,"enemies":"Sphere and 2 Shapes","floor":45,"turns":3},{"damage":13,"enemies":"4 Shapes","floor":46,"turns":3},{"damage":0,"enemies":"Donu and Deca","floor":50,"turns":6}],"seed_played":"5715603603561866660","potions_obtained":[{"floor":1,"key":"Strength Potion"},{"floor":10,"key":"Block Potion"},{"floor":16,"key":"Regen Potion"},{"floor":33,"key":"SpeedPotion"},{"floor":35,"key":"BlessingOfTheForge"},{"floor":41,"key":"Energy Potion"},{"floor":46,"key":"SkillPotion"}],"is_trial":false,"path_per_floor":["M","M","M","M","?","R","$","R","T","E","$","?","R","M","R","B",null,"M","?","?","$","M","R","$","R","T","R","M","R","?","T","R","B",null,"M","?","?","$","M","R","M","?","T","M","M","M","$","$","R","B",null],"character_chosen":"WATCHER","items_purchased":["Meditate","Centennial Puzzle","FlurryOfBlows","Fasting2","Pantograph","Ancient Tea Set"],"campfire_rested":0,"item_purchase_floors":[7,11,21,38,38,38],"current_hp_per_floor":[58,49,49,49,49,49,64,64,64,57,72,67,67,67,67,39,60,67,51,51,66,60,67,67,67,67,67,67,67,67,67,67,35,59,42,42,42,57,57,67,53,53,53,23,23,10,25,40,52,67],"gold":30,"neow_bonus":"RANDOM_COMMON_RELIC","is_daily":false,"chose_seed":false,"campfire_upgraded":11,"win_rate":0.0,"timestamp":1611242922,"path_taken":["M","M","M","M","?","R","$","R","T","E","$","?","R","M","R","BOSS","M","?","?","$","M","R","?","R","T","R","M","R","?","?","R","BOSS","M","?","?","?","?","R","M","?","T","M","M","?","$","$","R","BOSS"],"items_purchased_type":["Card","Relic","Card","Card","Relic","Relic"],"build_version":"2020-12-22","purchased_purges":6,"victory":true,"max_hp_per_floor":[72,72,72,72,72,72,72,72,72,72,72,67,67,67,67,67,67,67,67,67,67,67,67,67,67,67,67,67,67,67,67,67,67,67,67,67,67,67,67,67,67,67,67,67,67,67,67,67,67,67],"card_choices":[{"not_picked":["JustLucky","Prostrate"],"picked":"ForeignInfluence","floor":1},{"not_picked":["Crescendo","Consecrate"],"picked":"FollowUp","floor":2},{"not_picked":["FlurryOfBlows","Meditate"],"picked":"ForeignInfluence","floor":3},{"not_picked":["Collect","ClearTheMind","BowlingBash"],"picked":"SKIP","floor":4},{"not_picked":["Vengeance","MasterReality"],"picked":"MentalFortress","floor":10},{"not_picked":["ClearTheMind","FlurryOfBlows"],"picked":"EmptyFist","floor":14},{"not_picked":["SpiritShield","Wish"],"picked":"Scrawl","floor":16},{"not_picked":["Sanctity","ThirdEye","Protect"],"picked":"SKIP","floor":18},{"not_picked":["Collect","Halt"],"picked":"Adaptation","floor":22},{"not_picked":["Weave","ThirdEye"],"picked":"Evaluate+1","floor":28},{"not_picked":["SpiritShield","Blasphemy"],"picked":"DevaForm","floor":33},{"not_picked":["ThirdEye","Protect"],"picked":"Wallop","floor":35},{"not_picked":["Consecrate","Indignation","Fasting2+1"],"picked":"SKIP","floor":39},{"not_picked":["Halt+1","CutThroughFate"],"picked":"InnerPeace","floor":41},{"not_picked":["CutThroughFate","ForeignInfluence","Prostrate+1"],"picked":"SKIP","floor":44},{"not_picked":["CutThroughFate","FlurryOfBlows+1","WreathOfFlame+1"],"picked":"SKIP","floor":45},{"not_picked":["SandsOfTime","FollowUp+1","Pray+1"],"picked":"SKIP","floor":46}],"player_experience":193598,"relics_obtained":[{"floor":9,"key":"Letter Opener"},{"floor":10,"key":"Mercury Hourglass"},{"floor":17,"key":"Nunchaku"},{"floor":17,"key":"Eternal Feather"},{"floor":17,"key":"WingedGreaves"},{"floor":19,"key":"Necronomicon"},{"floor":26,"key":"Smiling Mask"},{"floor":31,"key":"TeardropLocket"},{"floor":43,"key":"Akabeko"}],"event_choices":[{"damage_healed":0,"gold_gain":175,"player_choice":"AGREE","damage_taken":0,"max_hp_gain":0,"max_hp_loss":0,"event_name":"Liars Game","floor":5,"gold_loss":0,"cards_obtained":["Doubt"]},{"damage_healed":0,"gold_gain":0,"player_choice":"Lose Max HP","damage_taken":0,"relics_obtained":["Golden Idol"],"max_hp_gain":0,"max_hp_loss":5,"event_name":"Golden Idol","floor":12,"gold_loss":0},{"damage_healed":0,"gold_gain":0,"player_choice":"Obtained Book","damage_taken":16,"max_hp_gain":0,"max_hp_loss":0,"event_name":"Cursed Tome","floor":19,"gold_loss":0},{"damage_healed":0,"gold_gain":0,"player_choice":"Read","damage_taken":0,"max_hp_gain":0,"max_hp_loss":0,"event_name":"The Library","floor":20,"gold_loss":0,"cards_obtained":["EmptyBody"]},{"damage_healed":0,"gold_gain":0,"cards_transformed":["Strike_P","Strike_P"],"player_choice":"Became Test Subject","damage_taken":0,"max_hp_gain":0,"max_hp_loss":0,"event_name":"Drug Dealer","floor":30,"gold_loss":0,"cards_obtained":["CrushJoints","WaveOfTheHand"]},{"cards_removed":["Wallop"],"damage_healed":0,"gold_gain":0,"player_choice":"Removed Attack","damage_taken":0,"max_hp_gain":0,"max_hp_loss":0,"event_name":"Falling","floor":36,"gold_loss":0},{"damage_healed":0,"gold_gain":333,"player_choice":"Gave Idol","damage_taken":0,"max_hp_gain":0,"max_hp_loss":0,"event_name":"The Moai Head","floor":37,"relics_lost":["Golden Idol"],"gold_loss":0},{"cards_removed":["Defend_P"],"damage_healed":0,"gold_gain":0,"player_choice":"Purged","damage_taken":0,"max_hp_gain":0,"max_hp_loss":0,"event_name":"Purifier","floor":42,"gold_loss":0}],"is_beta":false,"boss_relics":[{"not_picked":["Busted Crown","Tiny House"],"picked":"Calling Bell"},{"not_picked":["Runic Dome","Snecko Eye"],"picked":"Philosopher\u0027s Stone"}],"items_purged_floors":[7,11,21,38,47,48],"is_endless":false,"potions_floor_spawned":[1,10,16,33,35,41,46],"ascension_level":8}}