{"host":"0iuhrgzkozzv273x","time":1611193567,"event":{"mods":["2.2 Compatiblity","Astrologer","BaseMod","ChefMod","Colored Map","Curses Come First","Downfall","Hermit","Jorbs\u0027s Wanderer Trilogy","Key Reminder","Minty Spire (QoL Compilation)","Robot Space Explorer","Shade Mod","Spire Arcade","StSLib","The Construct","The Cursed","The Disciple","The Hayseed","The Runesmith","The Showman","TheFirefly","Unceasing Turn Reminder","Wandering Minibosses","thorton"],"gold_per_floor":[14,27,41,59,71,106,106,139,139,139,170,170,232,264,264,440,440,468,468,483,526,557,557,88,152,221,249,10,80,93,119,119,293,293,323,323,323,333,365,431,456,523,523,523,592,441,441,511,511,511,511,511,90,151,151],"floor_reached":56,"language":"ENG","playtime":5889,"items_purged":["hermit:Strike_Hermit+1","hermit:Strike_Hermit+1"],"score":1640,"play_id":"d85eec6b-29ae-416c-a7e8-cd3a4bfc945d","local_time":"20210120204607","is_ascension_mode":true,"campfire_choices":[{"data":"hermit:Combo","floor":7,"key":"SMITH"},{"data":"hermit:Reprieve","floor":10,"key":"SMITH"},{"data":"hermit:DeadOrAlive","floor":12,"key":"SMITH"},{"data":"hermit:GoldenBullet","floor":15,"key":"SMITH"},{"data":"hermit:Adapt","floor":23,"key":"SMITH"},{"data":"hermit:LoneWolf","floor":32,"key":"SMITH"},{"floor":44,"key":"RECALL"},{"data":"hermit:Gambit","floor":47,"key":"SMITH"},{"data":"hermit:Snapshot","floor":49,"key":"SMITH"}],"circlet_count":0,"master_deck":["hermit:Strike_Hermit+1","hermit:Defend_Hermit+1","hermit:Defend_Hermit+1","hermit:Defend_Hermit+1","hermit:Defend_Hermit+1","hermit:Snapshot+1","hermit:Covet+1","hermit:Virtue+1","hermit:Reprieve+1","hermit:Combo+1","hermit:Gestalt+1","hermit:FromBeyond+1","hermit:DeadOrAlive+1","hermit:GoldenBullet+1","hermit:Adapt+1","hermit:LoneWolf+1","hermit:Roughhouse+1","hermit:HeroicBravado+1","hermit:Gestalt+1","hermit:Gambit+1","Madness+1","Madness+1","hermit:LuckOfTheDraw+1"],"relics":["hermit:Momento","WingedGreaves","Centennial Puzzle","Runesmith:AutoHammer","Pantograph","Art of War","Mango","Coffee Dripper","Red Mask","construct:RocketBooster","Tiny Chest","construct:FoamFinger","Blue Candle","Pear","Happy Flower","hermit:BartenderGlass","War Paint","Bag of Marbles","Omamori","Anchor","Turnip","Membership Card","FossilizedHelix","Toy Ornithopter","hermit:Horseshoe"],"acts_visited":["Exordium","TheCity","TheBeyond","TheEnding"],"potions_floor_usage":[8,16,18,25,25,29,31,35,38,40,40,42,54,55,55,55,55,55],"damage_taken":[{"damage":0,"enemies":"Small Slimes","floor":1,"turns":2},{"damage":4,"enemies":"Jaw Worm","floor":2,"turns":5},{"damage":1,"enemies":"2 Louse","floor":3,"turns":3},{"damage":10,"enemies":"2 Fungi Beasts","floor":4,"turns":4},{"damage":12,"enemies":"Looter","floor":5,"turns":4},{"damage":2,"enemies":"Lagavulin","floor":6,"turns":8},{"damage":10,"enemies":"Gremlin Nob","floor":8,"turns":5},{"damage":2,"enemies":"3 Sentries","floor":11,"turns":7},{"damage":18,"enemies":"Lagavulin","floor":13,"turns":7},{"damage":9,"enemies":"Blue Slaver","floor":14,"turns":3},{"damage":69,"enemies":"The Guardian","floor":16,"turns":17},{"damage":18,"enemies":"2 Thieves","floor":18,"turns":4},{"damage":5,"enemies":"Chosen","floor":20,"turns":5},{"damage":8,"enemies":"Masked Bandits","floor":21,"turns":5},{"damage":25,"enemies":"3 Cultists","floor":22,"turns":6},{"damage":3,"enemies":"Book of Stabbing","floor":25,"turns":5},{"damage":8,"enemies":"Gremlin Leader","floor":27,"turns":5},{"damage":1,"enemies":"Slavers","floor":29,"turns":3},{"damage":3,"enemies":"Chosen and Byrds","floor":30,"turns":8},{"damage":11,"enemies":"Snake Plant","floor":31,"turns":2},{"damage":1,"enemies":"Champ","floor":33,"turns":12},{"damage":2,"enemies":"Orb Walker","floor":35,"turns":4},{"damage":2,"enemies":"3 Darklings","floor":38,"turns":4},{"damage":5,"enemies":"4 Shapes","floor":39,"turns":5},{"damage":3,"enemies":"Nemesis","floor":40,"turns":9},{"damage":2,"enemies":"Writhing Mass","floor":41,"turns":4},{"damage":2,"enemies":"Reptomancer","floor":42,"turns":7},{"damage":2,"enemies":"Giant Head","floor":45,"turns":4},{"damage":1,"enemies":"2 Orb Walkers","floor":48,"turns":3},{"damage":0,"enemies":"Time Eater","floor":50,"turns":7},{"damage":2,"enemies":"Shield and Spear","floor":54,"turns":4},{"damage":88,"enemies":"The Heart","floor":55,"turns":11}],"seed_played":"5243089364956168707","potions_obtained":[{"floor":3,"key":"Strength Potion"},{"floor":4,"key":"hermit:Tonic"},{"floor":5,"key":"ColorlessPotion"},{"floor":6,"key":"Regen Potion"},{"floor":14,"key":"hermit:BlackBile"},{"floor":16,"key":"Fire Potion"},{"floor":18,"key":"Strength Potion"},{"floor":25,"key":"PowerPotion"},{"floor":29,"key":"champ:CounterPotion"},{"floor":30,"key":"hermit:Tonic"},{"floor":33,"key":"SneckoOil"},{"floor":39,"key":"EssenceOfSteel"},{"floor":41,"key":"Strength Potion"},{"floor":48,"key":"DistilledChaos"}],"is_trial":false,"path_per_floor":["M","M","M","M","M","E","R","E","T","R","E","R","E","M","R","B",null,"M","?","M","?","M","R","$","E","T","E","$","E","M","M","R","B",null,"M","?","?","M","M","E","M","E","T","R","E","$","R","?","R","B",null,"R","$","E","B",null],"character_chosen":"HERMIT","items_purchased":["construct:RocketBooster","hermit:Roughhouse","Pear","Anchor","Membership Card","FossilizedHelix","Toy Ornithopter"],"campfire_rested":0,"item_purchase_floors":[24,24,28,46,53,53,53],"current_hp_per_floor":[75,71,74,65,57,59,59,63,63,63,65,65,65,60,60,16,89,71,71,70,62,37,37,37,34,34,30,40,39,40,33,33,57,99,97,85,85,87,82,79,77,79,79,79,81,81,81,80,80,99,99,99,99,97,26],"gold":151,"neow_bonus":"ONE_RARE_RELIC","is_daily":false,"chose_seed":false,"campfire_upgraded":8,"win_rate":0.0,"timestamp":1611193567,"path_taken":["M","M","M","M","M","E","R","E","T","R","E","R","E","M","R","BOSS","M","?","M","?","M","R","?","E","T","E","$","E","M","M","R","BOSS","M","?","?","M","M","E","M","E","T","R","E","$","R","?","R","BOSS","R","$","E","BOSS"],"items_purchased_type":["Relic","Card","Relic","Relic","Relic","Relic","Relic"],"build_version":"2020-12-22","purchased_purges":2,"victory":true,"max_hp_per_floor":[75,75,75,75,75,75,75,75,75,75,75,75,89,89,89,89,89,89,89,89,89,89,89,89,89,89,89,99,99,99,99,99,99,99,99,99,99,99,99,99,99,99,99,99,99,99,99,99,99,99,99,99,99,99,99],"card_choices":[{"not_picked":["hermit:Vantage","hermit:WideOpen"],"picked":"hermit:Virtue","floor":1},{"not_picked":["hermit:FlashPowder","hermit:Vantage"],"picked":"hermit:Reprieve","floor":2},{"not_picked":["hermit:WideOpen","hermit:Coalescence"],"picked":"hermit:Combo","floor":3},{"not_picked":["hermit:BigShot","hermit:Spite","hermit:Dive"],"picked":"SKIP","floor":4},{"not_picked":["hermit:LowProfile","hermit:Maintenance"],"picked":"hermit:Gestalt","floor":5},{"not_picked":["hermit:Desperado","hermit:Vantage","hermit:Feint"],"picked":"SKIP","floor":6},{"not_picked":["hermit:Brawl","hermit:ItchyTrigger"],"picked":"hermit:FromBeyond","floor":8},{"not_picked":["hermit:TrackingShot","hermit:HighCaliber"],"picked":"hermit:DeadOrAlive","floor":11},{"not_picked":["hermit:Determination","hermit:SprayPray","hermit:BodyArmor"],"picked":"SKIP","floor":13},{"not_picked":["hermit:ShadowCloak","hermit:Vantage"],"picked":"hermit:GoldenBullet","floor":14},{"not_picked":["hermit:FinalCanter","hermit:HighNoon"],"picked":"hermit:Adapt","floor":16},{"not_picked":["hermit:Cheat","hermit:Feint","hermit:Dive"],"picked":"SKIP","floor":18},{"not_picked":["hermit:CursedWeapon","hermit:Spite+1","hermit:NoHoldsBarred+1"],"picked":"SKIP","floor":20},{"not_picked":["hermit:Scavenge","hermit:Feint"],"picked":"hermit:LoneWolf","floor":21},{"not_picked":["hermit:Coalescence+1","hermit:LowProfile","hermit:GoldenBullet"],"picked":"SKIP","floor":22},{"not_picked":["hermit:Misfire","hermit:SprayPray+1"],"picked":"hermit:HeroicBravado","floor":25},{"not_picked":["hermit:Desperado+1","hermit:Feint+1","hermit:Quickdraw"],"picked":"SKIP","floor":27},{"not_picked":["hermit:CalledShot","hermit:Brawl","hermit:Quickdraw"],"picked":"SKIP","floor":29},{"not_picked":["hermit:HoleUp+1","hermit:Dive","hermit:Manifest+1"],"picked":"SKIP","floor":30},{"not_picked":["hermit:Virtue","hermit:Snipe"],"picked":"hermit:Gestalt+1","floor":31},{"not_picked":["hermit:FinalCanter","hermit:Purgatory"],"picked":"hermit:Gambit","floor":33},{"not_picked":["hermit:Virtue","hermit:TrackingShot+1","hermit:Headshot"],"picked":"SKIP","floor":35},{"not_picked":["hermit:Ricochet","hermit:Gestalt+1"],"picked":"hermit:LuckOfTheDraw+1","floor":38},{"not_picked":["hermit:HighCaliber","hermit:Coalescence+1","hermit:Headshot+1"],"picked":"SKIP","floor":39},{"not_picked":["hermit:WideOpen+1","hermit:LuckOfTheDraw","hermit:Roulette+1"],"picked":"SKIP","floor":40},{"not_picked":["hermit:BigShot","hermit:CalledShot","hermit:Showdown+1"],"picked":"SKIP","floor":41},{"not_picked":["hermit:Maintenance+1","hermit:Combo+1","hermit:Roulette+1"],"picked":"SKIP","floor":42},{"not_picked":["hermit:ItchyTrigger","hermit:LoneWolf+1","hermit:TrackingShot"],"picked":"SKIP","floor":45},{"not_picked":["hermit:Determination","hermit:SprayPray","hermit:GoldenBullet+1"],"picked":"SKIP","floor":54}],"player_experience":1481815,"relics_obtained":[{"floor":6,"key":"Centennial Puzzle"},{"floor":8,"key":"Runesmith:AutoHammer"},{"floor":9,"key":"Pantograph"},{"floor":11,"key":"Art of War"},{"floor":13,"key":"Mango"},{"floor":21,"key":"Red Mask"},{"floor":25,"key":"Tiny Chest"},{"floor":26,"key":"construct:FoamFinger"},{"floor":27,"key":"Blue Candle"},{"floor":29,"key":"Happy Flower"},{"floor":40,"key":"War Paint"},{"floor":42,"key":"Bag of Marbles"},{"floor":45,"key":"Omamori"},{"floor":48,"key":"Turnip"},{"floor":54,"key":"hermit:Horseshoe"}],"event_choices":[{"damage_healed":0,"gold_gain":0,"player_choice":"Simplicity","damage_taken":0,"max_hp_gain":0,"max_hp_loss":0,"event_name":"Back to Basics","floor":19,"gold_loss":0,"cards_upgraded":["hermit:Strike_Hermit","hermit:Strike_Hermit","hermit:Strike_Hermit","hermit:Strike_Hermit","hermit:Defend_Hermit","hermit:Defend_Hermit","hermit:Defend_Hermit","hermit:Defend_Hermit"]},{"damage_healed":0,"gold_gain":0,"player_choice":"Fought Bandits","damage_taken":0,"max_hp_gain":0,"max_hp_loss":0,"event_name":"Masked Bandits","floor":21,"gold_loss":0},{"damage_healed":0,"gold_gain":0,"player_choice":"Embrace Madness","damage_taken":12,"max_hp_gain":0,"max_hp_loss":0,"event_name":"Winding Halls","floor":36,"gold_loss":0,"cards_obtained":["Madness","Madness"]},{"cards_removed":["hermit:Strike_Hermit"],"damage_healed":0,"gold_gain":0,"player_choice":"Removed Attack","damage_taken":0,"max_hp_gain":0,"max_hp_loss":0,"event_name":"Falling","floor":37,"gold_loss":0},{"damage_healed":0,"gold_gain":0,"player_choice":"Fight","damage_taken":0,"max_hp_gain":0,"max_hp_loss":0,"event_name":"Mysterious Sphere","floor":48,"gold_loss":0}],"is_beta":false,"boss_relics":[{"not_picked":["Philosopher\u0027s Stone","hermit:ClaspedLocket"],"picked":"Coffee Dripper"},{"not_picked":["SacredBark","Runic Pyramid"],"picked":"hermit:BartenderGlass"}],"items_purged_floors":[24,53],"is_endless":false,"potions_floor_spawned":[3,4,5,6,14,16,18,25,29,30,33,39,40,41,45,48,54],"ascension_level":4}}