{"host":"1ecbliur7lfoj0sl","time":1611207063,"event":{"mods":["BaseMod","Crowbot","Downfall","Minty Spire (QoL Compilation)","StSLib","Waifu the Spire"],"gold_per_floor":[99,109,119,119,131,159,183,183,83,83,102,117,132,143,158,158,158,158],"floor_reached":16,"language":"ZHS","playtime":751,"items_purged":[],"score":106,"play_id":"85952665-8035-441e-a79f-2f1217af48ae","local_time":"20210121133103","is_ascension_mode":false,"campfire_choices":[{"floor":1,"key":"RECALL"},{"data":"champ:Lariat","floor":9,"key":"SMITH"}],"circlet_count":0,"master_deck":["champ:Strike","champ:Strike","champ:Strike","champ:Strike","champ:Defend","champ:Defend+1","champ:Defend+1","champ:Defend","champ:Execute","champ:Taunt","champ:BringItOn","champ:Lariat+1","champ:MurderStrike","champ:DefensiveShout","champ:IronFortress"],"relics":["champ:ChampionCrown","PreservedInsect","War Paint","downfall:HeartBlessingRed"],"acts_visited":["Exordium"],"potions_floor_usage":[12,16,16],"damage_taken":[{"damage":11,"enemies":"Small Slimes","floor":2,"turns":4},{"damage":10,"enemies":"2 Louse","floor":3,"turns":3},{"damage":10,"enemies":"Cultist","floor":5,"turns":3},{"damage":90,"enemies":"Gremlin Nob","floor":6,"turns":6},{"damage":7,"enemies":"Gremlin Gang","floor":11,"turns":5},{"damage":30,"enemies":"Exordium Thugs","floor":12,"turns":6},{"damage":4,"enemies":"Blue Slaver","floor":13,"turns":3},{"damage":17,"enemies":"Large Slime","floor":14,"turns":7},{"damage":0,"enemies":"Blue Slaver","floor":15,"turns":3},{"damage":40,"enemies":"WA_ARCHETYPE_RETAIN","floor":16,"turns":7}],"seed_played":"-3825541690634425542","potions_obtained":[{"floor":3,"key":"Guardian:BlockOnCardUsePotion"},{"floor":6,"key":"Energy Potion"},{"floor":10,"key":"DistilledChaos"},{"floor":10,"key":"ColorlessPotion"},{"floor":12,"key":"Swift Potion"}],"is_trial":false,"path_per_floor":["R","M","M","?","M","E","T","?","R","?","M","M","M","M","M","B"],"character_chosen":"THE_CHAMP","items_purchased":[],"campfire_rested":0,"item_purchase_floors":[],"current_hp_per_floor":[99,98,98,98,98,38,38,38,38,38,31,31,27,20,20,0,0,0],"gold":158,"neow_bonus":"TEN_PERCENT_HP_BONUS","is_daily":false,"chose_seed":false,"campfire_upgraded":1,"win_rate":0.0,"timestamp":1611207063,"path_taken":["R","M","M","?","M","E","T","?","R","?","M","M","?","?","M","BOSS"],"items_purchased_type":[],"build_version":"2020-12-22","purchased_purges":0,"victory":false,"max_hp_per_floor":[99,99,99,99,99,99,99,99,99,99,99,99,99,99,99,99,99,99],"card_choices":[{"not_picked":["champ:EnragedBash","champ:Circumvent"],"picked":"champ:BringItOn","floor":2},{"not_picked":["champ:BerserkersShout","champ:BladeFlurry"],"picked":"champ:Lariat","floor":3},{"not_picked":["champ:PreciseThrust","champ:TornadoPunch"],"picked":"champ:MurderStrike","floor":5},{"not_picked":["champ:Backstep","champ:BerserkersShout"],"picked":"champ:DefensiveShout","floor":6},{"not_picked":["champ:PerfectedStrike","champ:DefensiveShout","champ:BladeFlurry"],"picked":"SKIP","floor":11},{"not_picked":["champ:CrownThrow","champ:Backstep","champ:FalseCounter"],"picked":"SKIP","floor":12},{"not_picked":["champ:PreciseThrust","champ:PerfectedStrike"],"picked":"champ:IronFortress","floor":13},{"not_picked":["champ:EnragedBash","champ:PreciseThrust","champ:Devastate"],"picked":"SKIP","floor":14},{"not_picked":["champ:Circumvent","champ:Shatter","champ:CrownThrow"],"picked":"SKIP","floor":15}],"player_experience":84689,"relics_obtained":[{"floor":6,"key":"PreservedInsect"},{"floor":7,"key":"War Paint"}],"event_choices":[{"damage_healed":0,"gold_gain":0,"player_choice":"Got Potions","damage_taken":0,"max_hp_gain":0,"max_hp_loss":0,"event_name":"Lab","floor":10,"gold_loss":0}],"is_beta":false,"boss_relics":[],"items_purged_floors":[],"is_endless":false,"potions_floor_spawned":[3,6,12,13],"killed_by":"WA_ARCHETYPE_RETAIN","ascension_level":0}}