{"host":"15ff3ltgpietarej","time":1611214628,"event":{"mods":["BaseMod","Bestiary","Downfall","Highlight Path","Minty Spire (QoL Compilation)","Relic Stats","StSLib"],"gold_per_floor":[0,17,17,82,82,82,109,137,72,72,101,115,134,134,147,147,147,147],"floor_reached":16,"language":"ENG","playtime":845,"items_purged":["Regret"],"score":108,"play_id":"901746b7-eaee-491b-a1fb-4b2ecef9c6b6","local_time":"20210121083708","is_ascension_mode":false,"campfire_choices":[{"data":"bronze:Replicate","floor":1.0,"key":"SMITH"},{"floor":10.0,"key":"REST"}],"circlet_count":0,"master_deck":["bronze:Strike","bronze:Strike","bronze:Strike","bronze:Strike","bronze:Defend","bronze:Defend","bronze:Defend","bronze:Defend","bronze:Replicate+1","bronze:Goto","bronze:AlphaBuild","bronze:BugBarrage","bronze:Turbo","bronze:BuggyMess","bronze:Assembly","bronze:Repulsor","bronze:Fortify","bronze:WildBeam","bronze:CutThrough"],"relics":["bronze:BronzeCore","Blue Candle","Smiling Mask","bronze:BottledCode","Juzu Bracelet","HornCleat","StoneCalendar"],"acts_visited":["Exordium"],"potions_floor_usage":[16,16],"damage_taken":[{"damage":1.0,"enemies":"Jaw Worm","floor":2.0,"turns":4.0},{"damage":28.0,"enemies":"Gremlin Nob","floor":4.0,"turns":4.0},{"damage":21.0,"enemies":"Lagavulin","floor":8.0,"turns":7.0},{"damage":1.0,"enemies":"downfall:FleeingMerchant","floor":9.0,"turns":4.0},{"damage":25,"enemies":"3 Sentries","floor":11,"turns":10},{"damage":5,"enemies":"2 Louse","floor":12,"turns":2},{"damage":0,"enemies":"Small Slimes","floor":13,"turns":3},{"damage":2,"enemies":"Blue Slaver","floor":15,"turns":3},{"damage":0,"enemies":"DF_ARCHETYPE_STREAMLINE","floor":16,"turns":1}],"seed_played":"-550537718272316607","potions_obtained":[{"floor":4.0,"key":"BlessingOfTheForge"},{"floor":11,"key":"Dexterity Potion"},{"floor":13,"key":"SteroidPotion"},{"floor":14,"key":"Slimebound:ThreeZeroPotion"},{"floor":14,"key":"PowerPotion"}],"is_trial":false,"path_per_floor":["R","M","?","?","?","?","T","E","$","R","E","M","M","?","M","B"],"character_chosen":"THE_AUTOMATON","items_purchased":[],"campfire_rested":1,"item_purchase_floors":[],"current_hp_per_floor":[70,69,69,41,41,41,41,20,19,37,12,7,7,7,5,5,5,5],"gold":147,"neow_bonus":"THREE_RARE_CARDS","is_daily":false,"chose_seed":false,"campfire_upgraded":1,"win_rate":0.0,"timestamp":1611214628,"path_taken":["R","M","?","?","?","?","T","E","$","R","E","M","M","?","M","BOSS"],"items_purchased_type":[],"build_version":"2020-12-22","purchased_purges":1,"victory":false,"max_hp_per_floor":[70,70,70,70,70,60,60,60,60,60,60,60,60,60,60,60,60,60],"relic_stats":{"counters":[9,38],"Blue Candle":[3],"StoneCalendar":[0],"Juzu Bracelet":1,"Smiling Mask":25,"obtain_stats":[{"bronze:BottledCode":6,"bronze:BronzeCore":0,"HornCleat":8,"Blue Candle":3,"StoneCalendar":11,"Juzu Bracelet":7,"Smiling Mask":4},{"bronze:BottledCode":2,"bronze:BronzeCore":0,"HornCleat":3,"Blue Candle":1,"StoneCalendar":5,"Juzu Bracelet":2,"Smiling Mask":2},{"bronze:BottledCode":8,"bronze:BronzeCore":0,"HornCleat":15,"Blue Candle":4,"StoneCalendar":29,"Juzu Bracelet":8,"Smiling Mask":8}]},"card_choices":[{"not_picked":["bronze:Format","bronze:HardenedForm"],"picked":"bronze:AlphaBuild","floor":0.0},{"not_picked":["bronze:Repulsor","bronze:Turbo"],"picked":"bronze:BugBarrage","floor":2.0},{"not_picked":["bronze:DigitalCarnage","bronze:Flail"],"picked":"bronze:Turbo","floor":4.0},{"not_picked":["bronze:Philosophize","bronze:DelayedGuard"],"picked":"bronze:BuggyMess","floor":8.0},{"not_picked":["bronze:CutThrough","bronze:OilSpill"],"picked":"bronze:Assembly","floor":9.0},{"not_picked":["bronze:Turbo","bronze:MaxOutput"],"picked":"bronze:Repulsor","floor":11},{"not_picked":["bronze:CutThrough","bronze:WildBeam"],"picked":"bronze:Fortify","floor":12},{"not_picked":["bronze:BugBarrage","bronze:DelayedSlice"],"picked":"bronze:WildBeam","floor":13},{"not_picked":["bronze:WildBeam","bronze:BronzeOrb"],"picked":"bronze:CutThrough","floor":15}],"player_experience":418759,"relics_obtained":[{"floor":4.0,"key":"Smiling Mask"},{"floor":7.0,"key":"Juzu Bracelet"},{"floor":8.0,"key":"HornCleat"},{"floor":11,"key":"StoneCalendar"}],"event_choices":[{"damage_healed":0.0,"max_hp_gain":0.0,"max_hp_loss":0.0,"gold_gain":0.0,"event_name":"Big Fish","player_choice":"Box","floor":3.0,"gold_loss":0.0,"damage_taken":0.0,"relics_obtained":["Blue Candle"],"cards_obtained":["Regret"]},{"damage_healed":0,"gold_gain":0,"player_choice":"Got Potions","damage_taken":0,"max_hp_gain":0,"max_hp_loss":0,"event_name":"Lab","floor":14,"gold_loss":0}],"is_beta":false,"boss_relics":[],"items_purged_floors":[9],"is_endless":false,"potions_floor_spawned":[4,11,13],"killed_by":"DF_ARCHETYPE_STREAMLINE","ascension_level":0}}