{"host":"6a92uynocv4elkyp","time":1611243402,"event":{"mods":["AchievementEnabler","BaseMod","Hubris","Infinite Spire","Minty Spire (QoL Compilation)","Quick Restart","Replay The Spire","StSLib"],"gold_per_floor":[99,141,198,258,183,276,363,402,402,477,558,636,741,741,741],"floor_reached":14,"language":"ENG","playtime":875,"items_purged":["Steam"],"score":326,"play_id":"6c1fe3e7-3758-4af1-8ffb-a1532b9792cf","local_time":"20210121163642","daily_mods":["SealedDeck","Heirloom","Flight","DeadlyEvents","Elite Swarm","Midas"],"is_ascension_mode":true,"campfire_choices":[],"circlet_count":0,"master_deck":["AscendersBane","Coolheaded","ReplayTheSpireMod:Reroute Power","Conserve Battery","Melter","ReplayTheSpireMod:Calculation Training","hubris:PowerSurge","Gash","Stack","Ball Lightning","Reinforced Body","ReplayRNGCard","Meteor Strike","Juggernaut","Barricade","Limit Break"],"relics":["replay:Trail_Library","Emotion Chip","Iron Core","hubris:CrystalStatue","Strawberry","Replay:Towering Pillar of Hats","infinitespire:Satchel","Prayer Wheel","ReplayTheSpireMod:Lightbulb","hubris:SoftwareUpdate","FossilizedHelix"],"acts_visited":["Exordium"],"potions_floor_usage":[7,10,10,10],"damage_taken":[{"damage":0,"enemies":"Jaw Worm","floor":2,"turns":2},{"damage":0,"enemies":"Small Slimes","floor":3,"turns":2},{"damage":3,"enemies":"2 Louse","floor":4,"turns":2},{"damage":8,"enemies":"Replay:BlueRogue","floor":6,"turns":4},{"damage":6,"enemies":"3 Sentries","floor":7,"turns":5},{"damage":5,"enemies":"Gremlin Gang","floor":8,"turns":5},{"damage":0,"enemies":"Gremlin Nob","floor":10,"turns":3},{"damage":11,"enemies":"Replay:BlueRogue","floor":11,"turns":3},{"damage":3,"enemies":"3 Sentries","floor":12,"turns":5},{"damage":8,"enemies":"Replay:BlueRogue","floor":13,"turns":5},{"damage":38,"enemies":"Gremlin Nob","floor":14,"turns":4}],"seed_played":"-6380756253026227062","potions_obtained":[{"floor":4,"key":"SteroidPotion"},{"floor":6,"key":"Dexterity Potion"},{"floor":8,"key":"DistilledChaos"},{"floor":10,"key":"Fruit Juice"}],"is_trial":true,"path_per_floor":["?","M","M","M","$","E","E","M","T","E","E","E","E","E"],"character_chosen":"DEFECT","items_purchased":[],"campfire_rested":0,"item_purchase_floors":[],"current_hp_per_floor":[64,64,64,61,61,53,54,49,49,54,43,40,32,0,0],"gold":741,"neow_bonus":"","is_daily":false,"chose_seed":false,"campfire_upgraded":0,"win_rate":0.0,"timestamp":1611243402,"path_taken":["?","M","M","M","$","E","E","M","T","E","E","E","E","E"],"items_purchased_type":[],"build_version":"2020-12-22","purchased_purges":1,"victory":false,"max_hp_per_floor":[71,71,71,71,71,71,78,78,78,83,83,83,83,83,83],"card_choices":[{"not_picked":["Conserve Battery","Iron Wave","ReplayGash"],"picked":"SKIP","floor":2},{"not_picked":["WeaponsOverheat","Headbutt"],"picked":"Reinforced Body","floor":3},{"not_picked":["Sweeping Beam","Headbutt","Leap"],"picked":"SKIP","floor":4},{"not_picked":["Hyperbeam","Firewall"],"picked":"ReplayRNGCard","floor":6},{"not_picked":["Biased Cognition","Fission"],"picked":"ReplayTheSpireMod:Fabricate Wheel","floor":7},{"not_picked":["Warcry","Hologram","Beam Cell"],"picked":"SKIP","floor":8},{"not_picked":["Reboot","Multi-Cast"],"picked":"Meteor Strike","floor":10},{"not_picked":["Hyperbeam","Amplify"],"picked":"Juggernaut","floor":11},{"not_picked":["ReplayRNGCard","Creative AI"],"picked":"Barricade","floor":12},{"not_picked":["Mirror Shield","hubris:Prefetch"],"picked":"Limit Break","floor":13}],"player_experience":136084,"relics_obtained":[{"floor":6,"key":"hubris:CrystalStatue"},{"floor":7,"key":"Strawberry"},{"floor":9,"key":"Replay:Towering Pillar of Hats"},{"floor":10,"key":"infinitespire:Satchel"},{"floor":11,"key":"ReplayTheSpireMod:Lightbulb"},{"floor":12,"key":"hubris:SoftwareUpdate"},{"floor":13,"key":"FossilizedHelix"}],"event_choices":[],"is_beta":false,"boss_relics":[],"items_purged_floors":[5],"is_endless":false,"potions_floor_spawned":[4,6,8,10],"killed_by":"Gremlin Nob","ascension_level":20}}