{"host":"k2mw1od0xoi9pcfj","time":1611191892,"event":{"mods":["Act Like it!","Aspiration","BaseMod","Downfall","Energized Spire","Hermit","Highlight Path","Minty Spire (QoL Compilation)","Relic Stats","Retaliation","StSLib","TheHeartMod"],"gold_per_floor":[114,114,114,132,132,176,176,220,266,282,301,95,95,136,136,267,267,242,257,257],"floor_reached":19,"language":"ENG","playtime":5104,"items_purged":[],"score":186,"play_id":"70bb04f5-6797-4566-8839-3efc5cfe87ca","local_time":"20210120191812","is_ascension_mode":false,"campfire_choices":[{"floor":15,"key":"REST"}],"circlet_count":0,"master_deck":["hermit:Strike_Hermit","hermit:Strike_Hermit","hermit:Strike_Hermit","hermit:Strike_Hermit+1","hermit:Defend_Hermit","hermit:Defend_Hermit","hermit:Defend_Hermit","hermit:Defend_Hermit","hermit:Snapshot","hermit:Covet+1","hermit:FromBeyond+1","hermit:EyeOfTheStorm+1","hermit:BodyArmor","Injury","hermit:Misfire","hermit:Adapt","hermit:Vantage","hermit:Malice","hermit:SprayPray","hermit:Adapt"],"relics":["hermit:Momento","HornCleat","Spirit Poop","Golden Idol","MealTicket","The Courier","Toxic Egg 2","War Paint","Cursed Key"],"acts_visited":["Exordium","TheCity"],"potions_floor_usage":[6,6],"damage_taken":[{"damage":0,"enemies":"Small Slimes","floor":1,"turns":4},{"damage":0,"enemies":"Cultist","floor":4,"turns":3},{"damage":30,"enemies":"Lagavulin","floor":6,"turns":8},{"damage":13,"enemies":"3 Sentries","floor":8,"turns":9},{"damage":1,"enemies":"Jaw Worm","floor":10,"turns":4},{"damage":0,"enemies":"Large Slime","floor":11,"turns":6},{"damage":6,"enemies":"Lagavulin","floor":14,"turns":7},{"damage":19,"enemies":"Hexaghost","floor":16,"turns":10},{"damage":22,"enemies":"2 Thieves","floor":18,"turns":5},{"damage":26,"enemies":"3 Byrds","floor":19,"turns":7}],"seed_played":"-4233342800615971690","potions_obtained":[{"floor":1,"key":"Weak Potion"},{"floor":4,"key":"SteroidPotion"},{"floor":6,"key":"Strength Potion"}],"is_trial":false,"path_per_floor":["M","?","?","M","?","E","?","E","T","M","M","$","?","E","R","B",null,"M","M"],"character_chosen":"HERMIT","items_purchased":["Toxic Egg 2"],"campfire_rested":1,"item_purchase_floors":[12],"current_hp_per_floor":[75,75,75,75,75,45,30,17,17,16,16,31,31,25,47,28,75,53,27,27],"gold":257,"neow_bonus":"THREE_RARE_CARDS","is_daily":false,"chose_seed":false,"campfire_upgraded":0,"win_rate":0.0,"timestamp":1611191892,"path_taken":["M","?","?","?","?","E","?","E","T","M","M","$","?","E","R","BOSS","M","M"],"items_purchased_type":["Relic"],"build_version":"2020-12-22","purchased_purges":0,"victory":false,"max_hp_per_floor":[75,75,75,75,75,75,75,75,75,75,75,75,75,75,75,75,75,75,75,75],"relic_stats":{"counters":[10,63],"Golden Idol":66,"MealTicket":15,"War Paint":["hermit:EyeOfTheStorm","hermit:Covet"],"Cursed Key":0,"obtain_stats":[{"HornCleat":2,"Golden Idol":5,"Spirit Poop":3,"MealTicket":6,"The Courier":8,"Toxic Egg 2":12,"War Paint":14,"Cursed Key":17,"hermit:Momento":0},{"HornCleat":1,"Golden Idol":2,"Spirit Poop":1,"MealTicket":3,"The Courier":4,"Toxic Egg 2":6,"War Paint":7,"Cursed Key":8,"hermit:Momento":0},{"HornCleat":4,"Golden Idol":7,"Spirit Poop":4,"MealTicket":15,"The Courier":24,"Toxic Egg 2":34,"War Paint":41,"Cursed Key":51,"hermit:Momento":0}]},"card_choices":[{"not_picked":["hermit:Roughhouse","hermit:Dissolve"],"picked":"hermit:FromBeyond","floor":0},{"not_picked":["hermit:WideOpen","hermit:Shortfuse"],"picked":"hermit:EyeOfTheStorm","floor":1},{"not_picked":["hermit:ItchyTrigger","hermit:Desperado"],"picked":"hermit:BodyArmor","floor":4},{"not_picked":["hermit:Roulette","hermit:EyeOfTheStorm"],"picked":"hermit:Misfire","floor":6},{"not_picked":["hermit:Horror","hermit:TrackingShot"],"picked":"hermit:Adapt","floor":8},{"not_picked":["hermit:Manifest","hermit:NoHoldsBarred"],"picked":"hermit:Vantage","floor":10},{"not_picked":["hermit:CursedWeapon","hermit:Ricochet"],"picked":"hermit:Malice","floor":11},{"not_picked":["hermit:Enervate","hermit:EternalForm"],"picked":"hermit:SprayPray","floor":14},{"not_picked":["hermit:BlackWind","hermit:Dissolve+1"],"picked":"hermit:Adapt","floor":16},{"not_picked":["hermit:TrackingShot","hermit:ItchyTrigger","hermit:Malice"],"picked":"SKIP","floor":18}],"player_experience":766240,"relics_obtained":[{"floor":6,"key":"MealTicket"},{"floor":8,"key":"The Courier"},{"floor":14,"key":"War Paint"}],"event_choices":[{"cards_removed":["Pain"],"damage_healed":0,"gold_gain":0,"player_choice":"Offered Curse","damage_taken":0,"relics_obtained":["Spirit Poop"],"max_hp_gain":0,"max_hp_loss":0,"event_name":"Bonfire Elementals","floor":3,"gold_loss":0},{"damage_healed":0,"gold_gain":0,"player_choice":"Take Wound","damage_taken":0,"relics_obtained":["Golden Idol"],"max_hp_gain":0,"max_hp_loss":0,"event_name":"Golden Idol","floor":5,"gold_loss":0,"cards_obtained":["Injury"]},{"damage_healed":0,"gold_gain":0,"player_choice":"Entered Light","damage_taken":15,"max_hp_gain":0,"max_hp_loss":0,"event_name":"Shining Light","floor":7,"gold_loss":0,"cards_upgraded":["hermit:Strike_Hermit","hermit:FromBeyond"]},{"cards_removed":["Iron Wave"],"damage_healed":0,"gold_gain":0,"player_choice":"Took Card","damage_taken":0,"max_hp_gain":0,"max_hp_loss":0,"event_name":"NoteForYourself","floor":13,"gold_loss":0,"cards_obtained":["Iron Wave"]}],"is_beta":false,"boss_relics":[{"not_picked":["Sozu","energizedSpire:HugeHouse"],"picked":"Cursed Key"}],"items_purged_floors":[],"is_endless":false,"potions_floor_spawned":[1,4,6],"killed_by":"3 Byrds","ascension_level":0}}