{"host":"gqhy17d1xpb1p3ki","time":1611259543,"event":{"mods":["2.2 Compatiblity","AchievementEnabler","BaseMod","Bestiary","BetterRewards","Colored Map","Colored Powertips","Conspire","Curses Come First","Custom Start","Downfall","Duelist Mod","Hermit","Infinite Spire","Marisa????????","Minty Spire (QoL Compilation)","Quick Restart","Rare Cards Sparkle","Remilia??????","Shop Mod","StSLib","Td1madao Mod","The Animator","The Bug Knight","The Cursed","The Disciple","The Hierophant","The Jungle","The Mystic","The Necromancer","The Runesmith","The Senshi","The Servant 0.9.4","Yuri Mod"],"gold_per_floor":[99,111,127,127,227,66,90,90,101,101,114,114,114,134,152,253,253,253,268,279,291,310,323,323,323,323,10,39,39,39,59,74,174,174,174,188,203,220,220,220],"floor_reached":39,"language":"ENG","playtime":3567,"items_purged":["theDuelist:GravekeeperCurse"],"score":547,"play_id":"63804b18-c7fd-477b-8f8e-562cb0bc1e79","local_time":"20210121150543","is_ascension_mode":false,"campfire_choices":[{"data":"hermit:Snapshot","floor":1,"key":"SMITH"},{"data":"infinitespire:Execution","floor":8,"key":"SMITH"},{"data":"hermit:FatalDesire","floor":10,"key":"SMITH"},{"data":"hermit:Adapt","floor":13,"key":"SMITH"},{"data":"hermit:ShadowCloak","floor":18,"key":"SMITH"},{"floor":25,"key":"REST"},{"floor":29,"key":"REST"},{"data":"hermit:Maintenance","floor":35,"key":"SMITH"}],"circlet_count":0,"master_deck":["hermit:Strike_Hermit","hermit:Strike_Hermit","hermit:Strike_Hermit","hermit:Strike_Hermit","hermit:Defend_Hermit","hermit:Defend_Hermit","hermit:Defend_Hermit","hermit:Defend_Hermit","hermit:Snapshot+1","hermit:Covet","conspire:NecroticWound","hermit:Deadeye","hermit:Dive","conspire:NecroticWound","infinitespire:Execution+1","hermit:FatalDesire+1","hermit:Dive","hermit:Quickdraw","hermit:WideOpen","hermit:CalledShot","theDuelist:CurseArmaments","theDuelist:CursedBill","Decay","hermit:Adapt+1","theDuelist:SummoningCurse","hermit:ShadowCloak+1","hermit:Ricochet","hermit:RoundhouseKick","hermit:Vantage+1","hermit:Grudge","hermit:Spite","hermit:Maintenance+1","hermit:Showdown","hermit:Feint+1","hermit:FullyLoaded+1","hermit:ShadowCloak","hermit:Misfire","hermit:RoundhouseKick","hermit:GoldenBullet","hermit:Headshot+1","hermit:Brawl+1"],"relics":["hermit:Momento","Tiny Chest","Du-Vu Doll","conspire:RoyalGoblet","Kunai","MutagenicStrength","infinitespire:Lucky Rock","hermit:PetGhost","StoneCalendar","CaptainsWheel","hermit:BartenderGlass"],"acts_visited":["Exordium","TheCity","TheBeyond"],"potions_floor_usage":[28,38,39,39],"damage_taken":[{"damage":1,"enemies":"Cultist","floor":2,"turns":4},{"damage":0,"enemies":"Small Slimes","floor":3,"turns":2},{"damage":5,"enemies":"downfall:FleeingMerchant","floor":6,"turns":4},{"damage":0,"enemies":"2 Louse","floor":9,"turns":3},{"damage":18,"enemies":"Exordium Thugs","floor":11,"turns":6},{"damage":3,"enemies":"Large Slime","floor":14,"turns":4},{"damage":12,"enemies":"3 Louse","floor":15,"turns":3},{"damage":20,"enemies":"DF_ARCHETYPE_STREAMLINE","floor":16,"turns":8},{"damage":42,"enemies":"3 Byrds","floor":19,"turns":5},{"damage":23,"enemies":"Snake Plant","floor":20,"turns":5},{"damage":8,"enemies":"Snecko","floor":21,"turns":6},{"damage":9,"enemies":"Centurion and Healer","floor":22,"turns":3},{"damage":1,"enemies":"Cultist and Chosen","floor":23,"turns":3},{"damage":8,"enemies":"downfall:FleeingMerchant","floor":27,"turns":5},{"damage":14,"enemies":"Nightmare","floor":28,"turns":5},{"damage":8,"enemies":"conspire:HollyBat","floor":31,"turns":7},{"damage":6,"enemies":"Snecko","floor":32,"turns":3},{"damage":24,"enemies":"SI_MIRROR_ARCHETYPE","floor":33,"turns":7},{"damage":4,"enemies":"3 Shapes","floor":36,"turns":3},{"damage":15,"enemies":"3 Darklings","floor":37,"turns":4},{"damage":8,"enemies":"Sphere and 2 Shapes","floor":38,"turns":6},{"damage":27,"enemies":"infinitespire:Three Voidlings","floor":39,"turns":4},{"damage":100087,"enemies":"Nightmare_Alpha","floor":39,"turns":6}],"seed_played":"-2294956142884317303","potions_obtained":[{"floor":2,"key":"Weak Potion"},{"floor":11,"key":"Block Potion"},{"floor":15,"key":"SteroidPotion"},{"floor":31,"key":"SteroidPotion"},{"floor":33,"key":"Regen Potion"}],"is_trial":false,"path_per_floor":["R","M","M","?","?","$","T","R","M","R","M","?","R","M","M","B",null,"R","M","M","M","M","M","T","R","?","$","NM","R","T","M","M","B",null,"R","M","M","M","?"],"character_chosen":"HERMIT","items_purchased":["hermit:Dive","hermit:Quickdraw","infinitespire:Lucky Rock","hermit:PetGhost"],"campfire_rested":2,"item_purchase_floors":[6,6,27,27],"current_hp_per_floor":[89,88,88,88,88,83,83,83,83,83,65,70,70,67,55,35,94,94,52,29,21,12,11,11,39,39,31,17,45,45,37,31,7,94,94,90,75,82,0,0],"gold":220,"neow_bonus":"TWENTY_PERCENT_HP_BONUS","is_daily":false,"chose_seed":false,"campfire_upgraded":6,"win_rate":0.0,"timestamp":1611259543,"path_taken":["R","M","?","?","?","$","T","R","M","R","M","?","R","?","M","BOSS","R","M","M","M","M","M","T","R","?","$","NM","R","?","M","M","BOSS","R","M","M","?","?"],"items_purchased_type":["Card","Card","Relic","Relic"],"build_version":"2020-12-22","purchased_purges":1,"victory":false,"max_hp_per_floor":[89,89,89,89,89,89,89,89,89,89,89,94,94,94,94,94,94,94,94,94,94,94,94,94,94,94,94,94,94,94,94,94,94,94,94,94,94,94,94,94],"card_choices":[{"not_picked":["hermit:Vantage","hermit:HighCaliber"],"picked":"hermit:Deadeye","floor":2},{"not_picked":["hermit:LowProfile","hermit:CalledShot"],"picked":"hermit:Dive","floor":3},{"not_picked":["infinitespire:DeathsTouch","infinitespire:FinalStrike"],"picked":"infinitespire:Execution","floor":4},{"not_picked":["hermit:Manifest","hermit:LoneWolf"],"picked":"hermit:FatalDesire","floor":6},{"not_picked":["hermit:Feint","hermit:Horror"],"picked":"hermit:WideOpen","floor":9},{"not_picked":["hermit:ItchyTrigger","hermit:Vantage"],"picked":"hermit:CalledShot","floor":11},{"not_picked":["hermit:EyeOfTheStorm","hermit:HighCaliber"],"picked":"hermit:ShadowCloak","floor":14},{"not_picked":["hermit:TrackingShot","hermit:Dive"],"picked":"hermit:Ricochet","floor":15},{"not_picked":["hermit:OverwhelmingPower","hermit:DeadOrAlive"],"picked":"hermit:RoundhouseKick","floor":16},{"not_picked":["hermit:Malice","hermit:LowProfile"],"picked":"hermit:Vantage+1","floor":19},{"not_picked":["hermit:Feint+1","hermit:Headshot"],"picked":"hermit:Grudge","floor":20},{"not_picked":["hermit:Horror","hermit:Manifest"],"picked":"hermit:Spite","floor":21},{"not_picked":["hermit:Vantage","hermit:Desperado"],"picked":"hermit:Maintenance","floor":22},{"not_picked":["hermit:Vantage","hermit:Magnum"],"picked":"hermit:Showdown","floor":23},{"not_picked":["hermit:LuckOfTheDraw+1","hermit:DeadMansHand+1"],"picked":"hermit:Feint+1","floor":27},{"not_picked":["hermit:LowProfile","hermit:LuckOfTheDraw"],"picked":"hermit:FullyLoaded+1","floor":28},{"not_picked":["hermit:TrackingShot","hermit:Grudge+1"],"picked":"hermit:ShadowCloak","floor":31},{"not_picked":["hermit:TrackingShot+1","hermit:Spite"],"picked":"hermit:Misfire","floor":32},{"not_picked":["hermit:FatalDesire","hermit:EternalForm"],"picked":"hermit:RoundhouseKick","floor":33},{"not_picked":["hermit:Misfire+1","hermit:Glare"],"picked":"hermit:GoldenBullet","floor":36},{"not_picked":["hermit:Misfire+1","hermit:Adapt"],"picked":"hermit:Headshot+1","floor":37},{"not_picked":["hermit:Dive","hermit:Quickdraw+1"],"picked":"hermit:Brawl+1","floor":38}],"player_experience":428964,"relics_obtained":[{"floor":7,"key":"Tiny Chest"},{"floor":24,"key":"Kunai"},{"floor":28,"key":"StoneCalendar"},{"floor":30,"key":"CaptainsWheel"}],"event_choices":[{"damage_healed":0,"gold_gain":0,"player_choice":"Inject Mutagens","damage_taken":0,"relics_obtained":["MutagenicStrength"],"max_hp_gain":0,"max_hp_loss":0,"event_name":"Drug Dealer","floor":26,"gold_loss":0}],"is_beta":false,"boss_relics":[{"not_picked":["Busted Crown","conspire:RunicOctahedron"],"picked":"conspire:RoyalGoblet"},{"not_picked":["Runesmith:UraniumAnvil","Fusion Hammer"],"picked":"hermit:BartenderGlass"}],"items_purged_floors":[6],"is_endless":true,"potions_floor_spawned":[2,11,15,20,21,23,31,33,36,39],"killed_by":"Nightmare_Alpha","ascension_level":0}}