{"host":"nt5s8w9te9kjrjx1","time":1611236322,"event":{"mods":["100% Spire Juice","2.2 Compatiblity","A Penny For Your Troubles","Abigail Mod","AchievementEnabler","Act Like it!","Aspiration","BaseMod","Better Altar","Better Match","Better Note","Better Sensory Stone","Better Skull","Better Third Choice","Better Vampires","Better-Laid Plans","BetterRewards","CapriCore","Card Forge","Colored Powertips","Conspire","Curses Come First","Displayed Cursed Tome","Energized Spire","Evolution","Gensokyo","Gold Saver","Good Game Mod","GungeonMod","Halation","Hallownest","Hermit","HexUI Lib","Highlight Path","HololiveMod","Hubris","Infinite Spire","Jess\u0027s Bottle","Jorbs\u0027s Wanderer Trilogy","Koishi","Luminous","Mari Mod (Legacy)","Mari\u0027s V1 Patch","Marisa????????","Marked Mod","Mimic Mod","Minty Spire (QoL Compilation)","MostiFishMod","Pale of the Ancients","Quick Restart","Rare Cards Sparkle","Reimu??????","Remilia??????","Reorder Act Four","Replay The Spire","Retaliation","Shade Mod","Small Relic Pack","Spicy Shops","Spikes Relics","Spire Arcade","StS++","StSLib","Steal the Spire","The Administrix","The Animator","The Blue Laboratory","The Caster","The Construct","The Cursed","The Gatherer","The Jungle","The Marked","The Mystic","The Necromancer","The Sage","The Servant 0.9.4","The Wild Card","TheVacant","Transform Curses","Uncapped","Virulent Crown","WarShipGirlsR/????R mod","vexMod"],"gold_per_floor":[30111,30127,29056,29056,29076,29109,29109,29122,29147,28560,28079,28098,28109,28119,28119,28221,28221,28241,28241,28251,28066,28066,28101,28117,28127,28127,28145,28172,28172,28189,28189,28189,28286,28286,28306,28306,27807,27294,27323,27368,27399,27422,27468,27468,27498,27543,27238,27263,27263,27276],"floor_reached":51,"language":"ENG","playtime":3425,"items_purged":["Purity","Enlightenment+1"],"score":1180,"play_id":"09a8ff47-a1aa-4126-ba2c-a11634f0e55a","local_time":"20210121133842","is_ascension_mode":false,"campfire_choices":[{"floor":7,"key":"REST"}],"circlet_count":0,"master_deck":["Moonworks:EvilSpyWorkPreparation+1","Moonworks:IndiscriminateFireSupport+1","MostiFishMod:BrokenBlackCloak+1","Moonworks:NicePresent+1","Moonworks:LulusLuckyEgg+1","Moonworks:JonathanRush+1","Moonworks:Accelerator+1","Moonworks:CloudOfSeagulls+1","Moonworks:CloudOfSeagulls+1","Moonworks:JonathanRush+1","Moonworks:NicePresent+1","Moonworks:CloudOfSeagulls+1","Moonworks:PlushieMaster+1","Doubt","Moonworks:MetallicMonocoque+1","infinitespire:Oblivion+1","Moonworks:ReproductionOfRecords+1","MurderousAura+1","Moonworks:JonathanRush+1","Moonworks:CloudOfSeagulls+1","Moonworks:AccelHyper+1","Moonworks:EvilSpyWorkPreparation+1","Moonworks:EvilSpyWorkPreparation+1","Moonworks:JonathanRush+1","Moonworks:JonathanRush+1","Moonworks:Dinner+1","Moonworks:CloudOfSeagulls+1","Moonworks:RocketCannon+1","infinitespire:Execution+1","Moonworks:DeployBits+1","Moonworks:RocketCannon+1","Moonworks:Poppoformation+1","Moonworks:PlushieMaster+1","Moonworks:EvilSpyWorkPreparation+1","Moonworks:CrystalBarrier+1","Moonworks:Dash+1"],"relics":["Moonworks:BrokenBomb","Moonworks:Homemark","Hammer of Thor","Seething Fire","Anvil of the Gods","EVO:Axolotl","DaveBox","REME:ComplimentaryCards","SynthV:TestCard","Lantern","Moonworks:GoldenDie","sagemod:The_Guidebook_Guide","aspiration:Lifesprig","DianPoetry","DianDianMeat","Replay:Baseball","Membership Card","Replay:Multitool","Dream Catcher","hubris:HerbalPaste","ReplayTheSpireMod:SealedPack","hubris:Metronome","Replay:Wax Seal","Hololive_LightStick","DemoMod:WhiteGuonStone","infinitespire:ShieldingShard","Frozen Egg 2","hubris:BlackHole","Toolbox","CultistMask","ExusiaiGun","halation:IllGainedPizza","StSpp:PetrifiedCaterpillar","BrkXgEgg","Centennial Puzzle","DemoMod:GlassGuonStoneRelic","halation:PrussianBluePaint","SentryEyes","Bag of Marbles","DemoMod:BlueGuonStone","infinitespire:Lychee Nut","halation:Toothbrush"],"acts_visited":["Exordium","TheCity","TheBeyond"],"potions_floor_usage":[],"damage_taken":[{"damage":0,"enemies":"Cultist","floor":1,"turns":3},{"damage":3,"enemies":"Jaw Worm","floor":2,"turns":4},{"damage":0,"enemies":"2 Louse","floor":5,"turns":1},{"damage":0,"enemies":"Gremlin Nob","floor":6,"turns":1},{"damage":0,"enemies":"Red Slaver","floor":8,"turns":2},{"damage":4,"enemies":"Exordium Thugs","floor":10,"turns":3},{"damage":5,"enemies":"Exordium Wildlife","floor":12,"turns":3},{"damage":0,"enemies":"2 Fungi Beasts","floor":13,"turns":1},{"damage":0,"enemies":"Looter","floor":14,"turns":1},{"damage":6,"enemies":"Slime Boss","floor":16,"turns":4},{"damage":13,"enemies":"2 Thieves","floor":18,"turns":2},{"damage":0,"enemies":"Spheric Guardian","floor":20,"turns":2},{"damage":1,"enemies":"conspire:Head Lice","floor":23,"turns":4},{"damage":0,"enemies":"Centurion and Healer","floor":24,"turns":4},{"damage":0,"enemies":"Sentry and Sphere","floor":25,"turns":2},{"damage":0,"enemies":"3 Cultists","floor":27,"turns":2},{"damage":23,"enemies":"Nightmare","floor":28,"turns":5},{"damage":0,"enemies":"Snecko","floor":30,"turns":2},{"damage":1,"enemies":"Champ","floor":33,"turns":4},{"damage":0,"enemies":"Orb Walker","floor":35,"turns":1},{"damage":0,"enemies":"3 Darklings","floor":39,"turns":1},{"damage":0,"enemies":"Nightmare","floor":40,"turns":1},{"damage":0,"enemies":"Writhing Mass","floor":41,"turns":1},{"damage":34,"enemies":"4 Shapes","floor":42,"turns":2},{"damage":0,"enemies":"Sphere and 2 Shapes","floor":43,"turns":2},{"damage":0,"enemies":"Sphere and 2 Shapes","floor":45,"turns":1},{"damage":0,"enemies":"Giant Head","floor":46,"turns":1},{"damage":0,"enemies":"Writhing Mass","floor":48,"turns":1},{"damage":0,"enemies":"hubris:GrandSnecko","floor":50,"turns":1}],"seed_played":"-2504947988553128415","potions_obtained":[{"floor":1,"key":"ColorlessPotion"},{"floor":8,"key":"Swift Potion"},{"floor":42,"key":"Venom Potion"}],"is_trial":false,"path_per_floor":["M","M","$","?","M","E","R","M","T","M","$","M","M","M","R","B",null,"M","?","M","$","?","E","M","M","T","M","NM","AVR","M","?","R","B",null,"M","?","$","?","M","NM","M","M","MIM","?","M","E","$","M","R","B",null],"character_chosen":"THE_STARBREAKER","items_purchased":["Lantern","Moonworks:GoldenDie","sagemod:The_Guidebook_Guide","aspiration:Lifesprig","DianPoetry","Moonworks:IndiscriminateFireSupport","MostiFishMod:BrokenBlackCloak","Enlightenment","Membership Card","Replay:Multitool","Dream Catcher","hubris:HerbalPaste","Moonworks:Accelerator","Moonworks:EvilMastermind","hubris:Metronome","Replay:Wax Seal","Moonworks:CloudOfSeagulls","halation:IllGainedPizza","StSpp:PetrifiedCaterpillar","BrkXgEgg","Centennial Puzzle","Moonworks:CloudOfSeagulls","Moonworks:RocketCannon+1","DemoMod:BlueGuonStone","infinitespire:Lychee Nut","halation:Toothbrush"],"campfire_rested":1,"item_purchase_floors":[3,3,3,3,3,3,3,3,11,11,11,11,11,11,21,21,21,37,37,37,37,37,37,47,47,47],"current_hp_per_floor":[66,63,63,63,64,66,69,72,72,72,83,90,98,107,117,140,219,226,245,268,289,289,316,342,366,366,391,368,368,397,424,424,457,472,501,501,562,594,627,661,696,662,701,701,738,738,579,617,656,656],"gold":27276,"neow_bonus":"TEN_PERCENT_HP_BONUS","is_daily":false,"chose_seed":false,"campfire_upgraded":0,"win_rate":0.0,"timestamp":1611236322,"path_taken":["M","M","$","?","M","E","R","M","T","M","$","?","M","M","R","BOSS","M","?","M","$","?","E","M","M","T","M","NM","AVR","M","?","R","BOSS","M","?","$","?","M","NM","M","M","MIM","?","M","E","?","M","R","BOSS"],"items_purchased_type":["Relic","Relic","Relic","Relic","Relic","Card","Card","Card","Relic","Relic","Relic","Relic","Card","Card","Relic","Relic","Card","Relic","Relic","Relic","Relic","Card","Card","Relic","Relic","Relic"],"build_version":"2020-12-22","purchased_purges":2,"victory":true,"max_hp_per_floor":[66,66,66,66,67,69,69,72,72,76,87,94,102,111,121,144,219,237,256,276,297,297,319,342,366,366,391,391,391,417,444,444,472,472,501,501,562,594,627,661,696,696,732,732,769,769,579,617,656,656],"card_choices":[{"not_picked":["Moonworks:BigMagnum","Moonworks:IndiscriminateFireSupport"],"picked":"Moonworks:EvilSpyWorkPreparation","floor":1},{"not_picked":["Moonworks:IntelligenceOfficer","Moonworks:MixPhenomenon","Moonworks:Assault","Moonworks:AwakeningOfTalent"],"picked":"Moonworks:CompletionReward","floor":2},{"not_picked":["Moonworks:BigMagnum","Moonworks:SelfDestruct","Moonworks:TreasureThief","Moonworks:Assault"],"picked":"Moonworks:NicePresent","floor":5},{"not_picked":["Moonworks:IndiscriminateFireSupport","Moonworks:Assault","Moonworks:SakisCookie","Moonworks:NicePresent"],"picked":"Moonworks:LulusLuckyEgg","floor":6},{"not_picked":["Moonworks:CloudOfSeagulls","Moonworks:SelfDestruct","Moonworks:SweetBattle","Moonworks:BigMagnum"],"picked":"Moonworks:JonathanRush","floor":8},{"not_picked":["Moonworks:BigMagnum","Moonworks:IndiscriminateFireSupport","Moonworks:LulusLuckyEgg","Moonworks:SelfDestruct"],"picked":"Moonworks:BackdoorTrade","floor":10},{"not_picked":["Moonworks:CrystalBarrier","Moonworks:LulusLuckyEgg","Moonworks:IndiscriminateFireSupport","Moonworks:DeployBits"],"picked":"Moonworks:CloudOfSeagulls","floor":12},{"not_picked":["Moonworks:Assault","Moonworks:SakisCookie","Moonworks:LulusLuckyEgg","Moonworks:MiracleRedBeanIceCream"],"picked":"Moonworks:CloudOfSeagulls","floor":13},{"not_picked":["Moonworks:SakisCookie","Moonworks:ForcedRevival","Moonworks:EvilSpyWorkPreparation","Moonworks:LulusLuckyEgg"],"picked":"Moonworks:JonathanRush","floor":14},{"not_picked":["Moonworks:FinalBattle","Moonworks:EvilMastermind","Moonworks:StarBlastingFuse","Moonworks:LeapThroughSpace"],"picked":"Moonworks:PlushieMaster","floor":16},{"not_picked":["theMarked:SoldierOfQuellstein","Exchange","MariMod:Mari_Debut","stsjorbsmod:EyeOfTheStorm"],"picked":"DemoMod:TableTechRocket","floor":17},{"not_picked":["Moonworks:SinkOrSwim","Moonworks:Wanted","Moonworks:OutOfAmmo","Moonworks:FinalBattle"],"picked":"Moonworks:MetallicMonocoque","floor":17},{"not_picked":["Dark Shackles","ReplayTheSpireMod:Private Reserves","MostiFishMod:SupremeArchaeology","Swift Strike"],"picked":"Impatience","floor":17},{"not_picked":["ReplayTheSpireMod:Haul","infinitespire:Collect","infinitespire:Punishment","infinitespire:Fortify"],"picked":"infinitespire:Oblivion","floor":17},{"not_picked":["Moonworks:BackdoorTrade","Moonworks:Assault","Moonworks:SweetBattle","Moonworks:DeployBits"],"picked":"Moonworks:ReproductionOfRecords","floor":18},{"not_picked":["Moonworks:CookingTime","Moonworks:Assault","Moonworks:SealedMemories","Moonworks:ImOnFire"],"picked":"Moonworks:JonathanRush+1","floor":20},{"not_picked":["Moonworks:SakisCookie","Moonworks:FinalSurgery","Moonworks:NicePresent","Moonworks:Flamethrower"],"picked":"Moonworks:AccelHyper","floor":23},{"not_picked":["Moonworks:BigMagnum","Moonworks:Assault","Moonworks:AngelHand+1","Moonworks:NicePresent"],"picked":"Moonworks:EvilSpyWorkPreparation","floor":24},{"not_picked":["Moonworks:StiffCrystal","Moonworks:AwakeningOfTalent","Moonworks:LuckyCharm","Moonworks:FullSpeedAlicianrone"],"picked":"Moonworks:EvilSpyWorkPreparation+1","floor":25},{"not_picked":["Moonworks:EvilSpyWorkPreparation+1","Moonworks:MeltingMemories","Moonworks:SakisCookie+1","Moonworks:ImOnFire+1"],"picked":"Moonworks:JonathanRush","floor":27},{"not_picked":["Moonworks:LeapThroughSpace+1","Moonworks:TacticalRetreat+1","Moonworks:ImOnFire","Moonworks:NicePresent","Moonworks:BigMagnum+1"],"picked":"SKIP","floor":28},{"not_picked":["Moonworks:LulusLuckyEgg","Moonworks:NicePresent+1","Moonworks:IndiscriminateFireSupport","Moonworks:IntelligenceOfficer"],"picked":"Moonworks:JonathanRush","floor":30},{"not_picked":["Moonworks:LeapThroughSpace+1","Moonworks:AccelHyper","Moonworks:Wanted","Moonworks:MeltingMemories+1"],"picked":"Moonworks:SinkOrSwim+1","floor":33},{"not_picked":["Moonworks:LulusLuckyEgg","Moonworks:WindyEnchantment+1","Moonworks:AwakeningOfTalent+1","Moonworks:FinalSurgery+1"],"picked":"Moonworks:Dinner","floor":35},{"not_picked":["infinitespire:Punishment","infinitespire:Menacing"],"picked":"infinitespire:Execution","floor":38},{"not_picked":["Moonworks:TreasureThief","Moonworks:BigBangBell","Moonworks:StiffCrystal","Moonworks:Assault+1"],"picked":"Moonworks:DeployBits","floor":39},{"not_picked":["Moonworks:UnluckyCharm+1","Moonworks:BindingChains","Moonworks:UnpaidWork+1","Moonworks:CookingTime"],"picked":"Moonworks:RocketCannon+1","floor":40},{"not_picked":["Moonworks:Assault+1","Moonworks:NicePresent+1","Moonworks:BackdoorTrade+1","Moonworks:TacticalRetreat"],"picked":"Moonworks:Poppoformation+1","floor":41},{"not_picked":["Moonworks:Heat300Percent+1","Moonworks:Assault+1","Moonworks:RedAndBlue","Moonworks:Flamethrower+1","Moonworks:SakisCookie"],"picked":"SKIP","floor":42},{"not_picked":["Moonworks:TacticalRetreat","Moonworks:SealedMemories+1","Moonworks:WindyEnchantment","Moonworks:Flamethrower"],"picked":"Moonworks:PlushieMaster+1","floor":43},{"not_picked":["Moonworks:NicePresent+1","Moonworks:LulusLuckyEgg","Moonworks:BackdoorTrade+1","Moonworks:FullSpeedAlicianrone"],"picked":"Moonworks:EvilSpyWorkPreparation+1","floor":45},{"not_picked":["Moonworks:ForcedRevival","Moonworks:TreasureThief","Moonworks:FullSpeedAlicianrone+1","Moonworks:CompletionReward+1","Moonworks:BigMagnum+1"],"picked":"SKIP","floor":46},{"not_picked":["Moonworks:NicePresent","Moonworks:DeployBits","Moonworks:EvilSpyWorkPreparation","Moonworks:SakisCookie"],"picked":"Moonworks:CrystalBarrier+1","floor":48},{"not_picked":["Moonworks:Assault+1","Moonworks:ImOnFire","Moonworks:NicePresent","Moonworks:BigMagnum"],"picked":"Moonworks:Dash","floor":49}],"player_experience":193777,"relics_obtained":[{"floor":1,"key":"SynthV:TestCard"},{"floor":9,"key":"Replay:Baseball"},{"floor":23,"key":"DemoMod:WhiteGuonStone"},{"floor":26,"key":"infinitespire:ShieldingShard"},{"floor":28,"key":"Frozen Egg 2"},{"floor":40,"key":"halation:PrussianBluePaint"},{"floor":43,"key":"SentryEyes"},{"floor":46,"key":"Bag of Marbles"}],"event_choices":[{"damage_healed":0,"gold_gain":0,"player_choice":"Upgraded","damage_taken":0,"max_hp_gain":0,"max_hp_loss":0,"event_name":"Upgrade Shrine","floor":4,"gold_loss":0,"cards_upgraded":["Moonworks:EvilSpyWorkPreparation"]},{"cards_removed":["Moonworks:EvilSpyWorkPreparation"],"damage_healed":0,"gold_gain":0,"player_choice":"Take \u0026 Give","damage_taken":0,"max_hp_gain":0,"max_hp_loss":0,"event_name":"betterNote:BetterNote","floor":19,"gold_loss":0,"cards_obtained":["MurderousAura"]},{"damage_healed":0,"gold_gain":0,"cards_transformed":["Impatience"],"player_choice":"Transformed","damage_taken":0,"max_hp_gain":0,"max_hp_loss":0,"event_name":"Transmorgrifier","floor":31,"gold_loss":0,"cards_obtained":["Purity"]},{"damage_healed":0,"gold_gain":0,"player_choice":"Trade","damage_taken":0,"relics_obtained":["CultistMask"],"max_hp_gain":0,"max_hp_loss":0,"event_name":"FaceTrader","floor":32,"gold_loss":0},{"cards_removed":["Moonworks:SinkOrSwim"],"damage_healed":0,"gold_gain":0,"player_choice":"Removed Power","damage_taken":0,"max_hp_gain":0,"max_hp_loss":0,"event_name":"Falling","floor":36,"gold_loss":0}],"is_beta":false,"boss_relics":[{"not_picked":["SacredBark","FrostBlade"],"picked":"ReplayTheSpireMod:SealedPack"},{"not_picked":["vexMod:ImprovementManual","vexMod:BigBerry"],"picked":"ExusiaiGun"}],"items_purged_floors":[37,47],"is_endless":false,"potions_floor_spawned":[1,8,12,14,18,23,24,33,35,41,42,48],"ascension_level":0}}