{"host":"cw25u8qal1h0d7ia","time":1611252129,"event":{"mods":["BaseMod","Downfall","Minty Spire (QoL Compilation)","StSLib"],"gold_per_floor":[99,99,99,274,274,303,303,303,314,114,24,24,124,157,173,275,275,275,293,129,146,146,146,146,164,164,193,193,193,221,231,248,248,248,248],"floor_reached":33,"language":"ENG","playtime":3798,"items_purged":["Doubt"],"score":345,"play_id":"43183d8e-1185-4cfa-8193-7cfb69e0b2e0","local_time":"20210121190209","is_ascension_mode":true,"campfire_choices":[{"data":"hexamod:Float","floor":1.0,"key":"SMITH"},{"data":"hexamod:Rewind","floor":10.0,"key":"SMITH"},{"data":"hexamod:GhostflameInferno","floor":18,"key":"SMITH"},{"data":"hexamod:FastForward","floor":23,"key":"SMITH"},{"floor":26,"key":"REST"}],"circlet_count":0,"master_deck":["hexamod:Strike","hexamod:Strike","hexamod:Strike+1","hexamod:Strike","hexamod:Defend+1","hexamod:Defend+1","hexamod:Defend","hexamod:Defend","hexamod:Sear","hexamod:Float+1","hexamod:GhostLash","downfall:Malfunctioning","hexamod:GhostOfSpirePast","hexamod:GhostOfSpireFuture","hexamod:Rewind+1","hexamod:EmpoweredFlame","hexamod:FastForward+1","hexamod:GhostflameInferno+1","hexamod:PhantomCloak","hexamod:GhostOfSpirePast","Pride"],"relics":["hexamod:UnbrokenSoul","downfall:HeartsMalice","StrikeDummy","Oddly Smooth Stone","downfall:HeartBlessingGreen","downfall:HeartBlessingBlue","Shuriken","Bag of Marbles","Boot","Mummified Hand","Shovel","Blood Vial","MutagenicStrength","CaptainsWheel"],"acts_visited":["Exordium","TheCity"],"potions_floor_usage":[27],"damage_taken":[{"damage":0.0,"enemies":"2 Louse","floor":2.0,"turns":1.0},{"damage":0.0,"enemies":"Gremlin Nob","floor":6.0,"turns":1.0},{"damage":0.0,"enemies":"Jaw Worm","floor":8.0,"turns":1.0},{"damage":0.0,"enemies":"Small Slimes","floor":9.0,"turns":4.0},{"damage":0.0,"enemies":"downfall:FleeingMerchant","floor":11.0,"turns":4.0},{"damage":12.0,"enemies":"Lagavulin","floor":14.0,"turns":5.0},{"damage":2,"enemies":"Blue Slaver","floor":15,"turns":3},{"damage":15,"enemies":"DF_ARCHETYPE_STREAMLINE","floor":16,"turns":9},{"damage":12,"enemies":"Shell Parasite","floor":19,"turns":3},{"damage":0,"enemies":"downfall:FleeingMerchant","floor":20,"turns":4},{"damage":36,"enemies":"Snecko","floor":21,"turns":4},{"damage":21,"enemies":"Sentry and Sphere","floor":25,"turns":4},{"damage":6,"enemies":"Gremlin Leader","floor":27,"turns":6},{"damage":27,"enemies":"Slavers","floor":30,"turns":5},{"damage":0,"enemies":"Snake Plant","floor":31,"turns":2},{"damage":3,"enemies":"3 Cultists","floor":32,"turns":5},{"damage":7,"enemies":"WA_ARCHETYPE_CALM","floor":33,"turns":2}],"seed_played":"472767220825407623","potions_obtained":[{"floor":6.0,"key":"SkillPotion"},{"floor":9.0,"key":"Explosive Potion"},{"floor":16,"key":"hexamod:EctoCoolerPotion"},{"floor":19,"key":"EntropicBrew"},{"floor":21,"key":"Weak Potion"},{"floor":30,"key":"Fire Potion"}],"is_trial":false,"path_per_floor":["R","M","?","?","?","E","T","M","M","R","$","T","?","E","M","B",null,"R","M","$","M","?","R","T","M","R","E","?","?","E","M","M","B"],"character_chosen":"THE_SPIRIT","items_purchased":["Boot"],"campfire_rested":1,"item_purchase_floors":[20],"current_hp_per_floor":[70,70,70,70,37,37,37,37,37,47,47,47,47,35,33,18,80,80,68,68,32,32,32,32,11,35,29,29,29,4,6,5,0,0,0],"gold":248,"neow_bonus":"THREE_ENEMY_KILL","is_daily":false,"chose_seed":false,"campfire_upgraded":4,"win_rate":0.0,"timestamp":1611252129,"path_taken":["R","M","?","?","?","E","T","M","M","R","$","?","?","E","M","BOSS","R","M","?","M","?","R","T","M","R","E","?","?","E","?","M","BOSS"],"items_purchased_type":["Relic"],"build_version":"2020-12-22","purchased_purges":1,"victory":false,"max_hp_per_floor":[70,70,70,70,70,70,70,70,70,80,80,80,80,80,80,80,80,80,80,80,80,80,80,80,80,80,80,80,80,80,80,80,80,80,80],"card_choices":[{"not_picked":["hexamod:NightmareGuise","hexamod:HeatCrush"],"picked":"hexamod:GhostLash","floor":2.0},{"not_picked":["hexamod:BurningTouch","hexamod:AdvancingGuard"],"picked":"hexamod:GhostOfSpirePast","floor":6.0},{"not_picked":["hexamod:InspiringFlames","hexamod:RadiantFlame"],"picked":"hexamod:GhostOfSpireFuture","floor":8.0},{"not_picked":["hexamod:GhostLash","hexamod:SoulSteal"],"picked":"hexamod:Rewind","floor":9.0},{"not_picked":["hexamod:BacktrackSmack","hexamod:Again"],"picked":"hexamod:EmpoweredFlame","floor":11.0},{"not_picked":["hexamod:HauntingEcho","hexamod:FlamesFromBeyond"],"picked":"hexamod:FastForward","floor":14},{"not_picked":["hexamod:ShieldOfDarkness","hexamod:AdvancingGuard","hexamod:ParanormalForm"],"picked":"SKIP","floor":15},{"not_picked":["hexamod:UnleashSpirits","hexamod:ParanormalForm"],"picked":"hexamod:GhostflameInferno","floor":16},{"not_picked":["hexamod:FlamesFromBeyond+1","hexamod:HauntingEcho+1"],"picked":"hexamod:PhantomCloak","floor":19},{"not_picked":["hexamod:SpectralAdrenaline","hexamod:HeatShield"],"picked":"hexamod:GhostOfSpirePast","floor":20},{"not_picked":["hexamod:CatchUp+1","hexamod:GhostShield","hexamod:BurningTouch"],"picked":"SKIP","floor":21},{"not_picked":["hexamod:NightmareGuise","hexamod:HeatMetal+1","hexamod:SuperheatedStrike"],"picked":"SKIP","floor":25},{"not_picked":["hexamod:FourthSeal","hexamod:ChargedBarrage","hexamod:ParanormalForm"],"picked":"SKIP","floor":27},{"not_picked":["hexamod:HeatMetal","hexamod:AdvancingGuard","hexamod:InspiringFlames"],"picked":"SKIP","floor":30},{"not_picked":["hexamod:NightmareStrike","hexamod:Firestarter+1","hexamod:RetreatToShadows+1"],"picked":"SKIP","floor":31},{"not_picked":["hexamod:ChargedBarrage","hexamod:FlamesFromBeyond","hexamod:SwordOfDarkness"],"picked":"SKIP","floor":32}],"player_experience":646979,"relics_obtained":[{"floor":6.0,"key":"Oddly Smooth Stone"},{"floor":12.0,"key":"Shuriken"},{"floor":14,"key":"Bag of Marbles"},{"floor":24,"key":"Shovel"},{"floor":27,"key":"Blood Vial"},{"floor":30,"key":"CaptainsWheel"}],"event_choices":[{"damage_healed":0.0,"max_hp_gain":0.0,"max_hp_loss":0.0,"gold_gain":0.0,"event_name":"Scrap Ooze","player_choice":"Success","floor":5.0,"gold_loss":0.0,"damage_taken":33.0,"relics_obtained":["StrikeDummy"]},{"damage_healed":0,"gold_gain":0,"player_choice":"Stole Relic","damage_taken":0,"relics_obtained":["Mummified Hand"],"max_hp_gain":0,"max_hp_loss":0,"event_name":"Addict","floor":22,"gold_loss":0,"cards_obtained":["Pride"]},{"damage_healed":0,"gold_gain":0,"player_choice":"Inject Mutagens","damage_taken":0,"relics_obtained":["MutagenicStrength"],"max_hp_gain":0,"max_hp_loss":0,"event_name":"Drug Dealer","floor":29,"gold_loss":0}],"is_beta":false,"boss_relics":[{"not_picked":["Busted Crown","Pandora\u0027s Box"],"picked":"hexamod:UnbrokenSoul"}],"items_purged_floors":[11],"is_endless":false,"potions_floor_spawned":[6,9,16,19,21,30],"killed_by":"WA_ARCHETYPE_CALM","ascension_level":2}}