{"host":"j4g6ia6asvpyu2b0","time":1611240106,"event":{"mods":["BaseMod","Colored Map","Minty Spire (QoL Compilation)","Permanent Neow","Quick Restart","Relic Stats","StSLib","Unceasing Turn Reminder"],"gold_per_floor":[368,381,396,396,151,151,184,184,184,204,204,238,17,41,41,128,128,149,149,64,85,113,113,152,173,173,173,7,51,51,51,51,133,133,160,183,204,229,249,289,313,313,337,365,399,399,433,433,433,433,433],"floor_reached":50,"language":"ENG","playtime":1509,"items_purged":["Strike_B","Strike_B"],"score":1029,"play_id":"c72df226-013a-4519-b5e3-a73a4ca05dac","local_time":"20210121074146","is_ascension_mode":true,"campfire_choices":[{"data":"Zap","floor":6,"key":"SMITH"},{"data":"Sweeping Beam","floor":8,"key":"SMITH"},{"data":"Dualcast","floor":11,"key":"SMITH"},{"data":"Lockon","floor":15,"key":"SMITH"},{"floor":23,"key":"REST"},{"floor":27,"key":"REST"},{"data":"1","floor":32,"key":"LIFT"},{"floor":42,"key":"DIG"},{"floor":46,"key":"DIG"},{"floor":49,"key":"RECALL"}],"circlet_count":0,"master_deck":["AscendersBane","Strike_B","Strike_B","Defend_B","Defend_B","Defend_B","Defend_B","Zap+1","Dualcast+1","Auto Shields","Cold Snap","Compile Driver","Capacitor+1","Sweeping Beam+1","Lockon+1","Defragment+1","Loop+1","Ball Lightning+1","Barrage+1","Cold Snap+1","Creative AI+1","Compile Driver+1","Hologram","Sweeping Beam+1","Electrodynamics+1","Self Repair+1","Storm+1","Barrage+1","Electrodynamics+1","White Noise+1","Coolheaded","Barrage+1","Conserve Battery","Compile Driver+1","Biased Cognition+1","Compile Driver+1","Defragment+1","Creative AI+1"],"relics":["Cracked Core","Frozen Egg 2","ClockworkSouvenir","Matryoshka","MealTicket","Molten Egg 2","Odd Mushroom","CeramicFish","Nuclear Battery","Omamori","Toy Ornithopter","Centennial Puzzle","Bird Faced Urn","Bag of Marbles","Girya","Cursed Key","Shovel","Regal Pillow","Boot","Prayer Wheel","Ginger","Mummified Hand"],"acts_visited":["Exordium","TheCity","TheBeyond"],"potions_floor_usage":[7,7,7,24,37,38,44],"damage_taken":[{"damage":1,"enemies":"Cultist","floor":1,"turns":3},{"damage":2,"enemies":"Small Slimes","floor":2,"turns":4},{"damage":2,"enemies":"Jaw Worm","floor":3,"turns":3},{"damage":8,"enemies":"3 Sentries","floor":7,"turns":6},{"damage":2,"enemies":"The Mushroom Lair","floor":10,"turns":3},{"damage":24,"enemies":"Gremlin Nob","floor":12,"turns":5},{"damage":6,"enemies":"2 Fungi Beasts","floor":14,"turns":2},{"damage":9,"enemies":"Hexaghost","floor":16,"turns":6},{"damage":9,"enemies":"Spheric Guardian","floor":18,"turns":4},{"damage":0,"enemies":"Chosen","floor":21,"turns":4},{"damage":13,"enemies":"Shelled Parasite and Fungi","floor":22,"turns":4},{"damage":23,"enemies":"Slavers","floor":24,"turns":4},{"damage":7,"enemies":"Snecko","floor":25,"turns":5},{"damage":19,"enemies":"Book of Stabbing","floor":29,"turns":4},{"damage":25,"enemies":"Collector","floor":33,"turns":5},{"damage":6,"enemies":"3 Shapes","floor":35,"turns":2},{"damage":11,"enemies":"Orb Walker","floor":36,"turns":2},{"damage":15,"enemies":"Writhing Mass","floor":37,"turns":4},{"damage":0,"enemies":"Transient","floor":38,"turns":5},{"damage":22,"enemies":"Maw","floor":39,"turns":5},{"damage":1,"enemies":"Giant Head","floor":40,"turns":5},{"damage":0,"enemies":"4 Shapes","floor":41,"turns":1},{"damage":33,"enemies":"Nemesis","floor":44,"turns":5},{"damage":0,"enemies":"Mind Bloom Boss Battle","floor":45,"turns":2},{"damage":16,"enemies":"Reptomancer","floor":47,"turns":4},{"damage":107,"enemies":"Awakened One","floor":50,"turns":6}],"seed_played":"-6193168995110350588","potions_obtained":[{"floor":3,"key":"EntropicBrew"},{"floor":12,"key":"Swift Potion"},{"floor":22,"key":"Fire Potion"},{"floor":24,"key":"AttackPotion"},{"floor":33,"key":"Block Potion"},{"floor":36,"key":"DuplicationPotion"},{"floor":38,"key":"Fruit Juice"},{"floor":39,"key":"DistilledChaos"},{"floor":47,"key":"Ancient Potion"}],"is_trial":false,"path_per_floor":["M","M","M","?","$","R","E","R","T","?","R","E","$","M","R","B",null,"M","?","?","M","M","R","E","M","T","R","$","E","?","?","R","B",null,"M","M","M","M","M","E","M","R","T","E","?","R","E","?","R","B"],"character_chosen":"DEFECT","items_purchased":["Capacitor+1","ClockworkSouvenir","Sweeping Beam","Loop+1","Ball Lightning+1","Barrage+1","Storm+1"],"campfire_rested":2,"item_purchase_floors":[5,5,5,13,13,13,28],"current_hp_per_floor":[49,47,45,38,38,38,30,30,30,28,28,4,19,13,13,4,57,48,48,48,48,35,57,34,27,27,49,64,53,39,39,39,36,69,77,69,80,85,85,85,85,85,85,70,76,76,80,85,85,0,0],"gold":433,"neow_bonus":"TWO_FIFTY_GOLD","is_daily":false,"chose_seed":false,"campfire_upgraded":4,"win_rate":0.0,"timestamp":1611240106,"path_taken":["M","M","M","?","$","R","E","R","T","?","R","E","?","M","R","BOSS","M","?","?","M","M","R","E","M","T","R","$","E","?","?","R","BOSS","M","?","M","M","?","E","M","R","T","E","?","R","E","?","R","BOSS"],"items_purchased_type":["Card","Relic","Card","Card","Card","Card","Card"],"build_version":"2020-12-22","purchased_purges":2,"victory":false,"max_hp_per_floor":[75,75,75,75,75,75,75,75,75,75,75,75,75,75,75,75,75,75,75,75,75,75,75,75,75,75,75,75,75,80,80,80,80,80,80,80,80,85,85,85,85,85,85,85,85,85,85,85,85,85,85],"relic_stats":{"Regal Pillow":0,"counters":[26,102],"CeramicFish":207,"Ginger":[1],"Cursed Key":1,"Boot":[0],"Centennial Puzzle":[30],"Shovel":2,"Mummified Hand":[7],"Bird Faced Urn":[86],"MealTicket":30,"Prayer Wheel":0,"obtain_stats":[{"Girya":31,"Regal Pillow":42,"CeramicFish":12,"Omamori":20,"Ginger":46,"Frozen Egg 2":4,"Odd Mushroom":10,"Cursed Key":34,"Boot":44,"ClockworkSouvenir":5,"Nuclear Battery":17,"Centennial Puzzle":26,"Matryoshka":7,"Shovel":40,"Mummified Hand":47,"Bird Faced Urn":26,"MealTicket":9,"Molten Egg 2":9,"Prayer Wheel":45,"Bag of Marbles":29,"Cracked Core":0,"Toy Ornithopter":24},{"Girya":14,"Regal Pillow":22,"CeramicFish":6,"Omamori":9,"Ginger":24,"Frozen Egg 2":3,"Odd Mushroom":5,"Cursed Key":15,"Boot":23,"ClockworkSouvenir":3,"Nuclear Battery":8,"Centennial Puzzle":13,"Matryoshka":4,"Shovel":21,"Mummified Hand":25,"Bird Faced Urn":13,"MealTicket":4,"Molten Egg 2":4,"Prayer Wheel":24,"Bag of Marbles":14,"Cracked Core":0,"Toy Ornithopter":12},{"Girya":56,"Regal Pillow":85,"CeramicFish":24,"Omamori":36,"Ginger":92,"Frozen Egg 2":10,"Odd Mushroom":19,"Cursed Key":61,"Boot":90,"ClockworkSouvenir":10,"Nuclear Battery":32,"Centennial Puzzle":52,"Matryoshka":16,"Shovel":84,"Mummified Hand":96,"Bird Faced Urn":52,"MealTicket":16,"Molten Egg 2":16,"Prayer Wheel":92,"Bag of Marbles":56,"Cracked Core":0,"Toy Ornithopter":48}],"Toy Ornithopter":5},"card_choices":[{"not_picked":["Compile Driver","Go for the Eyes"],"picked":"Auto Shields","floor":1},{"not_picked":["Go for the Eyes","Turbo"],"picked":"Cold Snap","floor":2},{"not_picked":["Reinforced Body","Coolheaded"],"picked":"Compile Driver","floor":3},{"not_picked":["Compile Driver","BootSequence"],"picked":"Lockon","floor":7},{"not_picked":["Conserve Battery","Glacier"],"picked":"Defragment+1","floor":10},{"not_picked":["Compile Driver+1","Lockon+1"],"picked":"Cold Snap+1","floor":12},{"not_picked":["Turbo","Coolheaded"],"picked":"Cold Snap+1","floor":14},{"not_picked":["Amplify","All For One+1"],"picked":"Creative AI+1","floor":16},{"not_picked":["Beam Cell+1","Stack"],"picked":"Compile Driver+1","floor":18},{"not_picked":["Gash+1","Beam Cell+1"],"picked":"Hologram","floor":21},{"not_picked":["Hello World+1","Reinforced Body"],"picked":"Sweeping Beam+1","floor":22},{"not_picked":["Reprogram+1","Rip and Tear+1"],"picked":"Electrodynamics+1","floor":24},{"not_picked":["Sunder+1","Gash+1"],"picked":"Self Repair+1","floor":25},{"not_picked":["Sunder+1","Leap"],"picked":"Barrage+1","floor":29},{"not_picked":["Reboot","Hyperbeam+1"],"picked":"Electrodynamics+1","floor":33},{"not_picked":["Darkness","Turbo+1"],"picked":"White Noise+1","floor":35},{"not_picked":["Tempest+1","Beam Cell+1"],"picked":"Coolheaded","floor":36},{"not_picked":["Beam Cell+1","Turbo"],"picked":"Barrage+1","floor":37},{"not_picked":["Rebound+1","Hologram"],"picked":"Conserve Battery","floor":38},{"not_picked":["Barrage+1","Ball Lightning+1"],"picked":"Compile Driver+1","floor":39},{"not_picked":["Darkness","Coolheaded+1"],"picked":"Biased Cognition+1","floor":40},{"not_picked":["Melter+1","Turbo"],"picked":"Compile Driver+1","floor":41},{"not_picked":["BootSequence","Leap","Melter+1"],"picked":"SKIP","floor":44},{"not_picked":["Hologram","Go for the Eyes+1"],"picked":"Defragment+1","floor":45},{"not_picked":["Steam Power","Electrodynamics+1"],"picked":"Creative AI+1","floor":47}],"player_experience":902137,"relics_obtained":[{"floor":7,"key":"Matryoshka"},{"floor":9,"key":"MealTicket"},{"floor":9,"key":"Molten Egg 2"},{"floor":10,"key":"Odd Mushroom"},{"floor":12,"key":"CeramicFish"},{"floor":24,"key":"Toy Ornithopter"},{"floor":26,"key":"Centennial Puzzle"},{"floor":26,"key":"Bird Faced Urn"},{"floor":29,"key":"Bag of Marbles"},{"floor":40,"key":"Shovel"},{"floor":42,"key":"Regal Pillow"},{"floor":44,"key":"Boot"},{"floor":45,"key":"Prayer Wheel"},{"floor":46,"key":"Ginger"},{"floor":47,"key":"Mummified Hand"}],"event_choices":[{"damage_healed":0,"gold_gain":0,"player_choice":"Success","damage_taken":7,"relics_obtained":["Frozen Egg 2"],"max_hp_gain":0,"max_hp_loss":0,"event_name":"Scrap Ooze","floor":4,"gold_loss":0},{"damage_healed":0,"gold_gain":0,"player_choice":"Fought Mushrooms","damage_taken":0,"max_hp_gain":0,"max_hp_loss":0,"event_name":"Mushrooms","floor":10,"gold_loss":0},{"damage_healed":0,"gold_gain":0,"player_choice":"Ignored","damage_taken":0,"max_hp_gain":0,"max_hp_loss":0,"event_name":"Ghosts","floor":19,"gold_loss":0},{"damage_healed":0,"gold_gain":0,"player_choice":"Obtained Relic","damage_taken":0,"relics_obtained":["Omamori"],"max_hp_gain":0,"max_hp_loss":0,"event_name":"Addict","floor":20,"gold_loss":85},{"damage_healed":0,"gold_gain":0,"player_choice":"Shed Blood","damage_taken":19,"max_hp_gain":5,"max_hp_loss":0,"event_name":"Forgotten Altar","floor":30,"gold_loss":0},{"cards_removed":["Cold Snap"],"damage_healed":0,"gold_gain":0,"player_choice":"Gave Card","damage_taken":0,"relics_obtained":["Girya"],"max_hp_gain":0,"max_hp_loss":0,"event_name":"WeMeetAgain","floor":31,"gold_loss":0},{"damage_healed":0,"gold_gain":0,"player_choice":"Fight","damage_taken":0,"max_hp_gain":0,"max_hp_loss":0,"event_name":"MindBloom","floor":45,"gold_loss":0},{"damage_healed":21,"gold_gain":0,"player_choice":"Writhe","damage_taken":0,"max_hp_gain":0,"max_hp_loss":0,"event_name":"Winding Halls","floor":48,"gold_loss":0,"cards_obtained":["Writhe"]}],"is_beta":false,"boss_relics":[{"not_picked":["SlaversCollar","Calling Bell"],"picked":"Nuclear Battery"},{"not_picked":["Astrolabe","Runic Pyramid"],"picked":"Cursed Key"}],"items_purged_floors":[13,28],"is_endless":false,"potions_floor_spawned":[3,12,22,24,33,35,36,38,39,47],"killed_by":"Awakened One","ascension_level":13}}