{"host":"3oax8yz66k5njorr","time":1611240519,"event":{"mods":["AchievementEnabler","BaseMod","Colored Map","Colored Powertips","DeckTracker","Minty Spire (QoL Compilation)","Rare Cards Sparkle"],"gold_per_floor":[112,130,23,35,49,49,76,76,76,2,14,14,27,42,42,146,196,208,228,241,112,124,124,124],"floor_reached":23,"language":"KOR","playtime":709,"items_purged":["Strike_P"],"score":197,"play_id":"f8a63c81-cb89-43a1-9cc1-f8ab7a7b840d","local_time":"20210121234839","is_ascension_mode":false,"campfire_choices":[{"data":"Eruption","floor":6,"key":"SMITH"},{"data":"SashWhip","floor":12,"key":"SMITH"},{"floor":15,"key":"REST"}],"circlet_count":0,"master_deck":["Strike_P","Strike_P","Strike_P","Defend_P","Defend_P","Defend_P","Defend_P","Eruption+1","Vigilance","FollowUp+1","EmptyFist","BattleHymn","Crescendo+1","EmptyMind","Vengeance","EmptyBody","Consecrate","SashWhip+1","Wallop","Establishment","DevaForm","EmptyFist","BowlingBash","InnerPeace","CutThroughFate","FlurryOfBlows","Indignation+1"],"relics":["PureWater","NeowsBlessing","Matryoshka","Pen Nib","Gremlin Horn","Tiny House"],"acts_visited":["Exordium","TheCity"],"potions_floor_usage":[13,17,22],"damage_taken":[{"damage":0,"enemies":"Cultist","floor":1,"turns":1},{"damage":0,"enemies":"2 Louse","floor":2,"turns":1},{"damage":0,"enemies":"Small Slimes","floor":4,"turns":1},{"damage":7,"enemies":"Looter","floor":5,"turns":3},{"damage":28,"enemies":"Lagavulin","floor":7,"turns":6},{"damage":8,"enemies":"Lots of Slimes","floor":11,"turns":2},{"damage":9,"enemies":"3 Louse","floor":13,"turns":2},{"damage":0,"enemies":"Gremlin Gang","floor":14,"turns":1},{"damage":25,"enemies":"Slime Boss","floor":16,"turns":5},{"damage":16,"enemies":"Shell Parasite","floor":18,"turns":3},{"damage":10,"enemies":"3 Byrds","floor":19,"turns":4},{"damage":25,"enemies":"Shelled Parasite and Fungi","floor":20,"turns":3},{"damage":18,"enemies":"Snake Plant","floor":22,"turns":3},{"damage":51,"enemies":"Snecko","floor":23,"turns":4}],"seed_played":"7442802311096552893","potions_obtained":[{"floor":2,"key":"Weak Potion"},{"floor":4,"key":"BottledMiracle"},{"floor":5,"key":"BlessingOfTheForge"},{"floor":17,"key":"Fruit Juice"},{"floor":18,"key":"Weak Potion"}],"is_trial":false,"path_per_floor":["M","M","$","M","M","R","E","?","T","$","M","R","M","M","R","B",null,"M","M","M","$","M","M"],"character_chosen":"WATCHER","items_purchased":["BattleHymn","Crescendo","EmptyBody","Consecrate","FlurryOfBlows"],"campfire_rested":1,"item_purchase_floors":[3,3,10,10,21],"current_hp_per_floor":[72,72,72,72,65,65,37,37,37,37,29,29,20,20,41,16,82,66,56,31,31,13,0,0],"gold":124,"neow_bonus":"THREE_ENEMY_KILL","is_daily":false,"chose_seed":false,"campfire_upgraded":2,"win_rate":0.0,"timestamp":1611240519,"path_taken":["M","M","$","M","M","R","E","?","T","$","?","R","M","M","R","BOSS","M","M","M","$","M","M"],"items_purchased_type":["Card","Card","Card","Card","Card"],"build_version":"2020-12-22","purchased_purges":1,"victory":false,"max_hp_per_floor":[72,72,72,72,72,72,72,72,72,72,72,72,72,72,72,72,82,82,82,82,82,82,82,82],"card_choices":[{"not_picked":["Protect","Weave"],"picked":"FollowUp","floor":1},{"not_picked":["Prostrate","FlurryOfBlows"],"picked":"EmptyFist","floor":2},{"not_picked":["CarveReality","PathToVictory","Nirvana"],"picked":"SKIP","floor":4},{"not_picked":["WheelKick","Crescendo"],"picked":"EmptyMind","floor":5},{"not_picked":["Crescendo","SashWhip"],"picked":"Vengeance","floor":7},{"not_picked":["CrushJoints","PathToVictory"],"picked":"SashWhip","floor":11},{"not_picked":["Worship","SandsOfTime"],"picked":"Wallop","floor":13},{"not_picked":["DeceiveReality","BowlingBash"],"picked":"Establishment","floor":14},{"not_picked":["LessonLearned","ConjureBlade"],"picked":"DevaForm","floor":16},{"not_picked":["Meditate","Crescendo"],"picked":"EmptyFist","floor":17},{"not_picked":["Conclude","Prostrate"],"picked":"BowlingBash","floor":18},{"not_picked":["CutThroughFate","Vengeance+1"],"picked":"InnerPeace","floor":19},{"not_picked":["Prostrate","PathToVictory"],"picked":"CutThroughFate","floor":20},{"not_picked":["WaveOfTheHand","Prostrate"],"picked":"Indignation+1","floor":22}],"player_experience":73709,"relics_obtained":[{"floor":7,"key":"Matryoshka"},{"floor":9,"key":"Pen Nib"},{"floor":9,"key":"Gremlin Horn"}],"event_choices":[{"damage_healed":0,"gold_gain":0,"player_choice":"Upgraded","damage_taken":0,"max_hp_gain":0,"max_hp_loss":0,"event_name":"Upgrade Shrine","floor":8,"gold_loss":0,"cards_upgraded":["Crescendo"]}],"is_beta":false,"boss_relics":[{"not_picked":["Runic Dome","Cursed Key"],"picked":"Tiny House"}],"items_purged_floors":[21],"is_endless":false,"potions_floor_spawned":[2,4,5,7,18],"killed_by":"Snecko","ascension_level":0}}