{"host":"och2iitg9ibgz06n","time":1611261530,"event":{"mods":["Abigail Mod","AchievementEnabler","Aspiration","BaseMod","Colored Powertips","Dio Mod","Hubris","Hyrulean Relics","Infinite Spire","Minty Spire (QoL Compilation)","Replay The Spire","Small Relic Pack","StSLib","The Animator","The Bug Knight","The Hierophant","The Jungle","The Saiyan","TheHero","Wandering Minibosses","everything is the same but u backflip on backflip","slay the spire mod where everything is the same but ironclad has a cowboy hat","vexMod"],"gold_per_floor":[113,126,143,155,27,62,78,78,78,90,103,136,136],"floor_reached":12,"language":"ENG","playtime":545,"items_purged":[],"score":103,"play_id":"12008cf6-4bf1-41b9-96fe-f4bdc09c8b14","local_time":"20210121143850","is_ascension_mode":true,"campfire_choices":[{"floor":8,"key":"REST"}],"circlet_count":0,"master_deck":["Strike_P","Strike_P","Strike_P","Strike_P","Defend_P","Defend_P","Defend_P","Defend_P","Eruption","Vigilance","EmptyFist","Vengeance","Consecrate","ClearTheMind","SashWhip","Wallop","Vault","JustLucky","Conclude","TalkToTheHand","EmptyFist"],"relics":["PureWater","Bag of Preparation","Replay:Arrowhead","Replay:Baseball"],"acts_visited":["Exordium"],"potions_floor_usage":[2],"damage_taken":[{"damage":3,"enemies":"Small Slimes","floor":1,"turns":4},{"damage":7,"enemies":"Jaw Worm","floor":2,"turns":2},{"damage":0,"enemies":"2 Louse","floor":3,"turns":3},{"damage":0,"enemies":"Large Slime","floor":4,"turns":4},{"damage":61,"enemies":"Gremlin Nob","floor":6,"turns":4},{"damage":0,"enemies":"3 Louse","floor":7,"turns":4},{"damage":6,"enemies":"Looter","floor":10,"turns":3},{"damage":0,"enemies":"Blue Slaver","floor":11,"turns":3},{"damage":16,"enemies":"3 Sentries","floor":12,"turns":6}],"seed_played":"5799327140422737580","potions_obtained":[{"floor":2,"key":"Fruit Juice"},{"floor":3,"key":"BlessingOfTheForge"},{"floor":11,"key":"SpeedPotion"}],"is_trial":false,"path_per_floor":["M","M","M","M","$","E","M","R","T","M","M","E"],"character_chosen":"WATCHER","items_purchased":["SashWhip","Wallop"],"campfire_rested":1,"item_purchase_floors":[5,5],"current_hp_per_floor":[74,72,72,72,72,11,11,35,35,29,29,13,13],"gold":136,"neow_bonus":"RANDOM_EVENT","is_daily":false,"chose_seed":false,"campfire_upgraded":0,"win_rate":0.0,"timestamp":1611261530,"path_taken":["M","M","M","M","$","E","M","R","T","M","M","E"],"items_purchased_type":["Card","Card"],"build_version":"2020-12-22","purchased_purges":0,"victory":false,"max_hp_per_floor":[77,82,82,82,82,82,82,82,82,82,82,82,82],"card_choices":[{"not_picked":["CarveReality","InnerPeace"],"picked":"EmptyFist","floor":1},{"not_picked":["Nirvana","Replay:BluntJabs"],"picked":"Vengeance","floor":2},{"not_picked":["CutThroughFate","Nirvana"],"picked":"Consecrate","floor":3},{"not_picked":["Protect","JustLucky"],"picked":"ClearTheMind","floor":4},{"not_picked":["Fasting2","FlyingSleeves"],"picked":"Vault","floor":6},{"not_picked":["ClearTheMind","Nirvana"],"picked":"JustLucky","floor":7},{"not_picked":["EmptyFist","Replay:Vibes"],"picked":"Conclude","floor":10},{"not_picked":["Replay:Anticipation","EmptyMind"],"picked":"TalkToTheHand","floor":11},{"not_picked":["Wireheading","SashWhip"],"picked":"EmptyFist","floor":12}],"player_experience":439333,"relics_obtained":[{"floor":6,"key":"Bag of Preparation"},{"floor":9,"key":"Replay:Arrowhead"},{"floor":12,"key":"Replay:Baseball"}],"event_choices":[{"damage_healed":0,"gold_gain":0,"player_choice":"Donut","damage_taken":0,"max_hp_gain":5,"max_hp_loss":0,"event_name":"Big Fish","floor":0,"gold_loss":0}],"is_beta":false,"boss_relics":[],"items_purged_floors":[],"is_endless":false,"potions_floor_spawned":[2,3,11],"killed_by":"3 Sentries","ascension_level":2}}