{"host":"fkig9nrckec4xsh0","time":1611260047,"event":{"mods":["BaseMod","Colored Map","Minty Spire (QoL Compilation)","Quick Restart","Replay The Spire","StSLib"],"gold_per_floor":[359,359,359,372,522,522,557,46,97,97,97,97,135,155,155,251,251,276,276,276,77,77,77,102,140,140,140,179,54,76,106,106,120,120],"floor_reached":33,"language":"ENG","playtime":1284,"items_purged":["Doubt","Decay","Injury"],"score":574,"play_id":"5e7ea5ac-fd34-4ca0-ba1a-790c68c92a33","local_time":"20210121151407","is_ascension_mode":true,"campfire_choices":[{"data":"Pommel Strike","floor":6,"key":"SMITH"},{"data":"Havoc","floor":12,"key":"SMITH"},{"data":"Feel No Pain","floor":15,"key":"SMITH"},{"data":"Hemogenesis","floor":23,"key":"SMITH"},{"data":"True Grit","floor":27,"key":"SMITH"},{"floor":32,"key":"DIG"}],"circlet_count":0,"master_deck":["AscendersBane","Strike_R","Strike_R","Strike_R","Strike_R","Defend_R","Defend_R","Defend_R","Defend_R","Bash","Hemokinesis","Reaper+1","Pommel Strike+1","Havoc+1","Feel No Pain+1","Warcry","Hemogenesis+1","ReplayTheSpireMod:Strike From Hell","RitualDagger","True Grit+1","Rupture","Pommel Strike","Demon Form","Combust"],"relics":["Burning Blood","Question Card","Red Skull","ClockworkSouvenir","Replay:Bottled Snecko","Replay:Baseball","Golden Idol","Pen Nib","Busted Crown","MutagenicStrength","Bronze Scales","Iron Hammer","Replay:Kaleidoscope","Replay:Bandana","Blood Vial"],"acts_visited":["Exordium","TheCity"],"potions_floor_usage":[13,16,33,33],"damage_taken":[{"damage":14,"enemies":"Jaw Worm","floor":1,"turns":4},{"damage":3,"enemies":"Cultist","floor":4,"turns":3},{"damage":58,"enemies":"Gremlin Nob","floor":7,"turns":5},{"damage":33,"enemies":"3 Sentries","floor":13,"turns":6},{"damage":2,"enemies":"2 Louse","floor":14,"turns":2},{"damage":39,"enemies":"Hexaghost","floor":16,"turns":8},{"damage":30,"enemies":"Spheric Guardian","floor":18,"turns":6},{"damage":23,"enemies":"Book of Stabbing","floor":25,"turns":4},{"damage":57,"enemies":"Gremlin Leader","floor":28,"turns":6},{"damage":0,"enemies":"Chosen","floor":30,"turns":2},{"damage":2,"enemies":"Snecko","floor":31,"turns":2},{"damage":80,"enemies":"Collector","floor":33,"turns":5}],"seed_played":"-5157363899230721134","potions_obtained":[{"floor":1,"key":"BloodPotion"},{"floor":7,"key":"LiquidMemories"},{"floor":13,"key":"Cursed Concoction"},{"floor":16,"key":"Ancient Potion"},{"floor":25,"key":"LiquidBronze"},{"floor":30,"key":"SteroidPotion"}],"is_trial":false,"path_per_floor":["M","?","?","M","?","R","E","$","T","?","?","R","E","M","R","B",null,"M","?","?","$","?","R","T","E","T","R","E","$","M","M","R_BF","B"],"character_chosen":"IRONCLAD","items_purchased":["ClockworkSouvenir","Replay:Bottled Snecko","True Grit","Rupture"],"campfire_rested":0,"item_purchase_floors":[8,8,21,21],"current_hp_per_floor":[60,60,60,63,63,63,16,16,16,16,16,16,13,33,33,33,59,40,34,34,34,34,34,34,39,39,39,32,32,38,54,54,0,0],"gold":120,"neow_bonus":"TWO_FIFTY_GOLD","is_daily":false,"chose_seed":false,"campfire_upgraded":5,"win_rate":0.0,"timestamp":1611260047,"path_taken":["M","?","?","?","?","R","E","$","T","?","?","R","E","?","R","BOSS","M","?","?","$","?","R","?","E","T","R","E","?","M","M","R_BF","BOSS"],"items_purchased_type":["Relic","Relic","Card","Card"],"build_version":"2020-12-22","purchased_purges":3,"victory":false,"max_hp_per_floor":[68,68,68,68,68,68,68,68,68,68,68,68,68,68,68,68,68,68,68,68,68,68,68,68,68,68,68,68,68,68,68,68,68,68],"card_choices":[{"not_picked":["Seeing Red","ReplayTheSpireMod:Corrosion Curse"],"picked":"Hemokinesis","floor":1},{"not_picked":["Uppercut","Headbutt","Run Through"],"picked":"Pommel Strike","floor":4},{"not_picked":["Life Link","Combust","Run Through"],"picked":"Havoc","floor":7},{"not_picked":["Anger","Fire Breathing","Life Link"],"picked":"Feel No Pain","floor":13},{"not_picked":["ReplayTheSpireMod:Corrosion Curse","Wild Strike","Abandon"],"picked":"Warcry","floor":14},{"not_picked":["Limit Break","Offering","Exhume"],"picked":"Hemogenesis","floor":16},{"not_picked":["ReplayTheSpireMod:Strike From Hell","Clash+1"],"picked":"SKIP","floor":18},{"not_picked":["Clash+1"],"picked":"ReplayTheSpireMod:Strike From Hell","floor":18},{"not_picked":["True Grit"],"picked":"Pommel Strike","floor":25},{"not_picked":["Spot Weakness"],"picked":"Demon Form","floor":28},{"not_picked":["Whirlwind+1","Heavy Blade"],"picked":"SKIP","floor":30},{"not_picked":["Headbutt"],"picked":"Combust","floor":31}],"player_experience":377948,"relics_obtained":[{"floor":7,"key":"Red Skull"},{"floor":9,"key":"Replay:Baseball"},{"floor":13,"key":"Pen Nib"},{"floor":24,"key":"Bronze Scales"},{"floor":25,"key":"Iron Hammer"},{"floor":26,"key":"Replay:Kaleidoscope"},{"floor":28,"key":"Replay:Bandana"},{"floor":32,"key":"Blood Vial"}],"event_choices":[{"damage_healed":0,"gold_gain":0,"player_choice":"Gave Potion","damage_taken":0,"relics_obtained":["Question Card"],"max_hp_gain":0,"max_hp_loss":0,"event_name":"WeMeetAgain","floor":3,"gold_loss":0},{"damage_healed":0,"gold_gain":150,"player_choice":"AGREE","damage_taken":0,"max_hp_gain":0,"max_hp_loss":0,"event_name":"Liars Game","floor":5,"gold_loss":0,"cards_obtained":["Doubt"]},{"damage_healed":0,"gold_gain":0,"player_choice":"Take Wound","damage_taken":0,"relics_obtained":["Golden Idol"],"max_hp_gain":0,"max_hp_loss":0,"event_name":"Golden Idol","floor":10,"gold_loss":0,"cards_obtained":["Injury"]},{"damage_healed":0,"gold_gain":0,"player_choice":"Cursed","damage_taken":0,"max_hp_gain":0,"max_hp_loss":0,"event_name":"Wheel of Change","floor":11,"gold_loss":0,"cards_obtained":["Decay"]},{"damage_healed":0,"gold_gain":0,"player_choice":"Joined the Cult","damage_taken":6,"max_hp_gain":0,"max_hp_loss":0,"event_name":"Nest","floor":19,"gold_loss":0,"cards_obtained":["RitualDagger"]},{"damage_healed":0,"gold_gain":0,"player_choice":"Ignored","damage_taken":0,"max_hp_gain":0,"max_hp_loss":0,"event_name":"Ghosts","floor":20,"gold_loss":0},{"damage_healed":0,"gold_gain":0,"player_choice":"Inject Mutagens","damage_taken":0,"relics_obtained":["MutagenicStrength"],"max_hp_gain":0,"max_hp_loss":0,"event_name":"Drug Dealer","floor":22,"gold_loss":0}],"is_beta":false,"boss_relics":[{"not_picked":["Honey Jar","Replay:Ancient Bell"],"picked":"Busted Crown"}],"items_purged_floors":[8,21,29],"is_endless":false,"potions_floor_spawned":[1,7,13,16,25,30],"killed_by":"Collector","ascension_level":20}}