{"host":"gk9qdtkqd8dwfeg2","time":1611214933,"event":{"mods":["Act Like it!","Aspiration","BaseMod","Colored Powertips","KomeijiMod","Minty Spire (QoL Compilation)","Quick Restart","Replay The Spire","Shop Mod","StSLib","TestMod","The Gatherer","The Servant 0.9.4","Waifu the Spire","WarShipGirlsR/战舰少女R mod","Yuri Mod","【遗物卡牌】REMEMod"],"gold_per_floor":[113,188,188,188,20,49,61,61,84,99,130,55,66,76,76,150,150,164,194,194,206,2,35,35,62,62,81,81,1,28,28,28,103,103,114,114,94,94,106,140,140,169,195,195,295,295,306,528,528,528,528],"floor_reached":50,"language":"ZHS","playtime":1965,"items_purged":["Strike_G","Parasite","Strike_G"],"score":1334,"play_id":"a1a844ba-8a8e-4f94-a18c-d283fbad4858","local_time":"20210121154213","is_ascension_mode":true,"campfire_choices":[{"data":"REME_ShadowForm","floor":8.0,"key":"SMITH"},{"data":"Poison Darts","floor":15.0,"key":"SMITH"},{"floor":24.0,"key":"REST"},{"floor":28.0,"key":"REST"},{"data":"Acrobatics","floor":32.0,"key":"SMITH"},{"data":"Replay:Bag of Tricks","floor":41.0,"key":"SMITH"},{"data":"Atom Bomb","floor":46.0,"key":"SMITH"},{"floor":49.0,"key":"RECALL"}],"circlet_count":0,"master_deck":["AscendersBane","Defend_G","Defend_G","Defend_G","Survivor","Neutralize","REME_ShadowForm+1","Hallucinations","Poison Darts+1","Acrobatics+1","Noxious Fumes","Hidden Blade","Blade Dance","Catalyst+1","Grand Finale","REME_GreenPollution","Replay:Bag of Tricks+1","Atom Bomb+1"],"relics":["Ring of the Snake","testmod-TestBox","REME_ComplimentaryCards","testmod-EnergyCheck","Ring of Panic","Potion Belt","White Beast Statue","MerchantsRug","testmod-CasingShield","Replay:Rubber Ducky","Meat on the Bone","Toy Ornithopter","PreservedInsect","Red Mask","Nloth\u0027s Gift","Coffee Dripper","Gremlin Horn","testmod-ObsoleteBoomerang","Chameleon Ring"],"acts_visited":["Exordium","TheCity","TheBeyond"],"potions_floor_usage":[50,50,50,50,50,50,50],"damage_taken":[{"damage":0.0,"enemies":"Jaw Worm","floor":1.0,"turns":1.0},{"damage":0.0,"enemies":"Gremlin Nob","floor":6.0,"turns":1.0},{"damage":0.0,"enemies":"Small Slimes","floor":7.0,"turns":1.0},{"damage":0.0,"enemies":"Cultist","floor":10.0,"turns":3.0},{"damage":0.0,"enemies":"3 Sentries","floor":11.0,"turns":5.0},{"damage":0.0,"enemies":"Exordium Thugs","floor":13.0,"turns":4.0},{"damage":7.0,"enemies":"Lots of Slimes","floor":14.0,"turns":3.0},{"damage":37.0,"enemies":"Hexaghost","floor":16.0,"turns":9.0},{"damage":28.0,"enemies":"2 Thieves","floor":18.0,"turns":4.0},{"damage":0.0,"enemies":"Shell Parasite","floor":21.0,"turns":5.0},{"damage":38.0,"enemies":"Book of Stabbing","floor":23.0,"turns":5.0},{"damage":20.0,"enemies":"Slavers","floor":25.0,"turns":3.0},{"damage":17.0,"enemies":"Shelled Parasite and Fungi","floor":27.0,"turns":3.0},{"damage":0.0,"enemies":"Masked Bandits","floor":30.0,"turns":2.0},{"damage":50.0,"enemies":"Pondfish","floor":33.0,"turns":6.0},{"damage":0.0,"enemies":"Orb Walker","floor":35.0,"turns":4.0},{"damage":15.0,"enemies":"3 Shapes","floor":39.0,"turns":4.0},{"damage":0.0,"enemies":"Reptomancer","floor":40.0,"turns":3.0},{"damage":8.0,"enemies":"R_Hoarder","floor":42.0,"turns":3.0},{"damage":0.0,"enemies":"Transient","floor":47.0,"turns":5.0},{"damage":90,"enemies":"Awakened One","floor":50,"turns":6}],"seed_played":"5001928120325473774","potions_obtained":[{"floor":1.0,"key":"Regen Potion"},{"floor":3.0,"key":"Dexterity Potion"},{"floor":3.0,"key":"testmod-SpacePotion"},{"floor":3.0,"key":"testmod-SpacePotion"},{"floor":6.0,"key":"BlessingOfTheForge"},{"floor":7.0,"key":"Fire Potion"},{"floor":10.0,"key":"Dexterity Potion"},{"floor":11.0,"key":"Reflective Coating"},{"floor":13.0,"key":"CalmPotion"},{"floor":14.0,"key":"Dexterity Potion"},{"floor":16.0,"key":"LiquidBronze"},{"floor":18.0,"key":"Energy Potion"},{"floor":21.0,"key":"PowerPotion"},{"floor":23.0,"key":"SteroidPotion"},{"floor":25.0,"key":"LiquidMemories"},{"floor":27.0,"key":"Reflective Coating"},{"floor":30.0,"key":"Venom Potion"},{"floor":33.0,"key":"Dexterity Potion"},{"floor":35.0,"key":"Milkshake"},{"floor":39.0,"key":"SkillPotion"},{"floor":40.0,"key":"JyouchiReiPotion"},{"floor":42.0,"key":"PowerPotion"},{"floor":44.0,"key":"Milkshake"},{"floor":44.0,"key":"ExcitationPotion"},{"floor":47.0,"key":"Adrenaline Potion"}],"is_trial":false,"path_per_floor":["M","?","?","?","$","E","M","R","T","M","E","$","M","M","R","B",null,"M","$","?","M","$","E","R","E","T","M","R","$","?","?","R","B",null,"M","T","$","?","M","E","R","E","T","R","?","R","M","?","R","B"],"character_chosen":"THE_SILENT","items_purchased":["MerchantsRug","testmod-SpacePotion","DistilledChaos","REME_GreenPollution"],"campfire_rested":2,"item_purchase_floors":[5,22,29,37],"current_hp_per_floor":[59,48,48,48,48,48,48,48,48,48,48,48,48,41,41,31,56,40,40,40,40,40,14,32,29,29,29,47,47,52,52,52,19,51,56,56,61,61,46,56,56,53,53,53,53,53,58,58,58,0,0],"gold":528,"neow_bonus":"THREE_ENEMY_KILL","is_daily":false,"chose_seed":false,"campfire_upgraded":5,"win_rate":0.0,"timestamp":1611214933,"path_taken":["M","?","?","?","$","E","M","R","T","?","E","?","M","M","R","BOSS","M","?","?","M","?","E","R","E","T","M","R","$","?","?","R","BOSS","M","?","$","?","?","E","R","E","T","R","?","R","M","?","R","BOSS"],"items_purchased_type":["Relic","Potion","Potion","Card"],"build_version":"2020-12-22","purchased_purges":3,"victory":false,"max_hp_per_floor":[66,66,66,66,66,66,66,66,66,64,64,64,64,64,64,64,64,64,61,61,61,61,61,61,61,61,61,61,61,61,61,61,61,61,61,61,61,61,61,61,61,61,61,61,61,61,61,61,61,61,61],"card_choices":[{"not_picked":["Choke","Quick Slash","Sucker Punch"],"picked":"SKIP","floor":1.0},{"not_picked":["Prepared","Sucker Punch"],"picked":"Acrobatics","floor":6.0},{"not_picked":["Blur","ReplayTheSpireMod:Tripwire","Fluid Movement"],"picked":"SKIP","floor":7.0},{"not_picked":["Sucker Punch","Poisoned Stab","Deadly Poison"],"picked":"SKIP","floor":10.0},{"not_picked":["Unload","Hidden Blade"],"picked":"Noxious Fumes","floor":11.0},{"not_picked":["Sucker Punch","Backflip"],"picked":"Hidden Blade","floor":13.0},{"not_picked":["Underhanded Strike","Outmaneuver"],"picked":"Blade Dance","floor":14.0},{"not_picked":["ReplayTheSpireMod:Shiv Toss","Outmaneuver+1","Underhanded Strike"],"picked":"SKIP","floor":18.0},{"not_picked":["Quick Slash","Replay:Poison Smokescreen+1"],"picked":"Catalyst+1","floor":21.0},{"not_picked":["Bane","Blade Dance","Poisoned Stab"],"picked":"SKIP","floor":23.0},{"not_picked":["ReplayTheSpireMod:Speed Training+1","Dodge and Roll+1","Sucker Punch"],"picked":"SKIP","floor":25.0},{"not_picked":["Sucker Punch+1","Dagger Throw"],"picked":"Grand Finale","floor":27.0},{"not_picked":["Cloak And Dagger","Dagger Spray","Infinite Blades"],"picked":"SKIP","floor":35.0},{"not_picked":["Calculated Gamble+1","Cloak And Dagger","A Thousand Cuts"],"picked":"SKIP","floor":39.0},{"not_picked":["Predator","Endless Agony","Poisoned Stab"],"picked":"SKIP","floor":40.0},{"not_picked":["ReplayTheSpireMod:Speed Training+1","Dagger Throw"],"picked":"Atom Bomb","floor":42.0},{"not_picked":["Dash","Backflip","Caltrops"],"picked":"SKIP","floor":47.0}],"player_experience":671686,"relics_obtained":[{"floor":3.0,"key":"ReplayTheSpireMod:Ring of Addiction"},{"floor":3.0,"key":"Ring of Panic"},{"floor":3.0,"key":"Potion Belt"},{"floor":3.0,"key":"White Beast Statue"},{"floor":6.0,"key":"testmod-CasingShield"},{"floor":9.0,"key":"Replay:Rubber Ducky"},{"floor":11.0,"key":"Meat on the Bone"},{"floor":23.0,"key":"Toy Ornithopter"},{"floor":25.0,"key":"PreservedInsect"},{"floor":26.0,"key":"InkBottle"},{"floor":30.0,"key":"Red Mask"},{"floor":36.0,"key":"Gremlin Horn"},{"floor":40.0,"key":"testmod-ObsoleteBoomerang"},{"floor":42.0,"key":"Chameleon Ring"}],"event_choices":[{"damage_healed":0.0,"max_hp_gain":0.0,"max_hp_loss":0.0,"gold_gain":75.0,"event_name":"World of Goop","player_choice":"Gather Gold","floor":2.0,"gold_loss":0.0,"damage_taken":11.0},{"damage_healed":0.0,"max_hp_gain":0.0,"max_hp_loss":0.0,"gold_gain":0.0,"event_name":"Match and Keep!","player_choice":"1 cards matched","floor":4.0,"gold_loss":0.0,"damage_taken":0.0,"cards_obtained":["Poison Darts"]},{"cards_removed":["Clumsy"],"damage_healed":0.0,"max_hp_gain":0.0,"max_hp_loss":0.0,"gold_gain":0.0,"event_name":"Back to Basics","player_choice":"Elegance","floor":20.0,"gold_loss":0.0,"damage_taken":0.0},{"damage_healed":0.0,"max_hp_gain":0.0,"max_hp_loss":0.0,"gold_gain":0.0,"event_name":"Masked Bandits","player_choice":"Fought Bandits","floor":30.0,"gold_loss":0.0,"damage_taken":0.0},{"damage_healed":0.0,"max_hp_gain":0.0,"max_hp_loss":0.0,"gold_gain":0.0,"event_name":"N\u0027loth","player_choice":"Traded Relic","floor":31.0,"relics_lost":["NeowsBlessing"],"gold_loss":0.0,"damage_taken":0.0,"relics_obtained":["Nloth\u0027s Gift"]},{"damage_healed":0.0,"max_hp_gain":0.0,"max_hp_loss":0.0,"gold_gain":0.0,"event_name":"Match and Keep!","player_choice":"1 cards matched","floor":38.0,"gold_loss":0.0,"damage_taken":0.0,"cards_obtained":["Replay:Bag of Tricks"]},{"damage_healed":0.0,"max_hp_gain":0.0,"max_hp_loss":0.0,"gold_gain":100.0,"event_name":"恩洛斯的盘子","player_choice":"Sell","floor":45.0,"relics_lost":["ReplayTheSpireMod:Ring of Addiction"],"gold_loss":0.0,"damage_taken":0.0},{"damage_healed":0.0,"max_hp_gain":0.0,"max_hp_loss":0.0,"gold_gain":222.0,"event_name":"Tomb of Lord Red Mask","player_choice":"Wore Mask","floor":48.0,"gold_loss":0.0,"damage_taken":0.0}],"is_beta":false,"boss_relics":[{"not_picked":["REME_DuelDisc","SlaversCollar"],"picked":"Kintsugi"},{"not_picked":["Honey Jar","Replay:Bronze Core"],"picked":"Coffee Dripper"}],"items_purged_floors":[12,19,22],"is_endless":false,"potions_floor_spawned":[1,6,7,10,11,13,14,16,18,21,23,25,27,30,33,35,39,40,42,47],"killed_by":"Awakened One","ascension_level":20}}