{"host":"k2mw1od0xoi9pcfj","time":1611200420,"event":{"mods":["Act Like it!","Aspiration","BaseMod","Downfall","Energized Spire","Hermit","Highlight Path","Minty Spire (QoL Compilation)","Permanent Neow","Relic Stats","Retaliation","StSLib","TheHeartMod"],"gold_per_floor":[367,367,367,247,262,296,324,351,363,375,375],"floor_reached":10,"language":"ENG","playtime":587,"items_purged":[],"score":68,"play_id":"010dac49-b5ec-468d-bfed-0bfd0657cdac","local_time":"20210120214020","is_ascension_mode":false,"campfire_choices":[],"circlet_count":0,"master_deck":["hermit:Strike_Hermit","hermit:Strike_Hermit","hermit:Strike_Hermit","hermit:Strike_Hermit","hermit:Defend_Hermit+1","hermit:Defend_Hermit","hermit:Defend_Hermit","hermit:Defend_Hermit","hermit:Snapshot","hermit:Covet","hermit:SprayPray","hermit:Determination","hermit:Dive","hermit:Malice"],"relics":["hermit:Momento","MawBank","White Beast Statue"],"acts_visited":["Exordium"],"potions_floor_usage":[6,7],"damage_taken":[{"damage":0,"enemies":"Small Slimes","floor":1,"turns":2},{"damage":9,"enemies":"Jaw Worm","floor":5,"turns":4},{"damage":37,"enemies":"3 Sentries","floor":6,"turns":11},{"damage":0,"enemies":"Cultist","floor":7,"turns":4},{"damage":0,"enemies":"Large Slime","floor":8,"turns":5},{"damage":24,"enemies":"Gremlin Nob","floor":10,"turns":3}],"seed_played":"5781851861567769492","potions_obtained":[{"floor":5,"key":"Guardian:BlockOnCardUsePotion"},{"floor":6,"key":"Guardian:BlockOnCardUsePotion"}],"is_trial":false,"path_per_floor":["M","?","T","$","M","E","M","M","T","E"],"character_chosen":"HERMIT","items_purchased":["hermit:Determination","hermit:Dive"],"campfire_rested":0,"item_purchase_floors":[4,4],"current_hp_per_floor":[54,54,54,54,45,8,8,8,8,0,0],"gold":375,"neow_bonus":"TWO_FIFTY_GOLD","is_daily":false,"chose_seed":false,"campfire_upgraded":0,"win_rate":0.0,"timestamp":1611200420,"path_taken":["M","?","?","$","M","E","M","M","T","E"],"items_purchased_type":["Card","Card"],"build_version":"2020-12-22","purchased_purges":0,"victory":false,"max_hp_per_floor":[75,75,75,75,75,75,75,75,75,75,75],"relic_stats":{"counters":[6,29],"MawBank":48,"obtain_stats":[{"MawBank":6,"hermit:Momento":0,"White Beast Statue":9},{"MawBank":3,"hermit:Momento":0,"White Beast Statue":5},{"MawBank":17,"hermit:Momento":0,"White Beast Statue":26}]},"card_choices":[{"not_picked":["hermit:Roulette","hermit:Gestalt"],"picked":"hermit:SprayPray","floor":1},{"not_picked":["hermit:LowProfile","hermit:Ricochet","hermit:TrackingShot"],"picked":"SKIP","floor":5},{"not_picked":["hermit:Coalescence","hermit:Misfire","hermit:Manifest"],"picked":"SKIP","floor":6},{"not_picked":["hermit:Showdown","hermit:EyeOfTheStorm"],"picked":"hermit:Malice","floor":7},{"not_picked":["hermit:Feint","hermit:Snipe","hermit:WideOpen"],"picked":"SKIP","floor":8}],"player_experience":777596,"relics_obtained":[{"floor":6,"key":"MawBank"},{"floor":9,"key":"White Beast Statue"}],"event_choices":[{"damage_healed":0,"gold_gain":0,"player_choice":"Grow","damage_taken":0,"max_hp_gain":0,"max_hp_loss":0,"event_name":"Living Wall","floor":2,"gold_loss":0,"cards_upgraded":["hermit:Defend_Hermit"]}],"is_beta":false,"boss_relics":[],"items_purged_floors":[],"is_endless":false,"potions_floor_spawned":[5,6],"killed_by":"Gremlin Nob","ascension_level":0}}