{"host":"tyeg9214rgutn7tb","time":1611261806,"event":{"mods":["BaseMod","Colored Map","Custom Start","Downfall","Minty Spire (QoL Compilation)","StSLib"],"gold_per_floor":[99,119,138,195,213,230,530,530,550,157,169,169,169,208,224,224,224,224],"floor_reached":16,"language":"ENG","playtime":767,"items_purged":["sneckomod:Strike"],"score":146,"play_id":"8bbda3d8-4527-4e0c-aadf-394c78b92b7f","local_time":"20210121214326","is_ascension_mode":true,"campfire_choices":[{"data":"sneckomod:Unknown","floor":1,"key":"SMITH"},{"floor":12,"key":"REST"}],"circlet_count":0,"master_deck":["sneckomod:Strike","sneckomod:Strike","sneckomod:Defend","sneckomod:Defend","sneckomod:Defend","sneckomod:TailWhip","sneckomod:SnekBite","sneckomod:Unknown+1","sneckomod:Unknown","sneckomod:DiceBlock","sneckomod:UnknownDraw","sneckomod:UnknownUncommonPower","sneckomod:DiceCrush","sneckomod:Unknown+1","sneckomod:UnknownColorless","sneckomod:UnknownColorless","sneckomod:UnknownBoss","sneckomod:SnekBeam+1","sneckomod:ImprovisedAttack","sneckomod:UnknownCommonSkill+1","sneckomod:UnknownVulnerable+1"],"relics":["bronze:MakeshiftBattery","Ice Cream","Old Coin","Membership Card","Bronze Scales","Toxic Egg 2"],"acts_visited":["Exordium"],"potions_floor_usage":[4,16,16],"damage_taken":[{"damage":1,"enemies":"2 Louse","floor":2,"turns":2},{"damage":0,"enemies":"Cultist","floor":3,"turns":2},{"damage":14,"enemies":"Gremlin Nob","floor":4,"turns":4},{"damage":0,"enemies":"Jaw Worm","floor":5,"turns":2},{"damage":6,"enemies":"Exordium Wildlife","floor":6,"turns":3},{"damage":34,"enemies":"Large Slime","floor":9,"turns":7},{"damage":2,"enemies":"downfall:FleeingMerchant","floor":10,"turns":4},{"damage":0,"enemies":"3 Louse","floor":11,"turns":3},{"damage":10,"enemies":"Gremlin Nob","floor":14,"turns":3},{"damage":9,"enemies":"Exordium Wildlife","floor":15,"turns":4},{"damage":34,"enemies":"WA_ARCHETYPE_RETAIN","floor":16,"turns":5}],"seed_played":"5081590736698468687","potions_obtained":[{"floor":3,"key":"Energy Potion"},{"floor":9,"key":"Dexterity Potion"},{"floor":11,"key":"sneckomod:MuddlingPotion"},{"floor":14,"key":"PowerPotion"}],"is_trial":false,"path_per_floor":["R","M","M","?","M","M","T","?","M","$","M","R","?","E","M","B"],"character_chosen":"THE_SNECKO","items_purchased":["Membership Card","Bronze Scales","sneckomod:UnknownBoss","sneckomod:SnekBeam"],"campfire_rested":1,"item_purchase_floors":[10,10,10,10],"current_hp_per_floor":[81,80,80,66,66,60,60,60,26,24,24,51,51,41,32,0,0,0],"gold":224,"neow_bonus":"BOSS_RELIC","is_daily":false,"chose_seed":false,"campfire_upgraded":1,"win_rate":0.0,"timestamp":1611261806,"path_taken":["R","M","M","?","M","M","T","?","M","$","?","R","?","E","M","BOSS"],"items_purchased_type":["Relic","Relic","Card","Card"],"build_version":"2020-12-22","purchased_purges":1,"victory":false,"max_hp_per_floor":[90,90,90,90,90,90,90,90,90,90,90,90,90,90,90,90,90,90],"card_choices":[{"not_picked":["sneckomod:DiceCrush","sneckomod:IronFang"],"picked":"sneckomod:DiceBlock","floor":2},{"not_picked":["sneckomod:UnknownClassPURPLE","sneckomod:UnknownCommonSkill"],"picked":"sneckomod:UnknownDraw","floor":3},{"not_picked":["sneckomod:Nope","sneckomod:UnknownCommonAttack"],"picked":"sneckomod:UnknownUncommonPower","floor":4},{"not_picked":["sneckomod:Nope","sneckomod:QuickBite","sneckomod:DefensiveFlair"],"picked":"SKIP","floor":5},{"not_picked":["sneckomod:DiceBlock","sneckomod:DefensiveFlair"],"picked":"sneckomod:DiceCrush","floor":6},{"not_picked":["sneckomod:UnknownClassPURPLE","sneckomod:UnknownClassBLUE"],"picked":"sneckomod:UnknownColorless","floor":9},{"not_picked":["sneckomod:UnknownClassRED","sneckomod:UnknownUncommonPower"],"picked":"sneckomod:UnknownColorless","floor":10},{"not_picked":["sneckomod:MasterEye","sneckomod:Transmogrify"],"picked":"sneckomod:ImprovisedAttack","floor":11},{"not_picked":["sneckomod:UnknownClassGUARDIAN+1","sneckomod:PureSnecko+1"],"picked":"sneckomod:UnknownCommonSkill+1","floor":14},{"not_picked":["sneckomod:UnendingSupply","sneckomod:UnknownClassTHE_BRONZE_AUTOMATON+1"],"picked":"sneckomod:UnknownVulnerable+1","floor":15}],"player_experience":708219,"relics_obtained":[{"floor":4,"key":"Ice Cream"},{"floor":7,"key":"Old Coin"},{"floor":14,"key":"Toxic Egg 2"}],"event_choices":[{"damage_healed":0,"gold_gain":0,"player_choice":"Grow","damage_taken":0,"max_hp_gain":0,"max_hp_loss":0,"event_name":"Living Wall","floor":13,"gold_loss":0,"cards_upgraded":["sneckomod:SnekBeam"]}],"is_beta":false,"boss_relics":[],"items_purged_floors":[10],"is_endless":false,"potions_floor_spawned":[3,9,11,14],"killed_by":"WA_ARCHETYPE_RETAIN","ascension_level":8}}