{"host":"qmnyg5dk1o6rw6mz","time":1611254933,"event":{"mods":["100% Spire Juice","2.2 Compatiblity","ATMod(ªü½@Mod)","AchievementEnabler","Act Like it!","AlwaysNeverKeys","Arknights The Spire","Ascension Reborn","Aspiration","Astrologer","BaseMod","Bestiary","Better Match","Better Note","BetterRewards","Challenge The Spire","Colored Map","Colored Powertips","Conjunction","Conspire","DeckTracker","Defuse TimeMaze Blight","Disable Question Mark Monsters","Energized Spire","Gensokyo","GifTheSpireLib","Gremlin Skip","Highlight Path","HololiveMod","HornydragonMod","Hubris","Hyrulean Relics","Infinite Spire","Jedi Mod","KomeijiMod","Marisa¡]Ãú«B¡@Å]²z¨F¡^","Mimic Mod","Minty Spire (QoL Compilation)","MostiFishMod","Pale of the Ancients","Permanent Neow","Quick Restart","Rare Cards Sparkle","Reimu¡]³Õ???¡^","Relic Filter","Relic Stats","Replay The Spire","Reworked Bosses","RumiaBox-ÅS¦Ì?ªº¯«¯µ²°¤l","SIMod","StSLib","Stuff the Spire","SuperFastMode","The Alterego","The Animator","The Cursed","The Gatherer","The Jungle","The Marked","The Runesmith","The Showman","Unceasing Turn Reminder","Unknown Chances","Useless Jewels Mod","Wandering Minibosses","Yuri Mod","vexMod","¡i¥\¯àMod¡j²V¨P¤§?­×Î`?¤B"],"gold_per_floor":[78,78,78,78,94,123,137,137,137,154,183,193,114,125,125,223,223,239,339,339,9,9,9,26,54,54,54,4,27,27,27,58,167,167,167,167,167,167,167,167,167,167,44,44,44,265,290,324,324,359,359,367,382,382,382,405,405,405,405],"floor_reached":58,"language":"ZHS","playtime":2395,"items_purged":[],"score":1375,"play_id":"d381dd2d-a220-4006-9fc2-b693f2e2493f","local_time":"20210122024853","is_ascension_mode":false,"campfire_choices":[{"data":"Hololive_Nanodesu","floor":8.0,"key":"SMITH"},{"data":"Hololive_MaximGun","floor":23.0,"key":"SMITH"},{"data":"Hololive_StarCraft","floor":27.0,"key":"SMITH"},{"data":"Hololive_Rebirth","floor":34.0,"key":"SMITH"},{"data":"Hololive_DurableLive","floor":42.0,"key":"SMITH"},{"floor":57.0,"key":"REST"}],"circlet_count":7,"master_deck":["Hololive_Strike","Hololive_Strike","Hololive_Defend","Hololive_Defend","Hololive_ManjiGathering","Hololive_CallAiraniIofifteen","Hololive_CallAZKi","Hololive_CallHoshimachiSuisei","Hololive_CallMoonaHoshinova","Hololive_CallYozoraMel","Hololive_Yoholoon","Hololive_CallAkiRosenthal","Hololive_Psychosis","infinitespire:DeathsTouch","Hololive_Rebound","Hololive_Nanodesu+1","Hololive_StrengthChampion","Hololive_CocoNews","Hololive_HighAtkLowDef+1","Hololive_Trident","Hololive_CallShishiroBotan","Hololive_CallOzoraSubaru+1","Hololive_CallTokinoSora+1","Hololive_MaximGun+1","Hololive_StrengthChampion+1","Hololive_CallOzoraSubaru+1","Hololive_CallOmaruPolka+1","Hololive_StarCraft+1","Pot Of Greed","Pot Of Greed","Pot Of Greed","Hololive_Rebirth+1","Hololive_RevenueBasedLive+1","Hololive_FlyingPonyTail+1","Hololive_CallShirakamiFubuki+1","Pot Of Greed","Hololive_Teleport+1","Hololive_Rebound+1","Hololive_Breathe+1","Hololive_CallOkamiMio+1","Hololive_HighAtkLowDef","StuffTheSpire:Vigor"],"relics":["Hololive_TheStar","AT_ATBox","DaveBox","conspire:TreasureMap","ReplayTheSpireMod:Ring of Sloth","Gensokyo:Justice","Replay:Wax Seal","infinitespire:PuzzleCube","Turnip","hubris:ScarierMask","Circlet","hubris:BundleOfHerbs","hubris:Towel","HandDrill","Gensokyo:ConquerorOfFear","Pocketwatch","hubris:TinFlute","Hololive_LightStick","hubris:TenFootPole","Replay:Baseball","jedi:ominousloannote","hubris:TerracottaHorce","conspire:Boomerang","wanderingMiniBosses:CarrionFlame","GoodDreamPillow","SentryEyes","vexMod:BarristanHead","Centennial Puzzle","vexMod:ImprovementManual","Iron Hammer","paleoftheancients:Timepiece","paleoftheancients:KeyRelic","Bronze Scales","CultistMask","paleoftheancients:SoulOfTheCollector"],"acts_visited":["Exordium","Gensokyo:Gensokyo","Gensokyo:Gensokyoer","Gensokyo:Gensokyoest"],"potions_floor_usage":[],"damage_taken":[{"damage":0.0,"enemies":"Gensokyo:Python","floor":1.0,"turns":2.0},{"damage":0.0,"enemies":"Gensokyo:3_Fairies","floor":5.0,"turns":3.0},{"damage":0.0,"enemies":"Gensokyo:Mamizou","floor":6.0,"turns":4.0},{"damage":0.0,"enemies":"Gensokyo:2_Kodama","floor":7.0,"turns":2.0},{"damage":0.0,"enemies":"Gensokyo:Gryphon_and_Rabbit","floor":10.0,"turns":3.0},{"damage":0.0,"enemies":"Gensokyo:Aya","floor":11.0,"turns":2.0},{"damage":0.0,"enemies":"Gensokyo:2_Rabbits","floor":12.0,"turns":3.0},{"damage":0.0,"enemies":"Gensokyo:Kitsune","floor":14.0,"turns":1.0},{"damage":0.0,"enemies":"Gensokyo:Yukari","floor":16.0,"turns":4.0},{"damage":0.0,"enemies":"Gensokyo:Chomper","floor":18.0,"turns":4.0},{"damage":0.0,"enemies":"Gensokyo:Chomper","floor":19.0,"turns":3.0},{"damage":3.0,"enemies":"Gensokyo:3_Dogs","floor":24.0,"turns":6.0},{"damage":0.0,"enemies":"Gensokyo:Tenshi","floor":25.0,"turns":3.0},{"damage":0.0,"enemies":"Gensokyo:Reisen","floor":32.0,"turns":3.0},{"damage":0.0,"enemies":"Gensokyo:Eiki","floor":35.0,"turns":5.0},{"damage":0.0,"enemies":"Gensokyo:AncientGuardian","floor":37.0,"turns":2.0},{"damage":0.0,"enemies":"Gensokyo:3_Bats","floor":38.0,"turns":2.0},{"damage":0.0,"enemies":"Gensokyo:SeedOfUnknown","floor":40.0,"turns":3.0},{"damage":0.0,"enemies":"Gensokyo:AtlasGolem","floor":41.0,"turns":4.0},{"damage":8.0,"enemies":"Gensokyo:Marisa","floor":44.0,"turns":5.0},{"damage":0.0,"enemies":"Gensokyo:Doremy","floor":46.0,"turns":4.0},{"damage":0.0,"enemies":"Gensokyo:3_Boulders","floor":47.0,"turns":2.0},{"damage":0.0,"enemies":"Gensokyo:Rafflesia","floor":48.0,"turns":4.0},{"damage":0.0,"enemies":"Gensokyo:Marisa","floor":50.0,"turns":3.0},{"damage":0.0,"enemies":"Gensokyo:Scarlet_Devils","floor":52.0,"turns":5.0},{"damage":0.0,"enemies":"Gensokyo:Scarlet_Devils","floor":53.0,"turns":3.0},{"damage":51.0,"enemies":"Gensokyo:Scarlet_Devils","floor":54.0,"turns":4.0},{"damage":444,"enemies":"","floor":58,"turns":2}],"seed_played":"-6060202310355314521","potions_obtained":[{"floor":5.0,"key":"SpeedPotion"},{"floor":6.0,"key":"Death Potion"},{"floor":14.0,"key":"Death Potion"}],"is_trial":false,"path_per_floor":["M","?","?","?","M","E","M","R","T","M","E","M","$","M","R_BF","B",null,"M","?","?","COS","?","R","M","E","T","R","?","T","PTL","PTL","E","$","R","B",null,"M","M","?","M","M","R","?","E","T","E","M","M","?","E","R","B","M","M","?","T","R","M"],"character_chosen":"Hololive_HololiveCharacter","items_purchased":["conspire:TreasureMap","Hololive_Yoholoon","Hololive_CallAkiRosenthal","Hololive_Psychosis","Hololive_CallShishiroBotan","jedi:ominousloannote","Grinning Jar","Hololive_Rebirth"],"campfire_rested":1,"item_purchase_floors":[0,0,0,0,13,33,33,33],"current_hp_per_floor":[35,27,27,27,27,27,27,27,27,27,27,27,27,27,27,27,35,35,35,35,35,35,35,32,32,32,32,39,39,39,39,39,39,39,39,42,42,42,42,42,42,42,42,34,34,34,34,34,32,32,32,42,42,4,4,4,16,0,0],"gold":405,"neow_bonus":"","is_daily":false,"chose_seed":false,"campfire_upgraded":5,"win_rate":0.0,"timestamp":1611254933,"path_taken":["M","?","?","?","M","E","?","R","T","M","E","M","?","M","R_BF","BOSS","M","?","?","COS","?","R","?","E","T","R","?","?","PTL","PTL","E","?","R","BOSS","M","M","?","M","M","R","?","E","T","E","M","M","?","E","R","BOSS","M","M","?","T","R","M"],"items_purchased_type":["Relic","Card","Card","Card","Card","Relic","Relic","Card"],"build_version":"2020-12-22","purchased_purges":0,"victory":false,"max_hp_per_floor":[35,35,35,35,35,35,35,35,35,35,35,35,35,35,35,35,35,35,35,35,35,35,35,35,35,35,35,42,42,42,42,42,42,42,42,42,42,42,42,42,42,42,42,42,42,42,42,42,32,32,42,42,42,42,42,42,42,42,42],"relic_stats":{"Centennial Puzzle":[3],"counters":[38,138],"Bronze Scales":[24],"Turnip":[16],"HandDrill":[20],"obtain_stats":[{"AT_ATBox":0,"Gensokyo:UndefinedDarkness":22,"DemoMod:GlassGuonStoneRelic":1,"MagicDraw4":7,"qcfpunch:Unceasing_Flame":19,"hubris:TerracottaHorce":36,"Centennial Puzzle":46,"DemoMod:MonsterBlood":11,"Iron Hammer":50,"HandDrill":21,"Replay:Wax Seal":6,"hubris:TinFlute":26,"alterego_mod:MasochisticConstitution":0,"conspire:TreasureMap":0,"paleoftheancients:KeyRelic":52,"GoodDreamPillow":43,"ReplayTheSpireMod:Ring of Addiction":4,"conspire:Boomerang":40,"paleoftheancients:Timepiece":52,"Replay:Baseball":32,"ReplayTheSpireMod:Ring of Collecting":4,"Bronze Scales":52,"SentryEyes":44,"Hololive_TheStar":49,"DemoMod:NanoMachines":9,"CultistMask":52,"hubris:TenFootPole":32,"Grinning Jar":33,"paleoftheancients:SoulOfTheCollector":53,"infinitespire:PuzzleCube":9,"vexMod:ImprovementManual":49,"Pocketwatch":25,"DaveBox":0,"qcfpunch:Not_Strongest_Fighting_Style_Guidebook":21,"Juzu Bracelet":0,"jedi:command_boss":49,"Gensokyo:Justice":3,"hubris:EmptyBottle":4,"Frozen Eye":24,"Chameleon Ring":4,"aspiration:DefectSkillbook":17,"hubris:ScarierMask":17,"Gensokyo:OccultBall":13,"DemoMod:Armor":9,"ReplayTheSpireMod:Ring of Sloth":9,"qcfpunch:Black_Training_Shirt":56,"Circlet":0,"Gensokyo:ConquerorOfFear":24,"hubris:Towel":20,"Hololive_LightStick":29,"vexMod:BarristanHead":45,"wanderingMiniBosses:CarrionFlame":41,"jedi:ominousloannote":33,"Turnip":11,"hubris:BundleOfHerbs":19},{"AT_ATBox":0,"Gensokyo:UndefinedDarkness":21,"DemoMod:GlassGuonStoneRelic":1,"MagicDraw4":3,"qcfpunch:Unceasing_Flame":21,"hubris:TerracottaHorce":25,"Centennial Puzzle":31,"DemoMod:MonsterBlood":4,"Iron Hammer":34,"HandDrill":21,"Replay:Wax Seal":13,"hubris:TinFlute":23,"alterego_mod:MasochisticConstitution":0,"conspire:TreasureMap":10,"paleoftheancients:KeyRelic":35,"GoodDreamPillow":29,"ReplayTheSpireMod:Ring of Addiction":2,"conspire:Boomerang":28,"paleoftheancients:Timepiece":35,"Replay:Baseball":24,"ReplayTheSpireMod:Ring of Collecting":2,"Bronze Scales":35,"SentryEyes":30,"Hololive_TheStar":33,"DemoMod:NanoMachines":3,"CultistMask":35,"hubris:TenFootPole":24,"Grinning Jar":24,"paleoftheancients:SoulOfTheCollector":36,"infinitespire:PuzzleCube":14,"vexMod:ImprovementManual":33,"Pocketwatch":23,"DaveBox":0,"qcfpunch:Not_Strongest_Fighting_Style_Guidebook":9,"Juzu Bracelet":0,"jedi:command_boss":33,"Gensokyo:Justice":11,"hubris:EmptyBottle":2,"Frozen Eye":9,"Chameleon Ring":2,"aspiration:DefectSkillbook":6,"hubris:ScarierMask":19,"Gensokyo:OccultBall":4,"DemoMod:Armor":3,"ReplayTheSpireMod:Ring of Sloth":3,"qcfpunch:Black_Training_Shirt":37,"Circlet":0,"Gensokyo:ConquerorOfFear":22,"hubris:Towel":21,"Hololive_LightStick":23,"vexMod:BarristanHead":30,"wanderingMiniBosses:CarrionFlame":29,"jedi:ominousloannote":24,"Turnip":16,"hubris:BundleOfHerbs":21},{"AT_ATBox":0,"Gensokyo:UndefinedDarkness":79,"DemoMod:GlassGuonStoneRelic":4,"MagicDraw4":16,"qcfpunch:Unceasing_Flame":79,"hubris:TerracottaHorce":95,"Centennial Puzzle":115,"DemoMod:MonsterBlood":23,"Iron Hammer":124,"HandDrill":79,"Replay:Wax Seal":57,"hubris:TinFlute":87,"alterego_mod:MasochisticConstitution":0,"conspire:TreasureMap":48,"paleoftheancients:KeyRelic":129,"GoodDreamPillow":106,"ReplayTheSpireMod:Ring of Addiction":9,"conspire:Boomerang":100,"paleoftheancients:Timepiece":129,"Replay:Baseball":90,"ReplayTheSpireMod:Ring of Collecting":9,"Bronze Scales":129,"SentryEyes":111,"Hololive_TheStar":121,"DemoMod:NanoMachines":16,"CultistMask":129,"hubris:TenFootPole":88,"Grinning Jar":90,"paleoftheancients:SoulOfTheCollector":132,"infinitespire:PuzzleCube":59,"vexMod:ImprovementManual":121,"Pocketwatch":87,"DaveBox":0,"qcfpunch:Not_Strongest_Fighting_Style_Guidebook":46,"Juzu Bracelet":0,"jedi:command_boss":121,"Gensokyo:Justice":50,"hubris:EmptyBottle":9,"Frozen Eye":46,"Chameleon Ring":9,"aspiration:DefectSkillbook":39,"hubris:ScarierMask":72,"Gensokyo:OccultBall":23,"DemoMod:Armor":16,"ReplayTheSpireMod:Ring of Sloth":16,"qcfpunch:Black_Training_Shirt":136,"Circlet":0,"Gensokyo:ConquerorOfFear":85,"hubris:Towel":79,"Hololive_LightStick":87,"vexMod:BarristanHead":111,"wanderingMiniBosses:CarrionFlame":106,"jedi:ominousloannote":90,"Turnip":64,"hubris:BundleOfHerbs":79}],"Pocketwatch":[9]},"card_choices":[{"not_picked":["Hololive_RevenueBasedLive","Hololive_Psychosis","Hololive_Sequa"],"picked":"Hololive_FlyingPonyTail","floor":1.0},{"not_picked":["infinitespire:Execution","infinitespire:NeuralNetwork"],"picked":"infinitespire:DeathsTouch","floor":2.0},{"not_picked":["Hololive_FlyingPonyTail","Hololive_Sequa","Hololive_OvertimeWork"],"picked":"Hololive_Rebound","floor":5.0},{"not_picked":["Hololive_Drill","Hololive_CallSakuraMiko","Hololive_CallNekomataOkayu"],"picked":"Hololive_Nanodesu","floor":6.0},{"not_picked":["Hololive_CallShishiroBotan","Hololive_ILoveYou","Hololive_Rebound"],"picked":"Hololive_StrengthChampion","floor":7.0},{"not_picked":["Hololive_Breathe","Hololive_Rebound","Hololive_CallAiraniIofifteen"],"picked":"Hololive_CocoNews","floor":10.0},{"not_picked":["Hololive_LuckPotion","Hololive_Trident","Hololive_Rebound"],"picked":"Hololive_HighAtkLowDef","floor":11.0},{"not_picked":["Hololive_LuckPotion","Hololive_Sequa","Hololive_CallInugamiKorone"],"picked":"Hololive_Trident","floor":12.0},{"not_picked":["Hololive_CallYukihanaLamy","Hololive_CocoNews","Hololive_StrengthChampion"],"picked":"Hololive_CallOzoraSubaru","floor":14.0},{"not_picked":["Hololive_CallYozoraMel","Hololive_Rebound","Hololive_CallNakiriAyame"],"picked":"Hololive_CallTokinoSora","floor":15.0},{"not_picked":["Hololive_DDD","Hololive_Rebirth","Hololive_OpenUp"],"picked":"Hololive_MaximGun","floor":16.0},{"not_picked":["Hololive_CocoNews","Hololive_Drill","Hololive_CallNekomataOkayu"],"picked":"Hololive_StrengthChampion+1","floor":18.0},{"not_picked":["Hololive_CallManoAloe","Hololive_Sequa","Hololive_StrengthChampion"],"picked":"Hololive_CallOzoraSubaru+1","floor":19.0},{"not_picked":["Hololive_Drill","Hololive_CocoNews+1","Hololive_Trident"],"picked":"Hololive_CallOmaruPolka","floor":24.0},{"not_picked":["Hololive_CallNatsuiroMatsuri","Hololive_HuntDinosaur+1","Hololive_Drill"],"picked":"Hololive_StarCraft","floor":25.0},{"not_picked":["Hololive_LuckPotion","Hololive_Drill+1","Hololive_RevenueBasedLive","Hololive_Breathe"],"picked":"SKIP","floor":32.0},{"not_picked":["Hololive_DiamondStrike","Hololive_FlareMind","Hololive_MaximGun"],"picked":"Hololive_DurableLive","floor":35.0},{"not_picked":["Hololive_LuckPotion","Hololive_CallYuzukiChoco+1","Hololive_CallShishiroBotan","Hololive_CallRoboco"],"picked":"SKIP","floor":37.0},{"not_picked":["Hololive_CallCivia+1","Hololive_LuckPotion+1","Hololive_CocoNews+1"],"picked":"Hololive_RevenueBasedLive+1","floor":38.0},{"not_picked":["Hololive_LuckPotion+1","Hololive_OvertimeWork+1","Hololive_CallYozoraMel"],"picked":"Hololive_FlyingPonyTail+1","floor":40.0},{"not_picked":["Hololive_Drill+1","Hololive_Psychosis","Hololive_OvertimeWork+1"],"picked":"Hololive_CallShirakamiFubuki+1","floor":41.0},{"not_picked":["Hololive_ManjiGathering","Hololive_OvertimeWork+1","Hololive_CallCivia+1"],"picked":"Hololive_Teleport+1","floor":44.0},{"not_picked":["Hololive_CallYuzukiChoco+1","Hololive_CocoNews","Hololive_RevenueBasedLive+1"],"picked":"Hololive_Rebound","floor":46.0},{"not_picked":["Hololive_CocoNews","Hololive_Drill","Hololive_Watashimo"],"picked":"Hololive_Breathe+1","floor":47.0},{"not_picked":["Hololive_CallRoboco+1","Hololive_StrengthChampion","Hololive_CallAkiRosenthal","Hololive_OvertimeWork+1"],"picked":"SKIP","floor":48.0},{"not_picked":["Hololive_Breathe","Hololive_CallYukihanaLamy+1","Hololive_CallRoboco+1"],"picked":"Hololive_CallOkamiMio+1","floor":50.0},{"not_picked":["Hololive_Trident+1","Hololive_CallShishiroBotan+1","Hololive_Psychosis"],"picked":"Hololive_HighAtkLowDef","floor":53.0},{"not_picked":["StuffTheSpire:Rapture","StuffTheSpire:Ambrosia"],"picked":"StuffTheSpire:Vigor","floor":55.0}],"player_experience":197717,"relics_obtained":[{"floor":6.0,"key":"Replay:Wax Seal"},{"floor":9.0,"key":"infinitespire:PuzzleCube"},{"floor":11.0,"key":"Turnip"},{"floor":19.0,"key":"qcfpunch:Unceasing_Flame"},{"floor":19.0,"key":"hubris:BundleOfHerbs"},{"floor":24.0,"key":"Gensokyo:ConquerorOfFear"},{"floor":25.0,"key":"Pocketwatch"},{"floor":26.0,"key":"hubris:TinFlute"},{"floor":29.0,"key":"Hololive_LightStick"},{"floor":32.0,"key":"Replay:Baseball"},{"floor":41.0,"key":"wanderingMiniBosses:CarrionFlame"},{"floor":44.0,"key":"SentryEyes"},{"floor":45.0,"key":"vexMod:BarristanHead"},{"floor":46.0,"key":"Centennial Puzzle"},{"floor":50.0,"key":"Iron Hammer"},{"floor":53.0,"key":"paleoftheancients:SoulOfTheCollector"},{"floor":56.0,"key":"qcfpunch:Black_Training_Shirt"}],"event_choices":[{"damage_healed":0.0,"max_hp_gain":0.0,"max_hp_loss":0.0,"gold_gain":0.0,"event_name":"betterMatch:BetterMatch","player_choice":"2","floor":4.0,"gold_loss":0.0,"damage_taken":0.0,"cards_obtained":[]},{"damage_healed":0.0,"max_hp_gain":0.0,"max_hp_loss":0.0,"gold_gain":0.0,"event_name":"conspire:Investor","player_choice":"Leave","floor":39.0,"gold_loss":0.0,"damage_taken":0.0}],"is_beta":false,"boss_relics":[{"not_picked":["RedLine:ReiMu","hubris:GrandSneckoEye"],"picked":"hubris:ScarierMask"},{"not_picked":["BloodWine","vexMod:RockOfEvil"],"picked":"hubris:TerracottaHorce"}],"items_purged_floors":[],"is_endless":false,"potions_floor_spawned":[5,6,11,12,14,16,19,24,25,41,44,47,50],"killed_by":"","ascension_level":0}}