{"host":"l5xpox9cbdko122s","time":1611243782,"event":{"mods":["AchievementEnabler","BaseMod","Better Skull","Colored Map","Colored Powertips","Curses Come First","Displayed Cursed Tome","Hermit","Highlight Path","Minty Spire (QoL Compilation)","Quick Restart","Shop Mod","StSLib"],"gold_per_floor":[15,15,15,15,31,71,71,84,84,84,102,102,145,163,163,284,284,297,297,297,316,316,316,321,321],"floor_reached":24,"language":"ENG","playtime":1516,"items_purged":[],"score":204,"play_id":"47fa29af-5c52-4a5c-89a4-fbd1c569ed7e","local_time":"20210121104302","is_ascension_mode":false,"campfire_choices":[{"floor":7,"key":"RECALL"},{"floor":10,"key":"REST"},{"floor":15,"key":"REST"},{"floor":23,"key":"REST"}],"circlet_count":0,"master_deck":["hermit:Strike_Hermit","hermit:Strike_Hermit","hermit:Strike_Hermit","hermit:Strike_Hermit","hermit:Defend_Hermit","hermit:Defend_Hermit","hermit:Defend_Hermit","hermit:Defend_Hermit","hermit:Snapshot","hermit:Covet","Injury","hermit:WideOpen+1","hermit:Scavenge"],"relics":["hermit:Momento","StrikeDummy","Bloody Idol","Molten Egg 2","StoneCalendar","hermit:RyeStalk","Philosopher\u0027s Stone"],"acts_visited":["Exordium","TheCity"],"potions_floor_usage":[6,11,13,16,16,21],"damage_taken":[{"damage":6,"enemies":"Jaw Worm","floor":1,"turns":5},{"damage":1,"enemies":"Cultist","floor":5,"turns":3},{"damage":19,"enemies":"3 Sentries","floor":6,"turns":11},{"damage":0,"enemies":"2 Louse","floor":8,"turns":2},{"damage":12,"enemies":"Exordium Wildlife","floor":11,"turns":5},{"damage":16,"enemies":"Gremlin Nob","floor":13,"turns":4},{"damage":2,"enemies":"Blue Slaver","floor":14,"turns":3},{"damage":25,"enemies":"Hexaghost","floor":16,"turns":9},{"damage":44,"enemies":"3 Byrds","floor":18,"turns":7},{"damage":25,"enemies":"2 Thieves","floor":21,"turns":4},{"damage":44,"enemies":"Snake Plant","floor":24,"turns":4}],"seed_played":"5651500881569233077","potions_obtained":[{"floor":5,"key":"EssenceOfSteel"},{"floor":8,"key":"PowerPotion"},{"floor":11,"key":"Block Potion"},{"floor":13,"key":"Block Potion"},{"floor":14,"key":"Strength Potion"},{"floor":18,"key":"GamblersBrew"}],"is_trial":false,"path_per_floor":["M","?","$","?","M","E","R","M","T","R","M","?","E","M","R","B",null,"M","?","?","M","?","R","M"],"character_chosen":"HERMIT","items_purchased":[],"campfire_rested":3,"item_purchase_floors":[],"current_hp_per_floor":[69,69,69,69,68,49,49,49,49,71,59,52,36,34,56,31,75,31,31,31,16,16,38,0,0],"gold":321,"neow_bonus":"THREE_RARE_CARDS","is_daily":false,"chose_seed":false,"campfire_upgraded":0,"win_rate":0.0,"timestamp":1611243782,"path_taken":["M","?","?","?","M","E","R","M","T","R","?","?","E","M","R","BOSS","M","?","?","M","?","R","M"],"items_purchased_type":[],"build_version":"2020-12-22","purchased_purges":0,"victory":false,"max_hp_per_floor":[75,75,75,75,75,75,75,75,75,75,75,75,75,75,75,75,75,75,75,75,75,75,75,75,75],"card_choices":[{"not_picked":["hermit:Purgatory","hermit:HeroicBravado"],"picked":"hermit:Roughhouse","floor":0},{"not_picked":["hermit:Headshot","hermit:FullyLoaded","hermit:FlashPowder"],"picked":"SKIP","floor":1},{"not_picked":["hermit:Grudge","hermit:DeadMansHand","hermit:Misfire"],"picked":"SKIP","floor":5},{"not_picked":["hermit:Headshot+1","hermit:Enervate+1","hermit:Roulette+1"],"picked":"SKIP","floor":6},{"not_picked":["hermit:LowProfile","hermit:Scavenge","hermit:GoldenBullet+1"],"picked":"SKIP","floor":8},{"not_picked":["hermit:Misfire+1","hermit:PistolWhip+1","hermit:Desperado+1"],"picked":"SKIP","floor":11},{"not_picked":["hermit:CalledShot+1","hermit:FinalCanter+1","hermit:HighNoon"],"picked":"SKIP","floor":13},{"not_picked":["hermit:ItchyTrigger+1","hermit:Desperado+1","hermit:Coalescence"],"picked":"SKIP","floor":14},{"not_picked":["hermit:LowProfile","hermit:Spite+1"],"picked":"hermit:WideOpen+1","floor":18},{"not_picked":["hermit:Horror","hermit:Glare"],"picked":"hermit:Scavenge","floor":21}],"player_experience":174091,"relics_obtained":[{"floor":6,"key":"Molten Egg 2"},{"floor":13,"key":"hermit:RyeStalk"}],"event_choices":[{"cards_removed":["hermit:Roughhouse"],"damage_healed":0,"gold_gain":0,"player_choice":"Gave Card","damage_taken":0,"relics_obtained":["StrikeDummy"],"max_hp_gain":0,"max_hp_loss":0,"event_name":"WeMeetAgain","floor":2,"gold_loss":0},{"damage_healed":0,"gold_gain":0,"player_choice":"Take Wound","damage_taken":0,"relics_obtained":["Golden Idol"],"max_hp_gain":0,"max_hp_loss":0,"event_name":"Golden Idol","floor":4,"gold_loss":0,"cards_obtained":["Injury"]},{"damage_healed":0,"gold_gain":0,"player_choice":"Success","damage_taken":7,"relics_obtained":["StoneCalendar"],"max_hp_gain":0,"max_hp_loss":0,"event_name":"Scrap Ooze","floor":12,"gold_loss":0},{"damage_healed":0,"gold_gain":0,"player_choice":"Ignored","damage_taken":0,"max_hp_gain":0,"max_hp_loss":0,"event_name":"Cursed Tome","floor":19,"gold_loss":0},{"damage_healed":0,"gold_gain":0,"player_choice":"Gave Idol","damage_taken":0,"relics_obtained":["Bloody Idol"],"max_hp_gain":0,"max_hp_loss":0,"event_name":"Forgotten Altar","floor":20,"relics_lost":["Golden Idol"],"gold_loss":0},{"damage_healed":0,"gold_gain":0,"player_choice":"Ignored","damage_taken":0,"max_hp_gain":0,"max_hp_loss":0,"event_name":"Vampires","floor":22,"gold_loss":0}],"is_beta":false,"boss_relics":[{"not_picked":["Astrolabe","Pandora\u0027s Box"],"picked":"Philosopher\u0027s Stone"}],"items_purged_floors":[],"is_endless":false,"potions_floor_spawned":[5,8,11,13,14,18],"killed_by":"Snake Plant","ascension_level":0}}