{"host":"9vecvdjkx64cw9bo","time":1611224024,"event":{"mods":["Ascension Unlocker","BaseMod","Custom Start","Keyboard Shortcuts","Minty Spire (QoL Compilation)","Quick Restart","StSLib","SuperFastMode"],"gold_per_floor":[116,116,116,41,41,41,73,148,198,198,224,224,17,17,17,17,17],"floor_reached":16,"language":"KOR","playtime":168,"items_purged":["Strike_B"],"score":304,"play_id":"c553ce80-8c0b-4bb1-b31e-beb414cc894d","local_time":"20210121191344","is_ascension_mode":true,"campfire_choices":[{"data":"Zap","floor":6,"key":"SMITH"},{"floor":10,"key":"REST"},{"data":"Dualcast","floor":12,"key":"SMITH"},{"data":"Recycle","floor":15,"key":"SMITH"}],"circlet_count":0,"master_deck":["AscendersBane","Strike_B","Strike_B","Defend_B","Defend_B","Defend_B","Defend_B","Zap+1","Dualcast+1","Gash","Aggregate","Self Repair","Recycle+1"],"relics":["Cracked Core","NeowsBlessing","Prayer Wheel","TungstenRod","Happy Flower","Ginger","OrangePellets","Du-Vu Doll"],"acts_visited":["Exordium"],"potions_floor_usage":[16],"damage_taken":[{"damage":0,"enemies":"2 Louse","floor":1,"turns":1},{"damage":0,"enemies":"3 Sentries","floor":7,"turns":2},{"damage":0,"enemies":"Lagavulin","floor":11,"turns":1},{"damage":42,"enemies":"The Guardian","floor":16,"turns":7}],"seed_played":"-864009584979727279","potions_obtained":[{"floor":1,"key":"EssenceOfSteel"},{"floor":7,"key":"FearPotion"}],"is_trial":false,"path_per_floor":["M","?","?","$","?","R","E","?","T","R","E","R","$","T","R","B"],"character_chosen":"DEFECT","items_purchased":["OrangePellets","Recycle"],"campfire_rested":1,"item_purchase_floors":[13,13],"current_hp_per_floor":[64,69,62,62,27,27,27,17,17,39,39,39,39,39,39,0,0],"gold":17,"neow_bonus":"THREE_ENEMY_KILL","is_daily":false,"chose_seed":false,"campfire_upgraded":3,"win_rate":0.0,"timestamp":1611224024,"path_taken":["M","?","?","$","?","R","E","?","T","R","E","R","?","?","R","BOSS"],"items_purchased_type":["Relic","Card"],"build_version":"2020-12-22","purchased_purges":1,"victory":false,"max_hp_per_floor":[71,76,76,76,76,76,76,76,76,76,76,76,76,76,76,76,76],"card_choices":[{"not_picked":["Static Discharge","Steam"],"picked":"Gash","floor":1},{"not_picked":["Hello World","Static Discharge"],"picked":"Aggregate","floor":7},{"not_picked":["Steam","Chill"],"picked":"Self Repair","floor":11}],"player_experience":783339,"relics_obtained":[{"floor":7,"key":"TungstenRod"},{"floor":9,"key":"Happy Flower"},{"floor":11,"key":"Ginger"},{"floor":14,"key":"Du-Vu Doll"}],"event_choices":[{"damage_healed":0,"gold_gain":0,"player_choice":"Donut","damage_taken":0,"max_hp_gain":5,"max_hp_loss":0,"event_name":"Big Fish","floor":2,"gold_loss":0},{"cards_removed":["Strike_B"],"damage_healed":0,"gold_gain":0,"player_choice":"Card Removal","damage_taken":7,"max_hp_gain":0,"max_hp_loss":0,"event_name":"Golden Wing","floor":3,"gold_loss":0},{"damage_healed":0,"gold_gain":0,"player_choice":"Success","damage_taken":35,"relics_obtained":["Prayer Wheel"],"max_hp_gain":0,"max_hp_loss":0,"event_name":"Scrap Ooze","floor":5,"gold_loss":0},{"damage_healed":0,"gold_gain":75,"player_choice":"Gather Gold","damage_taken":11,"max_hp_gain":0,"max_hp_loss":0,"event_name":"World of Goop","floor":8,"gold_loss":0}],"is_beta":false,"boss_relics":[],"items_purged_floors":[4],"is_endless":false,"potions_floor_spawned":[1,7],"killed_by":"The Guardian","ascension_level":20}}