{"host":"ibckqdmmf9y74ymf","time":1611268371,"event":{"mods":["2.2 Compatiblity","Ascension Unlocker","BaseMod","Colored Map","Curses Come First","Highlight Path","Minty Spire (QoL Compilation)","Quick Restart","Rare Cards Sparkle","Relic Stats","StSLib"],"gold_per_floor":[117,136,153,171,183,183,208,230,267,306,318,330,360,388,400,487,499,527,569,506,22,22,22,22,22],"floor_reached":24,"language":"ENG","playtime":851,"items_purged":["Defend_P"],"score":516,"play_id":"630a12f1-24c1-4bd4-90af-b77db3c05922","local_time":"20210121233250","is_ascension_mode":true,"campfire_choices":[{"data":"Conclude","floor":6.0,"key":"SMITH"},{"data":"EmptyFist","floor":12.0,"key":"SMITH"},{"data":"Halt","floor":15.0,"key":"SMITH"},{"data":"LessonLearned","floor":23.0,"key":"SMITH"}],"circlet_count":0,"master_deck":["AscendersBane","Strike_P+1","Strike_P","Strike_P+1","Defend_P","Defend_P+1","Defend_P","Eruption","Vigilance","Conclude+1","FlyingSleeves","Indignation","LessonLearned+1","Protect","EmptyFist+1","FearNoEvil","Halt+1","FlurryOfBlows","Ragnarok","ThirdEye","ClearTheMind","Fasting2+1","Decay"],"relics":["Coffee Dripper","MawBank","Toy Ornithopter","Frozen Egg 2","Vajra","Sozu","Red Mask","Sling","Ancient Tea Set"],"acts_visited":["Exordium","TheCity"],"potions_floor_usage":[],"damage_taken":[{"damage":2.0,"enemies":"2 Louse","floor":1.0,"turns":4.0},{"damage":1.0,"enemies":"Cultist","floor":2.0,"turns":3.0},{"damage":12.0,"enemies":"Jaw Worm","floor":3.0,"turns":3.0},{"damage":0.0,"enemies":"Exordium Wildlife","floor":4.0,"turns":2.0},{"damage":6.0,"enemies":"Looter","floor":5.0,"turns":3.0},{"damage":0.0,"enemies":"3 Sentries","floor":7.0,"turns":2.0},{"damage":3.0,"enemies":"Blue Slaver","floor":8.0,"turns":4.0},{"damage":0.0,"enemies":"Lagavulin","floor":10.0,"turns":3.0},{"damage":0.0,"enemies":"3 Louse","floor":13.0,"turns":2.0},{"damage":0.0,"enemies":"Exordium Wildlife","floor":14.0,"turns":1.0},{"damage":26.0,"enemies":"The Guardian","floor":16.0,"turns":13.0},{"damage":13.0,"enemies":"3 Byrds","floor":18.0,"turns":7.0},{"damage":47.0,"enemies":"Masked Bandits","floor":19.0,"turns":4.0},{"damage":0,"enemies":"Slavers","floor":24,"turns":1}],"seed_played":"707803288993276913","potions_obtained":[{"floor":1.0,"key":"Fire Potion"},{"floor":3.0,"key":"Strength Potion"},{"floor":8.0,"key":"Swift Potion"},{"floor":13.0,"key":"Fruit Juice"},{"floor":16.0,"key":"Fire Potion"}],"is_trial":false,"path_per_floor":["M","M","M","M","M","R","E","M","T","E","?","R","M","M","R","B",null,"M","?","?","$","?","R","E"],"character_chosen":"WATCHER","items_purchased":["Fasting2+1","Sling","Ancient Tea Set"],"campfire_rested":0,"item_purchase_floors":[21,21,21],"current_hp_per_floor":[59,58,46,46,40,40,40,37,37,47,47,47,47,47,47,21,56,48,11,11,11,11,11,11,11],"gold":22,"neow_bonus":"BOSS_RELIC","is_daily":false,"chose_seed":false,"campfire_upgraded":4,"win_rate":0.0,"timestamp":1611268370,"path_taken":["M","M","M","M","M","R","E","M","T","E","?","R","M","M","R","BOSS","M","?","?","?","?","R","E"],"items_purchased_type":["Card","Relic","Relic"],"build_version":"2020-12-22","purchased_purges":1,"victory":false,"max_hp_per_floor":[68,68,68,68,68,68,68,68,68,68,68,68,68,68,68,68,68,68,73,73,73,73,73,73,73],"relic_stats":{"Sozu":1,"counters":[14,52],"MawBank":168,"obtain_stats":[{"Sozu":17,"Vajra":11,"Coffee Dripper":0,"Red Mask":19,"PureWater":0,"Frozen Egg 2":10,"MawBank":7,"Sling":21,"Ancient Tea Set":21,"Toy Ornithopter":9},{"Sozu":11,"Vajra":8,"Coffee Dripper":0,"Red Mask":13,"PureWater":0,"Frozen Egg 2":8,"MawBank":6,"Sling":13,"Ancient Tea Set":13,"Toy Ornithopter":7},{"Sozu":40,"Vajra":24,"Coffee Dripper":0,"Red Mask":51,"PureWater":0,"Frozen Egg 2":24,"MawBank":17,"Sling":51,"Ancient Tea Set":51,"Toy Ornithopter":21}],"Toy Ornithopter":20},"card_choices":[{"not_picked":["WreathOfFlame","ForeignInfluence"],"picked":"Conclude","floor":1.0},{"not_picked":["MentalFortress","EmptyBody"],"picked":"FlyingSleeves","floor":2.0},{"not_picked":["ThirdEye","Nirvana"],"picked":"EmptyBody","floor":3.0},{"not_picked":["WreathOfFlame","Pray"],"picked":"Indignation","floor":4.0},{"not_picked":["CrushJoints","Evaluate"],"picked":"LessonLearned","floor":5.0},{"not_picked":["EmptyBody","SandsOfTime"],"picked":"Protect","floor":7.0},{"not_picked":["FollowUp","Crescendo"],"picked":"EmptyFist","floor":8.0},{"not_picked":["CutThroughFate","ReachHeaven"],"picked":"FearNoEvil","floor":10.0},{"not_picked":["MasterReality+1","Consecrate"],"picked":"Halt","floor":13.0},{"not_picked":["SashWhip","ThirdEye"],"picked":"FlurryOfBlows","floor":14.0},{"not_picked":["Judgement","LessonLearned"],"picked":"Ragnarok","floor":16.0},{"not_picked":["CutThroughFate","FollowUp"],"picked":"ThirdEye","floor":18.0},{"not_picked":["Prostrate","BowlingBash"],"picked":"ClearTheMind","floor":19.0}],"player_experience":645948,"relics_obtained":[{"floor":7.0,"key":"MawBank"},{"floor":9.0,"key":"Toy Ornithopter"},{"floor":10.0,"key":"Frozen Egg 2"},{"floor":19.0,"key":"Red Mask"}],"event_choices":[{"cards_removed":["EmptyBody"],"damage_healed":0.0,"max_hp_gain":0.0,"max_hp_loss":0.0,"gold_gain":0.0,"event_name":"WeMeetAgain","player_choice":"Gave Card","floor":11.0,"gold_loss":0.0,"damage_taken":0.0,"relics_obtained":["Vajra"]},{"damage_healed":0.0,"max_hp_gain":0.0,"max_hp_loss":0.0,"gold_gain":0.0,"event_name":"Masked Bandits","player_choice":"Fought Bandits","floor":19.0,"gold_loss":0.0,"damage_taken":0.0},{"cards_removed":["Strike_P"],"damage_healed":0.0,"max_hp_gain":0.0,"max_hp_loss":0.0,"gold_gain":0.0,"event_name":"Beggar","player_choice":"Gave Gold","floor":20.0,"gold_loss":75.0,"damage_taken":0.0},{"damage_healed":0.0,"max_hp_gain":0.0,"max_hp_loss":0.0,"gold_gain":0.0,"event_name":"Forgotten Altar","player_choice":"Smashed Altar","floor":22.0,"gold_loss":0.0,"damage_taken":0.0,"cards_obtained":["Decay"]}],"is_beta":false,"boss_relics":[{"not_picked":["Runic Dome","SacredBark"],"picked":"Sozu"}],"items_purged_floors":[21],"is_endless":false,"potions_floor_spawned":[1,3,4,8,13,16,19],"killed_by":"Slavers","ascension_level":20}}