{"host":"bg8va46pgqgvtzim","time":1611212010,"event":{"mods":["BaseMod","Minty Spire (QoL Compilation)","Quick Restart","StSLib","SuperFastMode"],"gold_per_floor":[118,118,136,136,159,198,219,254,254,254,298,298,338,358,358,488,488,509,509,509,522,547,587,611,611,611],"floor_reached":25,"language":"ZHS","playtime":957,"items_purged":[],"score":344,"play_id":"2fb519db-cba5-45a5-8862-32160412921a","local_time":"20210121145330","is_ascension_mode":true,"campfire_choices":[{"data":"Blasphemy","floor":10.0,"key":"SMITH"},{"data":"CrushJoints","floor":15.0,"key":"SMITH"}],"circlet_count":0,"master_deck":["Strike_P+1","Strike_P","Defend_P","Defend_P","Defend_P","Defend_P","Eruption+1","Vigilance","Blasphemy+1","FlurryOfBlows","Vault","FollowUp","Tantrum","CrushJoints+1","MentalFortress","Adaptation","Establishment","Crescendo","TalkToTheHand","DevaForm","Prostrate"],"relics":["PureWater","Golden Idol","Whetstone","Ice Cream","Prayer Wheel","Mango","Ornamental Fan","Fusion Hammer","Orichalcum"],"acts_visited":["Exordium","TheCity"],"potions_floor_usage":[25,25,25,25],"damage_taken":[{"damage":0.0,"enemies":"Small Slimes","floor":1.0,"turns":2.0},{"damage":0.0,"enemies":"Cultist","floor":3.0,"turns":2.0},{"damage":3.0,"enemies":"Jaw Worm","floor":5.0,"turns":2.0},{"damage":0.0,"enemies":"Lagavulin","floor":6.0,"turns":4.0},{"damage":0.0,"enemies":"Exordium Thugs","floor":7.0,"turns":3.0},{"damage":5.0,"enemies":"3 Sentries","floor":8.0,"turns":4.0},{"damage":0.0,"enemies":"Lagavulin","floor":11.0,"turns":5.0},{"damage":0.0,"enemies":"Gremlin Nob","floor":13.0,"turns":3.0},{"damage":0.0,"enemies":"Looter","floor":14.0,"turns":1.0},{"damage":25.0,"enemies":"Hexaghost","floor":16.0,"turns":6.0},{"damage":5.0,"enemies":"Chosen","floor":18.0,"turns":4.0},{"damage":0.0,"enemies":"Spheric Guardian","floor":21.0,"turns":3.0},{"damage":0.0,"enemies":"Centurion and Healer","floor":22.0,"turns":5.0},{"damage":2.0,"enemies":"Book of Stabbing","floor":23.0,"turns":4.0},{"damage":15.0,"enemies":"Snake Plant","floor":24.0,"turns":5.0},{"damage":99999,"enemies":"Gremlin Leader","floor":25,"turns":5}],"seed_played":"5881453037068296008","potions_obtained":[{"floor":3.0,"key":"Explosive Potion"},{"floor":6.0,"key":"EntropicBrew"},{"floor":11.0,"key":"ColorlessPotion"},{"floor":16.0,"key":"Fire Potion"},{"floor":23.0,"key":"Energy Potion"}],"is_trial":false,"path_per_floor":["M","?","M","?","M","E","M","E","T","R","E","?","E","M","R","B",null,"M","?","?","M","M","E","M","E"],"character_chosen":"WATCHER","items_purchased":[],"campfire_rested":0,"item_purchase_floors":[],"current_hp_per_floor":[65,49,49,43,40,40,40,35,35,35,49,42,42,42,42,17,79,74,74,74,74,74,72,57,0,0],"gold":611,"neow_bonus":"THREE_RARE_CARDS","is_daily":false,"chose_seed":false,"campfire_upgraded":2,"win_rate":0.0,"timestamp":1611212010,"path_taken":["M","?","M","?","M","E","?","E","T","R","E","?","E","M","R","BOSS","M","?","?","M","M","E","M","E"],"items_purchased_type":[],"build_version":"2020-12-22","purchased_purges":0,"victory":false,"max_hp_per_floor":[65,65,65,65,65,65,65,65,65,65,79,79,79,79,79,79,79,79,79,79,79,79,79,79,79,79],"card_choices":[{"not_picked":["SpiritShield","DeusExMachina"],"picked":"Blasphemy","floor":0.0},{"not_picked":["EmptyFist","Crescendo"],"picked":"FlurryOfBlows","floor":1.0},{"not_picked":["FlyingSleeves","Collect"],"picked":"Vault","floor":3.0},{"not_picked":["Weave","ForeignInfluence"],"picked":"FollowUp","floor":5.0},{"not_picked":["JustLucky","Sanctity"],"picked":"Tantrum","floor":6.0},{"not_picked":["Swivel","EmptyFist"],"picked":"CrushJoints","floor":7.0},{"not_picked":["FollowUp","FlyingSleeves","ReachHeaven"],"picked":"SKIP","floor":8.0},{"not_picked":["Halt","EmptyFist"],"picked":"MentalFortress","floor":11.0},{"not_picked":["Consecrate","ThirdEye","Tantrum"],"picked":"SKIP","floor":13.0},{"not_picked":["Perseverance","Brilliance"],"picked":"Adaptation","floor":14.0},{"not_picked":["SashWhip","FlyingSleeves","ThirdEye"],"picked":"SKIP","floor":14.0},{"not_picked":["Ragnarok","Wish"],"picked":"Establishment","floor":16.0},{"not_picked":["Swivel+1","SashWhip"],"picked":"Crescendo","floor":18.0},{"not_picked":["PathToVictory","FollowUp","ThirdEye"],"picked":"SKIP","floor":18.0},{"not_picked":["FlyingSleeves","ThirdEye+1"],"picked":"TalkToTheHand","floor":21.0},{"not_picked":["Sanctity","CutThroughFate","SignatureMove"],"picked":"SKIP","floor":21.0},{"not_picked":["Fasting2","ClearTheMind+1"],"picked":"DevaForm","floor":22.0},{"not_picked":["EmptyBody","Vengeance","FlurryOfBlows"],"picked":"SKIP","floor":22.0},{"not_picked":["JustLucky+1","EmptyFist","CrushJoints+1"],"picked":"SKIP","floor":23.0},{"not_picked":["Collect","Halt"],"picked":"Prostrate","floor":24.0},{"not_picked":["CrushJoints+1","FollowUp+1","CarveReality"],"picked":"SKIP","floor":24.0}],"player_experience":2286104,"relics_obtained":[{"floor":6.0,"key":"Whetstone"},{"floor":8.0,"key":"Ice Cream"},{"floor":9.0,"key":"Prayer Wheel"},{"floor":11.0,"key":"Mango"},{"floor":13.0,"key":"Ornamental Fan"},{"floor":23.0,"key":"Orichalcum"}],"event_choices":[{"damage_healed":0.0,"max_hp_gain":0.0,"max_hp_loss":0.0,"gold_gain":0.0,"event_name":"Golden Idol","player_choice":"Take Damage","floor":2.0,"gold_loss":0.0,"damage_taken":16.0,"relics_obtained":["Golden Idol"]},{"damage_healed":0.0,"max_hp_gain":0.0,"max_hp_loss":0.0,"gold_gain":0.0,"event_name":"Wheel of Change","player_choice":"Damaged","floor":4.0,"gold_loss":0.0,"damage_taken":6.0},{"cards_removed":["Strike_P"],"damage_healed":0.0,"max_hp_gain":0.0,"max_hp_loss":0.0,"gold_gain":0.0,"event_name":"Golden Wing","player_choice":"Card Removal","floor":12.0,"gold_loss":0.0,"damage_taken":7.0},{"damage_healed":0.0,"max_hp_gain":0.0,"max_hp_loss":0.0,"gold_gain":0.0,"event_name":"The Mausoleum","player_choice":"Ignored","floor":19.0,"gold_loss":0.0,"damage_taken":0.0},{"cards_removed":["Strike_P"],"damage_healed":0.0,"max_hp_gain":0.0,"max_hp_loss":0.0,"gold_gain":0.0,"event_name":"Back to Basics","player_choice":"Elegance","floor":20.0,"gold_loss":0.0,"damage_taken":0.0}],"is_beta":false,"boss_relics":[{"not_picked":["Velvet Choker","Busted Crown"],"picked":"Fusion Hammer"}],"items_purged_floors":[],"is_endless":false,"potions_floor_spawned":[3,6,11,16,18,23,24],"killed_by":"Gremlin Leader","ascension_level":1}}