{"host":"1a3cjta80tad0aqj","time":1611233615,"event":{"mods":["2.2 Compatiblity","AchievementEnabler","BaseMod","Colored Map","DeckTracker","KOR Keyword Fix","Keyboard Shortcuts","Minty Spire (QoL Compilation)","Permanent Neow","Quick Restart","Random Character Button","StSLib","SuperFastMode","everything is the same but u backflip on backflip"],"gold_per_floor":[111,121,46,46,62,88,88,113,113,5,105,105,115,130,130,225,225,238,12,12,12,27,27,55,67,67,104,116,128,140,169,181,295,307,339,363,388,419,431,470,482,184,210,226,106,123,123,123,123,123],"floor_reached":51,"language":"KOR","playtime":1970,"items_purged":["Strike_R","Strike_R","Defend_R","Strike_R"],"score":920,"play_id":"9d3c83b6-d054-4264-b0ba-cf8a1f66d5e3","local_time":"20210121215335","is_ascension_mode":true,"campfire_choices":[{"data":"True Grit","floor":7.0,"key":"SMITH"},{"data":"Inflame","floor":12.0,"key":"SMITH"},{"data":"Immolate","floor":15.0,"key":"SMITH"},{"data":"Apotheosis","floor":23.0,"key":"SMITH"},{"floor":29.0,"key":"REST"},{"floor":32.0,"key":"REST"},{"floor":41.0,"key":"REST"},{"data":"Offering","floor":47.0,"key":"SMITH"},{"floor":49.0,"key":"REST"}],"circlet_count":0,"master_deck":["Strike_R","Defend_R","Defend_R","Bash","Wild Strike","Inflame+1","Cleave","True Grit+1","Power Through","Whirlwind","Immolate+1","Shrug It Off","Offering+1","Armaments","Apotheosis+1","Pommel Strike","Bloodletting+1","Blood for Blood","Immolate","Dual Wield+1","Disarm","Heavy Blade+1","Second Wind","Shame","Inflame","Battle Trance+1"],"relics":["Burning Blood","Nunchaku","Bronze Scales","FossilizedHelix","The Courier","Philosopher\u0027s Stone","Bottled Tornado","MawBank","Bottled Flame","Cursed Key","Incense Burner","Shuriken","Lantern"],"acts_visited":["Exordium","TheCity","TheBeyond"],"potions_floor_usage":[50,50],"damage_taken":[{"damage":3.0,"enemies":"2 Louse","floor":1.0,"turns":3.0},{"damage":1.0,"enemies":"Cultist","floor":2.0,"turns":4.0},{"damage":4.0,"enemies":"Jaw Worm","floor":5.0,"turns":4.0},{"damage":20.0,"enemies":"Gremlin Nob","floor":6.0,"turns":4.0},{"damage":20.0,"enemies":"Lagavulin","floor":8.0,"turns":6.0},{"damage":0.0,"enemies":"Red Slaver","floor":13.0,"turns":2.0},{"damage":0.0,"enemies":"Looter","floor":14.0,"turns":3.0},{"damage":0.0,"enemies":"Slime Boss","floor":16.0,"turns":6.0},{"damage":15.0,"enemies":"2 Thieves","floor":18.0,"turns":3.0},{"damage":0.0,"enemies":"Chosen","floor":22.0,"turns":3.0},{"damage":28.0,"enemies":"Slavers","floor":24.0,"turns":3.0},{"damage":15.0,"enemies":"Snake Plant","floor":25.0,"turns":2.0},{"damage":38.0,"enemies":"Gremlin Leader","floor":27.0,"turns":5.0},{"damage":7.0,"enemies":"Chosen and Byrds","floor":31.0,"turns":4.0},{"damage":46.0,"enemies":"Collector","floor":33.0,"turns":7.0},{"damage":10.0,"enemies":"3 Shapes","floor":35.0,"turns":2.0},{"damage":6.0,"enemies":"Orb Walker","floor":36.0,"turns":2.0},{"damage":28.0,"enemies":"Maw","floor":37.0,"turns":6.0},{"damage":11.0,"enemies":"Transient","floor":38.0,"turns":5.0},{"damage":12.0,"enemies":"Nemesis","floor":40.0,"turns":5.0},{"damage":15.0,"enemies":"Writhing Mass","floor":44.0,"turns":4.0},{"damage":1.0,"enemies":"Maw","floor":46.0,"turns":5.0},{"damage":55,"enemies":"Time Eater","floor":50,"turns":7}],"seed_played":"-6414523440328656812","potions_obtained":[{"floor":2.0,"key":"BloodPotion"},{"floor":6.0,"key":"SkillPotion"},{"floor":16.0,"key":"Block Potion"},{"floor":18.0,"key":"BlessingOfTheForge"},{"floor":35.0,"key":"SteroidPotion"},{"floor":38.0,"key":"Ancient Potion"}],"is_trial":false,"path_per_floor":["M","M","$","?","M","E","R","E","T","$","?","R","M","M","R","B",null,"M","$","?","?","M","R","E","M","T","E","$","R","$","M","R","B",null,"M","M","M","M","T","E","R","$","T","M","$","M","R","?","R","B",null],"character_chosen":"IRONCLAD","items_purchased":["Immolate","Apotheosis","Shuriken"],"campfire_rested":4,"item_purchase_floors":[10,19,42],"current_hp_per_floor":[80,80,80,80,80,66,66,52,52,52,52,52,58,64,64,70,80,71,71,71,71,77,77,55,46,46,14,14,38,38,37,61,21,80,76,76,54,49,49,43,67,67,67,58,58,63,63,63,80,31],"gold":123,"neow_bonus":"RANDOM_COMMON_RELIC","is_daily":false,"chose_seed":false,"campfire_upgraded":5,"win_rate":0.0,"timestamp":1611233615,"path_taken":["M","M","$","?","M","E","R","E","T","$","?","R","M","?","R","BOSS","M","$","?","?","M","R","E","M","T","E","$","R","?","M","R","BOSS","M","M","M","M","?","E","R","$","T","M","$","M","R","?","R","BOSS"],"items_purchased_type":["Card","Card","Relic"],"build_version":"2020-12-22","purchased_purges":4,"victory":true,"max_hp_per_floor":[80,80,80,80,80,80,80,80,80,80,80,80,80,80,80,80,80,80,80,80,80,80,80,80,80,80,80,80,80,80,80,80,80,80,80,80,80,80,80,80,80,80,80,80,80,80,80,80,80,80],"card_choices":[{"not_picked":["Pummel","Flex"],"picked":"Wild Strike","floor":1.0},{"not_picked":["Thunderclap","Flex"],"picked":"Inflame","floor":2.0},{"not_picked":["Dropkick","Rampage"],"picked":"True Grit","floor":5.0},{"not_picked":["Clash","Flex"],"picked":"Power Through","floor":6.0},{"not_picked":["Seeing Red","Pommel Strike"],"picked":"Whirlwind","floor":8.0},{"not_picked":["Clothesline","Metallicize"],"picked":"Shrug It Off","floor":13.0},{"not_picked":["Perfected Strike","Wild Strike","True Grit"],"picked":"SKIP","floor":14.0},{"not_picked":["Fiend Fire","Juggernaut"],"picked":"Offering","floor":16.0},{"not_picked":["Havoc+1","Sword Boomerang"],"picked":"Armaments","floor":18.0},{"not_picked":["Thunderclap","Anger"],"picked":"Pommel Strike","floor":22.0},{"not_picked":["Dropkick+1","Havoc","Fiend Fire"],"picked":"SKIP","floor":24.0},{"not_picked":["Dropkick+1","Havoc","Fiend Fire"],"picked":"SKIP","floor":24.0},{"not_picked":["Sword Boomerang","Warcry+1"],"picked":"Bloodletting+1","floor":25.0},{"not_picked":["Fire Breathing","Cleave","Demon Form"],"picked":"SKIP","floor":27.0},{"not_picked":["Anger+1","Warcry"],"picked":"Blood for Blood","floor":31.0},{"not_picked":["Juggernaut","Demon Form"],"picked":"Immolate","floor":33.0},{"not_picked":["Body Slam+1","Flex+1"],"picked":"Dual Wield+1","floor":35.0},{"not_picked":["Clash","Searing Blow+1","Body Slam"],"picked":"SKIP","floor":36.0},{"not_picked":["Metallicize+1","Body Slam+1"],"picked":"Disarm","floor":37.0},{"not_picked":["Thunderclap+1","Sword Boomerang"],"picked":"Heavy Blade+1","floor":38.0},{"not_picked":["Body Slam","Warcry+1"],"picked":"Second Wind","floor":40.0},{"not_picked":["Entrench+1","Flex"],"picked":"Inflame","floor":44.0},{"not_picked":["Flame Barrier","Flex+1"],"picked":"Battle Trance+1","floor":46.0}],"player_experience":841615,"relics_obtained":[{"floor":6.0,"key":"Bronze Scales"},{"floor":8.0,"key":"FossilizedHelix"},{"floor":9.0,"key":"The Courier"},{"floor":24.0,"key":"Bottled Tornado"},{"floor":26.0,"key":"MawBank"},{"floor":27.0,"key":"Bottled Flame"},{"floor":40.0,"key":"Incense Burner"},{"floor":43.0,"key":"Lantern"}],"event_choices":[{"damage_healed":0.0,"max_hp_gain":0.0,"max_hp_loss":0.0,"gold_gain":0.0,"cards_transformed":["Defend_R"],"event_name":"Living Wall","player_choice":"Change","floor":4.0,"gold_loss":0.0,"damage_taken":0.0,"cards_obtained":["Cleave"]},{"damage_healed":0.0,"max_hp_gain":0.0,"max_hp_loss":0.0,"gold_gain":100.0,"event_name":"Golden Shrine","player_choice":"Pray","floor":11.0,"gold_loss":0.0,"damage_taken":0.0},{"damage_healed":0.0,"max_hp_gain":0.0,"max_hp_loss":0.0,"gold_gain":0.0,"event_name":"The Mausoleum","player_choice":"Ignored","floor":21.0,"gold_loss":0.0,"damage_taken":0.0},{"cards_removed":["Strike_R"],"damage_healed":0.0,"max_hp_gain":0.0,"max_hp_loss":0.0,"gold_gain":0.0,"event_name":"Falling","player_choice":"Removed Attack","floor":48.0,"gold_loss":0.0,"damage_taken":0.0}],"is_beta":false,"boss_relics":[{"not_picked":["SacredBark","Coffee Dripper"],"picked":"Philosopher\u0027s Stone"},{"not_picked":["Busted Crown","Snecko Eye"],"picked":"Cursed Key"}],"items_purged_floors":[3,19,42,45],"is_endless":false,"potions_floor_spawned":[2,6,16,18,22,35,38,44],"ascension_level":4}}