{"host":"vyjryxuuuxkt43k4","time":1611227250,"event":{"mods":["AchievementEnabler","BaseMod","Colored Map","DeckTracker","Keyboard Shortcuts","Minty Spire (QoL Compilation)","Permanent Neow","Quick Restart","StSLib","SuperFastMode","everything is the same but u backflip on backflip"],"gold_per_floor":[117,117,132,147,159,189,206,206,233,299,326,33,158,173,173,269,269,285,285,285],"floor_reached":19,"language":"KOR","playtime":976,"items_purged":[],"score":262,"play_id":"a00dbc85-9021-4d69-bcd6-fad817f2b63d","local_time":"20210121200730","is_ascension_mode":true,"campfire_choices":[{"floor":8.0,"key":"REST"},{"floor":15.0,"key":"REST"}],"circlet_count":0,"master_deck":["Strike_G","Strike_G","Strike_G","Strike_G","Strike_G","Defend_G","Defend_G","Defend_G","Defend_G","Defend_G","Survivor+1","Neutralize","Terror+1","Quick Slash","Dagger Spray","Finisher","Slice","Masterful Stab","Cloak And Dagger","Bouncing Flask","Blade Dance","Corpse Explosion","Deflect+1","Dodge and Roll"],"relics":["Ring of the Snake","Calipers","SsserpentHead","Ancient Tea Set","Regal Pillow","War Paint","Prayer Wheel","Snecko Eye"],"acts_visited":["Exordium","TheCity"],"potions_floor_usage":[],"damage_taken":[{"damage":0.0,"enemies":"2 Louse","floor":1.0,"turns":3.0},{"damage":0.0,"enemies":"Cultist","floor":3.0,"turns":3.0},{"damage":2.0,"enemies":"Jaw Worm","floor":4.0,"turns":4.0},{"damage":23.0,"enemies":"Gremlin Gang","floor":5.0,"turns":5.0},{"damage":5.0,"enemies":"Lagavulin","floor":6.0,"turns":5.0},{"damage":18.0,"enemies":"Exordium Thugs","floor":7.0,"turns":5.0},{"damage":1.0,"enemies":"Exordium Wildlife","floor":10.0,"turns":3.0},{"damage":7.0,"enemies":"3 Sentries","floor":11.0,"turns":7.0},{"damage":0.0,"enemies":"Looter","floor":14.0,"turns":2.0},{"damage":43.0,"enemies":"The Guardian","floor":16.0,"turns":9.0},{"damage":23.0,"enemies":"2 Thieves","floor":18.0,"turns":4.0},{"damage":27,"enemies":"Spheric Guardian","floor":19,"turns":5}],"seed_played":"7830796602086608358","potions_obtained":[{"floor":1.0,"key":"Energy Potion"},{"floor":3.0,"key":"DuplicationPotion"},{"floor":7.0,"key":"LiquidMemories"},{"floor":10.0,"key":"PowerPotion"},{"floor":11.0,"key":"ColorlessPotion"}],"is_trial":false,"path_per_floor":["M","?","M","M","M","E","M","R","T","M","E","$","?","M","R","B",null,"M","M"],"character_chosen":"THE_SILENT","items_purchased":["Prayer Wheel"],"campfire_rested":2,"item_purchase_floors":[12],"current_hp_per_floor":[63,63,63,61,38,33,15,33,33,32,25,25,14,14,47,4,48,25,0,0],"gold":285,"neow_bonus":"ONE_RARE_RELIC","is_daily":false,"chose_seed":true,"campfire_upgraded":0,"win_rate":0.0,"timestamp":1611227250,"path_taken":["M","?","M","M","M","E","M","R","T","?","E","$","?","M","R","BOSS","M","M"],"items_purchased_type":["Relic"],"build_version":"2020-12-22","purchased_purges":0,"victory":false,"max_hp_per_floor":[63,63,63,63,63,63,63,63,63,63,63,63,63,63,63,63,63,63,63,63],"card_choices":[{"not_picked":["Cloak And Dagger","Outmaneuver"],"picked":"Terror","floor":1.0},{"not_picked":["Cloak And Dagger","Accuracy"],"picked":"Quick Slash","floor":3.0},{"not_picked":["Quick Slash","Masterful Stab"],"picked":"Dagger Spray","floor":4.0},{"not_picked":["Eviscerate","Backflip"],"picked":"Finisher","floor":5.0},{"not_picked":["Prepared","Escape Plan"],"picked":"Slice","floor":6.0},{"not_picked":["Calculated Gamble","Slice"],"picked":"Masterful Stab","floor":7.0},{"not_picked":["Dagger Spray","Dagger Throw"],"picked":"Cloak And Dagger","floor":10.0},{"not_picked":["Eviscerate","Corpse Explosion"],"picked":"Bouncing Flask","floor":11.0},{"not_picked":["Bane","Flying Knee"],"picked":"Blade Dance","floor":14.0},{"not_picked":["Prepared","Riddle With Holes","Eviscerate"],"picked":"SKIP","floor":14.0},{"not_picked":["Malaise","Phantasmal Killer"],"picked":"Corpse Explosion","floor":16.0},{"not_picked":["Deadly Poison","Cloak And Dagger"],"picked":"Deflect+1","floor":18.0},{"not_picked":["Riddle With Holes","Flechettes"],"picked":"Dodge and Roll","floor":18.0}],"player_experience":201715,"relics_obtained":[{"floor":6.0,"key":"Ancient Tea Set"},{"floor":9.0,"key":"Regal Pillow"},{"floor":11.0,"key":"War Paint"}],"event_choices":[{"damage_healed":0.0,"max_hp_gain":0.0,"max_hp_loss":0.0,"gold_gain":0.0,"event_name":"FaceTrader","player_choice":"Trade","floor":2.0,"gold_loss":0.0,"damage_taken":0.0,"relics_obtained":["SsserpentHead"]},{"damage_healed":0.0,"max_hp_gain":0.0,"max_hp_loss":0.0,"gold_gain":75.0,"event_name":"World of Goop","player_choice":"Gather Gold","floor":13.0,"gold_loss":0.0,"damage_taken":11.0}],"is_beta":false,"boss_relics":[{"not_picked":["Ectoplasm","Fusion Hammer"],"picked":"Snecko Eye"}],"items_purged_floors":[],"is_endless":false,"potions_floor_spawned":[1,3,7,10,11],"killed_by":"Spheric Guardian","ascension_level":9}}