{"host":"ELF","time":1611258694,"event":{"mods":["BaseMod","Bestiary","Minty Spire (QoL Compilation)","Relic Stats","Slay the Relics Exporter"],"gold_per_floor":[116,291,291,291,73,73,108,28,76,110,110,129,129,154,154,154,154],"floor_reached":16,"language":"ENG","playtime":508,"items_purged":["Doubt"],"score":250,"play_id":"4f5c9cc6-206c-4636-afbd-000e9c325f22","local_time":"20210121135134","is_ascension_mode":true,"campfire_choices":[{"floor":6,"key":"REST"},{"data":"WaveOfTheHand","floor":15,"key":"SMITH"}],"circlet_count":0,"master_deck":["AscendersBane","Strike_P","Strike_P","Strike_P","Strike_P","Defend_P","Defend_P","Defend_P","Defend_P","Eruption","Vigilance","Conclude","FlurryOfBlows","MentalFortress","Meditate+1","WaveOfTheHand+1"],"relics":["PureWater","NeowsBlessing","Golden Idol","Gremlin Horn","Vajra","Yang","Damaru","Bag of Preparation"],"acts_visited":["Exordium"],"potions_floor_usage":[],"damage_taken":[{"damage":0,"enemies":"Small Slimes","floor":1,"turns":1},{"damage":0,"enemies":"Lagavulin","floor":7,"turns":1},{"damage":0,"enemies":"3 Sentries","floor":10,"turns":1},{"damage":2,"enemies":"Jaw Worm","floor":12,"turns":3},{"damage":6,"enemies":"2 Louse","floor":14,"turns":4},{"damage":47,"enemies":"Hexaghost","floor":16,"turns":14}],"seed_played":"6050187809630187994","potions_obtained":[{"floor":1,"key":"Block Potion"},{"floor":12,"key":"ColorlessPotion"}],"is_trial":false,"path_per_floor":["M","?","?","?","$","R","E","$","T","E","?","M","$","M","R","B"],"character_chosen":"WATCHER","items_purchased":["Vajra","MentalFortress"],"campfire_rested":1,"item_purchase_floors":[5,8],"current_hp_per_floor":[65,65,47,29,29,50,50,50,50,50,50,48,48,42,42,0,0],"gold":154,"neow_bonus":"THREE_ENEMY_KILL","is_daily":false,"chose_seed":false,"campfire_upgraded":1,"win_rate":0.0,"timestamp":1611258694,"path_taken":["M","?","?","?","$","R","E","$","T","E","?","?","?","M","R","BOSS"],"items_purchased_type":["Relic","Card"],"build_version":"2020-12-18","purchased_purges":1,"victory":false,"max_hp_per_floor":[72,72,72,72,72,72,72,72,72,72,72,72,72,72,72,72,72],"relic_stats":{"Gremlin Horn":[1,1],"counters":[6,24],"Golden Idol":23,"Yang":[38],"Bag of Preparation":[6],"obtain_stats":[{"NeowsBlessing":0,"Gremlin Horn":4,"Golden Idol":3,"Vajra":5,"Damaru":9,"Yang":7,"Bag of Preparation":10,"PureWater":0},{"NeowsBlessing":0,"Gremlin Horn":1,"Golden Idol":1,"Vajra":1,"Damaru":2,"Yang":2,"Bag of Preparation":3,"PureWater":0},{"NeowsBlessing":0,"Gremlin Horn":1,"Golden Idol":1,"Vajra":1,"Damaru":2,"Yang":2,"Bag of Preparation":3,"PureWater":0}]},"card_choices":[{"not_picked":["FlyingSleeves","EmptyMind"],"picked":"Conclude","floor":1},{"not_picked":["SashWhip","Protect"],"picked":"FlurryOfBlows","floor":7},{"not_picked":["FollowUp","Vengeance"],"picked":"Meditate","floor":10},{"not_picked":["CutThroughFate","Protect"],"picked":"WaveOfTheHand","floor":12},{"not_picked":["SashWhip","Sanctity","SignatureMove"],"picked":"SKIP","floor":14}],"player_experience":3264033,"relics_obtained":[{"floor":7,"key":"Yang"},{"floor":9,"key":"Damaru"},{"floor":10,"key":"Bag of Preparation"}],"event_choices":[{"damage_healed":0,"gold_gain":175,"player_choice":"AGREE","damage_taken":0,"max_hp_gain":0,"max_hp_loss":0,"event_name":"Liars Game","floor":2,"gold_loss":0,"cards_obtained":["Doubt"]},{"damage_healed":0,"gold_gain":0,"player_choice":"Take Damage","damage_taken":18,"relics_obtained":["Golden Idol"],"max_hp_gain":0,"max_hp_loss":0,"event_name":"Golden Idol","floor":3,"gold_loss":0},{"damage_healed":0,"gold_gain":0,"player_choice":"Success","damage_taken":18,"relics_obtained":["Gremlin Horn"],"max_hp_gain":0,"max_hp_loss":0,"event_name":"Scrap Ooze","floor":4,"gold_loss":0},{"damage_healed":0,"gold_gain":0,"player_choice":"Grow","damage_taken":0,"max_hp_gain":0,"max_hp_loss":0,"event_name":"Living Wall","floor":11,"gold_loss":0,"cards_upgraded":["Meditate"]}],"is_beta":true,"boss_relics":[],"items_purged_floors":[5],"is_endless":false,"potions_floor_spawned":[1,12],"killed_by":"Hexaghost","ascension_level":12}}