{"host":"2qv44oxt58ptq59r","time":1611259057,"event":{"mods":["AchievementEnabler","BaseMod","Colored Powertips","Highlight Path","Minty Spire (QoL Compilation)","Permanent Neow","StSLib"],"gold_per_floor":[114,130,80,3,13,13,13,27,27,27,47,47,47],"floor_reached":12,"language":"ENG","playtime":763,"items_purged":[],"score":70,"play_id":"3f5aea6a-d8da-4066-9a99-14a385fa8756","local_time":"20210121195737","is_ascension_mode":false,"campfire_choices":[{"data":"Zap","floor":6,"key":"SMITH"}],"circlet_count":0,"master_deck":["Strike_B","Strike_B","Strike_B","Defend_B","Defend_B","Defend_B","Defend_B","Zap+1","Dualcast","Force Field","Go for the Eyes","Storm","Redo","Genetic Algorithm","Conserve Battery"],"relics":["Cracked Core","Golden Idol","Bottled Tornado"],"acts_visited":["Exordium"],"potions_floor_usage":[12],"damage_taken":[{"damage":0,"enemies":"2 Louse","floor":1,"turns":3},{"damage":10,"enemies":"Small Slimes","floor":2,"turns":3},{"damage":4,"enemies":"Cultist","floor":5,"turns":4},{"damage":5,"enemies":"3 Louse","floor":8,"turns":4},{"damage":3,"enemies":"Exordium Wildlife","floor":11,"turns":4},{"damage":68,"enemies":"Gremlin Nob","floor":12,"turns":5}],"seed_played":"-1570020838935688227","potions_obtained":[{"floor":1,"key":"AttackPotion"}],"is_trial":false,"path_per_floor":["M","M","?","$","M","R","?","M","T","$","M","E"],"character_chosen":"DEFECT","items_purchased":["Storm"],"campfire_rested":0,"item_purchase_floors":[4],"current_hp_per_floor":[75,65,65,65,61,61,43,38,38,38,35,0,0],"gold":47,"neow_bonus":"THREE_CARDS","is_daily":false,"chose_seed":false,"campfire_upgraded":1,"win_rate":0.0,"timestamp":1611259057,"path_taken":["M","M","?","$","M","R","?","M","T","$","M","E"],"items_purchased_type":["Card"],"build_version":"2020-12-22","purchased_purges":0,"victory":false,"max_hp_per_floor":[75,75,75,75,75,75,75,75,75,75,75,75,75],"card_choices":[{"not_picked":["Go for the Eyes","Steam"],"picked":"Force Field","floor":0},{"not_picked":["Chaos","Conserve Battery"],"picked":"Go for the Eyes","floor":1},{"not_picked":["Heatsinks","Sunder","Compile Driver"],"picked":"SKIP","floor":2},{"not_picked":["Blizzard","Hello World"],"picked":"Redo","floor":5},{"not_picked":["Reinforced Body","FTL"],"picked":"Genetic Algorithm","floor":8},{"not_picked":["Sweeping Beam","Chaos"],"picked":"Conserve Battery","floor":11}],"player_experience":5443698,"relics_obtained":[{"floor":9,"key":"Bottled Tornado"}],"event_choices":[{"cards_removed":["Strike_B"],"damage_healed":0,"gold_gain":0,"player_choice":"Card Removal","damage_taken":0,"max_hp_gain":0,"max_hp_loss":0,"event_name":"The Cleric","floor":3,"gold_loss":50},{"damage_healed":0,"gold_gain":0,"player_choice":"Take Damage","damage_taken":18,"relics_obtained":["Golden Idol"],"max_hp_gain":0,"max_hp_loss":0,"event_name":"Golden Idol","floor":7,"gold_loss":0}],"is_beta":false,"boss_relics":[],"items_purged_floors":[],"is_endless":false,"potions_floor_spawned":[1],"killed_by":"Gremlin Nob","ascension_level":0}}