{"host":"8rqsnaeml9gxb0kp","time":1611209496,"event":{"mods":["AchievementEnabler","BaseMod","Dark Map","Minty Spire (QoL Compilation)","StSLib"],"gold_per_floor":[112,132,151,0,14,14,42,52,52,52,52,127,152,22,22,122,122,132,147,147,165,47,47,76,76,76,89,102,130,130,144,144,241,241,260,270,281,32,42,42,21,32,32,50,50,50,67,85,85,85,85],"floor_reached":50,"language":"ENG","playtime":2288,"items_purged":["Defend_R"],"score":672,"play_id":"4488a6d9-7af7-493a-aad4-e205d210a37a","local_time":"20210120221136","is_ascension_mode":true,"campfire_choices":[{"data":"Pommel Strike","floor":6,"key":"SMITH"},{"floor":10,"key":"REST"},{"floor":15,"key":"REST"},{"data":"Apotheosis","floor":23,"key":"SMITH"},{"floor":25,"key":"REST"},{"floor":30,"key":"REST"},{"data":"Rupture","floor":32,"key":"SMITH"},{"data":"Pommel Strike","floor":40,"key":"SMITH"},{"data":"Clothesline","floor":46,"key":"SMITH"},{"floor":49,"key":"REST"}],"circlet_count":0,"master_deck":["Strike_R","Strike_R","Strike_R","Strike_R","Strike_R","Defend_R","Defend_R","Defend_R","Bash","Combust","Pommel Strike+1","Rampage","Hemokinesis","Clothesline+1","Headbutt","Pommel Strike+1","Cleave+1","Apotheosis+1","Reaper+1","Blood for Blood+1","Inflame","Pommel Strike+1","Shrug It Off+1","Reaper+1","Rupture+1","Twin Strike+1","Spot Weakness+1","Reaper+1","Shrug It Off+1","Sword Boomerang+1","Cleave+1","Twin Strike+1","Cleave+1","Pummel+1","Dual Wield+1","Shrug It Off"],"relics":["Burning Blood","Oddly Smooth Stone","Molten Egg 2","The Courier","Thread and Needle","Runic Cube","Lee\u0027s Waffle","Ginger","Vajra","Shuriken","Philosopher\u0027s Stone","Magic Flower","Bronze Scales"],"acts_visited":["Exordium","TheCity","TheBeyond"],"potions_floor_usage":[8,13,16,21,29,37,48,50],"damage_taken":[{"damage":1,"enemies":"Cultist","floor":1,"turns":4},{"damage":12,"enemies":"2 Louse","floor":2,"turns":3},{"damage":7,"enemies":"Jaw Worm","floor":3,"turns":4},{"damage":16,"enemies":"Blue Slaver","floor":5,"turns":3},{"damage":24,"enemies":"Gremlin Nob","floor":7,"turns":4},{"damage":21,"enemies":"Exordium Thugs","floor":8,"turns":5},{"damage":22,"enemies":"3 Sentries","floor":13,"turns":3},{"damage":43,"enemies":"Slime Boss","floor":16,"turns":7},{"damage":25,"enemies":"Shell Parasite","floor":18,"turns":5},{"damage":22,"enemies":"Spheric Guardian","floor":19,"turns":4},{"damage":15,"enemies":"Snecko","floor":21,"turns":4},{"damage":70,"enemies":"Book of Stabbing","floor":24,"turns":7},{"damage":19,"enemies":"Snake Plant","floor":27,"turns":4},{"damage":29,"enemies":"Chosen and Byrds","floor":28,"turns":6},{"damage":18,"enemies":"Slavers","floor":29,"turns":5},{"damage":29,"enemies":"Cultist and Chosen","floor":31,"turns":5},{"damage":28,"enemies":"Champ","floor":33,"turns":10},{"damage":54,"enemies":"3 Darklings","floor":35,"turns":4},{"damage":12,"enemies":"Orb Walker","floor":36,"turns":3},{"damage":44,"enemies":"3 Darklings","floor":37,"turns":3},{"damage":35,"enemies":"Sphere and 2 Shapes","floor":39,"turns":4},{"damage":7,"enemies":"Transient","floor":42,"turns":5},{"damage":14,"enemies":"4 Shapes","floor":44,"turns":1},{"damage":51,"enemies":"Spire Growth","floor":47,"turns":4},{"damage":44,"enemies":"Writhing Mass","floor":48,"turns":5},{"damage":55,"enemies":"Awakened One","floor":50,"turns":3}],"seed_played":"-105186332937758825","potions_obtained":[{"floor":3,"key":"Block Potion"},{"floor":5,"key":"PowerPotion"},{"floor":7,"key":"Ancient Potion"},{"floor":8,"key":"FearPotion"},{"floor":18,"key":"HeartOfIron"},{"floor":27,"key":"AttackPotion"},{"floor":35,"key":"Weak Potion"},{"floor":37,"key":"ElixirPotion"},{"floor":47,"key":"Weak Potion"}],"is_trial":false,"path_per_floor":["M","M","M","$","M","R","E","M","T","R","?","?","E","$","R","B",null,"M","M","?","M","$","R","E","R","T","M","M","E","R","M","R","B",null,"M","M","M","$","M","R","$","M","T","M","?","R","M","M","R","B"],"character_chosen":"IRONCLAD","items_purchased":["Hemokinesis","Apotheosis","Lee\u0027s Waffle","Magic Flower","Cleave+1"],"campfire_rested":5,"item_purchase_floors":[4,14,22,38,41],"current_hp_per_floor":[85,79,78,78,68,68,50,35,35,61,54,43,27,27,53,16,70,51,35,64,55,95,95,39,67,67,54,40,28,56,45,45,34,80,95,89,78,78,82,82,82,84,84,79,79,79,58,23,50,0,0],"gold":85,"neow_bonus":"TEN_PERCENT_HP_BONUS","is_daily":false,"chose_seed":false,"campfire_upgraded":5,"win_rate":0.0,"timestamp":1611209496,"path_taken":["M","M","M","$","M","R","E","M","T","R","?","?","E","$","R","BOSS","M","M","?","M","$","R","E","R","T","M","M","E","R","M","R","BOSS","M","M","M","$","M","R","$","M","T","M","?","R","M","M","R","BOSS"],"items_purchased_type":["Card","Card","Relic","Relic","Card"],"build_version":"2020-12-22","purchased_purges":1,"victory":false,"max_hp_per_floor":[88,88,88,88,88,88,88,88,88,88,88,88,88,88,88,88,88,88,88,88,88,95,95,95,95,95,95,95,95,95,95,95,95,95,95,95,95,95,95,95,95,95,95,95,90,90,90,90,90,90,90],"card_choices":[{"not_picked":["Warcry","Entrench"],"picked":"Combust","floor":1},{"not_picked":["Twin Strike","Spot Weakness"],"picked":"Pommel Strike","floor":2},{"not_picked":["Headbutt","Heavy Blade"],"picked":"Rampage","floor":3},{"not_picked":["Warcry","Sword Boomerang"],"picked":"Clothesline","floor":5},{"not_picked":["Feel No Pain","Berserk"],"picked":"Headbutt","floor":7},{"not_picked":["Havoc","Body Slam"],"picked":"Pommel Strike","floor":8},{"not_picked":["Seeing Red","Dark Embrace"],"picked":"Cleave+1","floor":13},{"not_picked":["Exhume","Impervious"],"picked":"Reaper+1","floor":16},{"not_picked":["Heavy Blade+1","Cleave+1"],"picked":"Blood for Blood+1","floor":18},{"not_picked":["Anger+1","Dual Wield+1"],"picked":"Inflame","floor":19},{"not_picked":["Perfected Strike+1","Anger+1"],"picked":"Pommel Strike+1","floor":21},{"not_picked":["Heavy Blade+1","Headbutt+1"],"picked":"Shrug It Off+1","floor":24},{"not_picked":["Wild Strike+1","Reckless Charge+1"],"picked":"Reaper+1","floor":27},{"not_picked":["Cleave+1","Clothesline+1"],"picked":"Rupture","floor":28},{"not_picked":["Thunderclap+1","Body Slam+1"],"picked":"Twin Strike+1","floor":29},{"not_picked":["Blood for Blood+1","Fire Breathing"],"picked":"Spot Weakness+1","floor":31},{"not_picked":["Fiend Fire+1","Berserk"],"picked":"Reaper+1","floor":33},{"not_picked":["Pommel Strike+1","Sever Soul+1"],"picked":"Shrug It Off+1","floor":35},{"not_picked":["Armaments+1","Feed+1"],"picked":"Sword Boomerang+1","floor":36},{"not_picked":["Warcry+1","True Grit"],"picked":"Cleave+1","floor":37},{"not_picked":["Sentinel","Anger+1"],"picked":"Twin Strike+1","floor":39},{"not_picked":["Iron Wave+1","Juggernaut"],"picked":"Pummel+1","floor":42},{"not_picked":["Perfected Strike+1","Intimidate","Anger+1"],"picked":"SKIP","floor":44},{"not_picked":["Feel No Pain","Metallicize"],"picked":"Dual Wield+1","floor":47},{"not_picked":["Heavy Blade+1","Brutality"],"picked":"Shrug It Off","floor":48}],"player_experience":113552,"relics_obtained":[{"floor":7,"key":"Oddly Smooth Stone"},{"floor":9,"key":"Molten Egg 2"},{"floor":13,"key":"Thread and Needle"},{"floor":24,"key":"Ginger"},{"floor":26,"key":"Vajra"},{"floor":29,"key":"Shuriken"},{"floor":43,"key":"Bronze Scales"}],"event_choices":[{"damage_healed":0,"gold_gain":0,"player_choice":"Success","damage_taken":7,"relics_obtained":["The Courier"],"max_hp_gain":0,"max_hp_loss":0,"event_name":"Scrap Ooze","floor":11,"gold_loss":0},{"damage_healed":0,"gold_gain":75,"player_choice":"Gather Gold","damage_taken":11,"max_hp_gain":0,"max_hp_loss":0,"event_name":"World of Goop","floor":12,"gold_loss":0},{"damage_healed":29,"gold_gain":0,"player_choice":"Heal","damage_taken":0,"max_hp_gain":0,"max_hp_loss":0,"event_name":"The Library","floor":20,"gold_loss":0},{"damage_healed":0,"gold_gain":0,"player_choice":"Max HP","damage_taken":0,"max_hp_gain":0,"max_hp_loss":5,"event_name":"Winding Halls","floor":45,"gold_loss":0}],"is_beta":false,"boss_relics":[{"not_picked":["Ectoplasm","Black Blood"],"picked":"Runic Cube"},{"not_picked":["Tiny House","Runic Pyramid"],"picked":"Philosopher\u0027s Stone"}],"items_purged_floors":[4],"is_endless":false,"potions_floor_spawned":[3,5,7,8,18,27,35,37,47],"killed_by":"Awakened One","ascension_level":6}}