{"host":"dt8l0my8qdt1qx2n","time":1611235823,"event":{"mods":["BaseMod","Marisa£®ÏF”Í°°ƒß¿Ì…≥£©","Minty Spire (QoL Compilation)","Remilia£®¿Ÿ√◊¿Ú—«£©","The Servant 0.9.4","Yuyuko","[IsaacMod]“‘»ˆº‚À˛"],"gold_per_floor":[110,35,50,62,81,81,111,111,111,11,11,47,147,173,173,273,273,286,297,314,333,345,393,393,430,430,447,502,502,522,547,547,644,644,659,738,750,761,797,826,864,914,995,995,995,1070,1070,1100,1100,1100],"floor_reached":51,"language":"ZHS","playtime":2156,"items_purged":["Strike_RM","Defend_RM"],"score":898,"play_id":"377049f8-e53f-40ab-864d-22a9d3435806","local_time":"20210121213023","is_ascension_mode":false,"campfire_choices":[{"data":"RedMoon","floor":6,"key":"SMITH"},{"data":"ScarletShoot","floor":8,"key":"SMITH"},{"data":"EpicFetus","floor":11,"key":"SMITH"},{"data":"Stigmanizer","floor":15,"key":"SMITH"},{"data":"BloodySeventeenLaser","floor":24,"key":"SMITH"},{"data":"UnstableMagic","floor":32,"key":"SMITH"},{"data":"ChaoticDestiny","floor":44,"key":"SMITH"},{"data":"BloodHunter","floor":47,"key":"SMITH"},{"data":"LeisurelyOfLord","floor":49,"key":"SMITH"}],"circlet_count":0,"master_deck":["Strike_RM+1","Strike_RM+1","Defend_RM+1","Defend_RM+1","Defend_RM+1","RedMoon+1","ScarletShoot+1","EpicFetus+1","EndlessAdversity","FavorOfDestiny+1","LeisurelyOfLord+1","ScarletImprint","EternalNight+1","Stigmanizer+1","BloodySeventeenLaser+1","BloodHunter+1","UnstableMagic+1","ScarletImprint+1","UnstableMagic+1","ChaoticDestiny+1","Parasite"],"relics":["ScarletHat","HushsDoor","GuppysHead","GuppysTail","Kunai","Odd Mushroom","Coffee Dripper","Incubus","Shuriken","GuppysPaw","Frozen Egg 2","Lizard Tail","Busted Crown","DeadEye","War Paint","Bottled Tornado","CatCart"],"acts_visited":["Exordium","TheCity","TheBeyond"],"potions_floor_usage":[7,16,16,25,50,50],"damage_taken":[{"damage":1,"enemies":"Jaw Worm","floor":1,"turns":4},{"damage":0,"enemies":"Cultist","floor":3,"turns":5},{"damage":0,"enemies":"2 Louse","floor":4,"turns":2},{"damage":7,"enemies":"Blue Slaver","floor":5,"turns":9},{"damage":11,"enemies":"Lagavulin","floor":7,"turns":7},{"damage":19,"enemies":"Exordium Wildlife","floor":12,"turns":7},{"damage":4,"enemies":"The Mushroom Lair","floor":14,"turns":3},{"damage":30,"enemies":"The Guardian","floor":16,"turns":9},{"damage":3,"enemies":"Shell Parasite","floor":18,"turns":3},{"damage":18,"enemies":"3 Byrds","floor":19,"turns":3},{"damage":0,"enemies":"Snake Plant","floor":20,"turns":1},{"damage":17,"enemies":"Cultist and Chosen","floor":21,"turns":4},{"damage":3,"enemies":"Shelled Parasite and Fungi","floor":22,"turns":4},{"damage":12,"enemies":"Slavers","floor":23,"turns":4},{"damage":4,"enemies":"Snake Plant","floor":25,"turns":4},{"damage":0,"enemies":"Cultist and Chosen","floor":27,"turns":2},{"damage":0,"enemies":"Book of Stabbing","floor":28,"turns":3},{"damage":0,"enemies":"Centurion and Healer","floor":30,"turns":2},{"damage":0,"enemies":"Slavers","floor":31,"turns":3},{"damage":1,"enemies":"Champ","floor":33,"turns":4},{"damage":0,"enemies":"Orb Walker","floor":35,"turns":2},{"damage":0,"enemies":"3 Darklings","floor":37,"turns":2},{"damage":31,"enemies":"Jaw Worm Horde","floor":38,"turns":1},{"damage":6,"enemies":"Writhing Mass","floor":39,"turns":4},{"damage":0,"enemies":"Nemesis","floor":40,"turns":3},{"damage":0,"enemies":"3 Darklings","floor":41,"turns":2},{"damage":0,"enemies":"Giant Head","floor":42,"turns":2},{"damage":0,"enemies":"Orin","floor":46,"turns":4},{"damage":0,"enemies":"Spire Growth","floor":48,"turns":2},{"damage":4,"enemies":"Donu and Deca","floor":50,"turns":3}],"seed_played":"7109275781258919205","potions_obtained":[{"floor":4,"key":"Ancient Potion"},{"floor":7,"key":"SmokeBomb"},{"floor":12,"key":"DistilledChaos"},{"floor":14,"key":"FearPotion"},{"floor":21,"key":"GamblersBrew"},{"floor":23,"key":"Weak Potion"},{"floor":25,"key":"Strength Potion"},{"floor":27,"key":"SteroidPotion"},{"floor":31,"key":"CultistPotion"}],"is_trial":false,"path_per_floor":["M","$","M","M","M","R","E","R","T","$","R","M","?","?","R","B",null,"M","M","M","M","M","E","R","M","T","M","E","?","M","E","R","B",null,"M","T","M","M","M","E","M","E","T","R","?","?","R","M","R","B",null],"character_chosen":"REMILIA","items_purchased":["Incubus"],"campfire_rested":0,"item_purchase_floors":[17],"current_hp_per_floor":[81,81,82,82,81,81,74,74,74,74,74,58,58,54,54,40,62,62,44,48,31,29,23,23,24,24,24,27,27,33,33,33,52,62,62,62,62,31,35,37,37,41,41,41,41,61,61,61,61,61],"gold":1100,"neow_bonus":"TEN_PERCENT_HP_BONUS","is_daily":false,"chose_seed":false,"campfire_upgraded":9,"win_rate":0.0,"timestamp":1611235823,"path_taken":["M","$","M","M","M","R","E","R","T","$","R","M","?","?","R","BOSS","M","M","M","M","M","E","R","M","T","M","E","?","M","E","R","BOSS","M","?","M","M","M","E","M","E","T","R","?","?","R","M","R","BOSS"],"items_purchased_type":["Relic"],"build_version":"2020-12-22","purchased_purges":2,"victory":true,"max_hp_per_floor":[82,82,82,82,82,82,82,82,82,82,82,82,82,82,82,82,62,62,62,62,62,62,62,62,62,62,62,62,62,62,62,62,62,62,62,62,62,62,62,62,62,62,62,62,62,62,62,62,62,62],"card_choices":[{"not_picked":[],"picked":"EpicFetus","floor":0},{"not_picked":["DevilSight","BloodyMagicSquare","TwelveNightmare"],"picked":"SKIP","floor":1},{"not_picked":["AfternoonTea","BlasphemousPunishment","RedRainbow"],"picked":"SKIP","floor":3},{"not_picked":["NightDance","BlasphemousPunishment"],"picked":"EndlessAdversity","floor":4},{"not_picked":["Septette","GlobalNightmare"],"picked":"FavorOfDestiny","floor":5},{"not_picked":["FavorOfDestiny","ScarletDream"],"picked":"LeisurelyOfLord","floor":7},{"not_picked":["VampireKiss","BlasphemousPunishment"],"picked":"ScarletImprint","floor":12},{"not_picked":["FavorOfDestiny","RedMagic"],"picked":"EternalNight","floor":13},{"not_picked":["BlasphemousPunishment","FitfulNightmare"],"picked":"Stigmanizer","floor":14},{"not_picked":["QueenOfMidnight","ScarletMeister"],"picked":"BloodySeventeenLaser","floor":16},{"not_picked":["MastersStateliness","RedRainbow"],"picked":"BloodHunter","floor":18},{"not_picked":["ForbiddenFruit","VampirishNight","NightDance"],"picked":"SKIP","floor":19},{"not_picked":["BloodyTrap","BloodHunter"],"picked":"UnstableMagic","floor":20},{"not_picked":["VampireFantasy","ScarletGensokyo+1","BloodHunter"],"picked":"SKIP","floor":21},{"not_picked":["DiffusionOfMisfortune","MastersStateliness","NightLord"],"picked":"SKIP","floor":22},{"not_picked":["ScarletDevil","DiffusionOfMisfortune","ScarletMeister"],"picked":"SKIP","floor":23},{"not_picked":["DevilSight","ScarletDream"],"picked":"ScarletImprint+1","floor":25},{"not_picked":["UnderTheZenith","EmergencyRegeneration","BloodyTrap+1"],"picked":"SKIP","floor":27},{"not_picked":["ScarletSymphony+1","EmergencyRegeneration"],"picked":"UnstableMagic+1","floor":28},{"not_picked":["CharismaGuard+1","ScarletDevil","TwelveNightmare+1"],"picked":"SKIP","floor":30},{"not_picked":["Septette+1","UnstableMagic","FavorOfDestiny+1"],"picked":"SKIP","floor":31},{"not_picked":["CurseOfVladTepes+1","TricksterDevil+1"],"picked":"ChaoticDestiny","floor":33},{"not_picked":["NightDance"],"picked":"SKIP","floor":35},{"not_picked":["BombardNight"],"picked":"SKIP","floor":37},{"not_picked":["EndlessAdversity"],"picked":"SKIP","floor":38},{"not_picked":["MastersStateliness+1"],"picked":"SKIP","floor":39},{"not_picked":["GlobalNightmare"],"picked":"SKIP","floor":40},{"not_picked":["ScarletDevil"],"picked":"SKIP","floor":41},{"not_picked":["RedMagic"],"picked":"SKIP","floor":42},{"not_picked":["SuperhumanBloodyKnife+1"],"picked":"SKIP","floor":48}],"player_experience":135065,"relics_obtained":[{"floor":7,"key":"GuppysTail"},{"floor":9,"key":"Kunai"},{"floor":14,"key":"Odd Mushroom"},{"floor":23,"key":"Shuriken"},{"floor":26,"key":"GuppysPaw"},{"floor":28,"key":"Frozen Egg 2"},{"floor":31,"key":"Lizard Tail"},{"floor":36,"key":"DeadEye"},{"floor":40,"key":"War Paint"},{"floor":43,"key":"Bottled Tornado"},{"floor":46,"key":"CatCart"}],"event_choices":[{"damage_healed":0,"gold_gain":0,"player_choice":"Fought Mushrooms","damage_taken":0,"max_hp_gain":0,"max_hp_loss":0,"event_name":"Mushrooms","floor":14,"gold_loss":0},{"damage_healed":0,"gold_gain":0,"player_choice":"Simplicity","damage_taken":0,"max_hp_gain":0,"max_hp_loss":0,"event_name":"Back to Basics","floor":29,"gold_loss":0,"cards_upgraded":["Strike_RM","Strike_RM","Strike_RM","Defend_RM","Defend_RM","Defend_RM"]},{"cards_removed":["Strike_RM"],"damage_healed":0,"gold_gain":0,"player_choice":"Removed Attack","damage_taken":0,"max_hp_gain":0,"max_hp_loss":0,"event_name":"Falling","floor":45,"gold_loss":0},{"damage_healed":0,"gold_gain":0,"player_choice":"Fight","damage_taken":0,"max_hp_gain":0,"max_hp_loss":0,"event_name":"OrinTheCat","floor":46,"gold_loss":0}],"is_beta":false,"boss_relics":[{"not_picked":["Calling Bell","Runic Pyramid"],"picked":"Coffee Dripper"},{"not_picked":[]},{"not_picked":["Fusion Hammer","Philosopher\u0027s Stone"],"picked":"Busted Crown"},{"not_picked":[]}],"items_purged_floors":[2,10],"is_endless":false,"potions_floor_spawned":[4,12,14,21,23,25,27,31,37,41,42,48],"ascension_level":0}}