{"host":"hfxp6ue4pvwo3fit","time":1611189985,"event":{"mods":["AchievementEnabler","BaseMod","Colored Map","Colored Powertips","Highlight Path","Minty Spire (QoL Compilation)","Relic Stats","StSLib","SuperFastMode"],"gold_per_floor":[112,128,128,9,27,27,47,78,78,116,116,135,171,171,171,270,270,285,285,37,37,61,61,92,92,92,92,92],"floor_reached":27,"language":"ENG","playtime":820,"items_purged":["Strike_B"],"score":548,"play_id":"1c4dc6e0-77eb-49a6-b7e9-cba2846c21e4","local_time":"20210120184625","is_ascension_mode":true,"campfire_choices":[{"data":"Defragment","floor":6,"key":"SMITH"},{"floor":11,"key":"REST"},{"floor":15,"key":"REST"},{"data":"Fission","floor":23,"key":"SMITH"},{"data":"Glacier","floor":25,"key":"SMITH"}],"circlet_count":0,"master_deck":["AscendersBane","Strike_B","Strike_B","Strike_B+1","Defend_B","Defend_B","Defend_B","Defend_B","Zap","Dualcast","Genetic Algorithm","Sweeping Beam+1","Defragment+1","Chill","Gash","Cold Snap","Ball Lightning","All For One","Ball Lightning","Machine Learning","Fission+1","Leap","Glacier+1"],"relics":["Velvet Choker","Golden Idol","Centennial Puzzle","PreservedInsect","Meat on the Bone","Art of War","Snecko Eye","Nilry\u0027s Codex","Runic Capacitor","Calipers","StrikeDummy"],"acts_visited":["Exordium","TheCity"],"potions_floor_usage":[8,10,16,24,24,27],"damage_taken":[{"damage":14,"enemies":"Jaw Worm","floor":1,"turns":4},{"damage":6,"enemies":"2 Louse","floor":2,"turns":2},{"damage":0,"enemies":"Cultist","floor":5,"turns":5},{"damage":12,"enemies":"Large Slime","floor":7,"turns":4},{"damage":23,"enemies":"Gremlin Nob","floor":8,"turns":6},{"damage":4,"enemies":"Lagavulin","floor":10,"turns":6},{"damage":0,"enemies":"3 Louse","floor":12,"turns":3},{"damage":0,"enemies":"Gremlin Nob","floor":13,"turns":3},{"damage":19,"enemies":"The Guardian","floor":16,"turns":9},{"damage":14,"enemies":"Spheric Guardian","floor":18,"turns":5},{"damage":2,"enemies":"3 Byrds","floor":22,"turns":5},{"damage":8,"enemies":"Slavers","floor":24,"turns":4},{"damage":34,"enemies":"Gremlin Leader","floor":27,"turns":4}],"seed_played":"6057400522148334056","potions_obtained":[{"floor":1,"key":"FocusPotion"},{"floor":7,"key":"Explosive Potion"},{"floor":8,"key":"FocusPotion"},{"floor":13,"key":"LiquidBronze"},{"floor":22,"key":"FocusPotion"},{"floor":24,"key":"Fruit Juice"}],"is_trial":false,"path_per_floor":["M","M","?","$","M","R","M","E","T","E","R","M","E","?","R","B",null,"M","?","$","?","M","R","E","R","T","E"],"character_chosen":"DEFECT","items_purchased":["Defragment","Chill","Runic Capacitor"],"campfire_rested":2,"item_purchase_floors":[4,4,20],"current_hp_per_floor":[50,44,44,44,44,44,32,9,9,5,24,36,36,17,36,29,55,41,20,20,14,24,24,28,28,28,0,0],"gold":92,"neow_bonus":"BOSS_RELIC","is_daily":false,"chose_seed":false,"campfire_upgraded":3,"win_rate":0.0,"timestamp":1611189985,"path_taken":["M","M","?","$","M","R","M","E","T","E","R","M","E","?","R","BOSS","M","?","$","?","M","R","E","R","T","E"],"items_purchased_type":["Card","Card","Relic"],"build_version":"2020-12-22","purchased_purges":1,"victory":false,"max_hp_per_floor":[71,71,64,64,64,64,64,64,64,64,64,64,64,64,64,64,64,64,64,64,64,64,64,64,64,64,69,69],"relic_stats":{"Centennial Puzzle":[18],"counters":[13,60],"Golden Idol":67,"Snecko Eye":[31,33,39,41],"PreservedInsect":139,"Art of War":[6],"obtain_stats":[{"Centennial Puzzle":8,"Calipers":24,"Golden Idol":3,"Nilry\u0027s Codex":19,"Velvet Choker":0,"Snecko Eye":17,"PreservedInsect":9,"Art of War":13,"Runic Capacitor":20,"Cracked Core":0,"StrikeDummy":26,"Meat on the Bone":10},{"Centennial Puzzle":5,"Calipers":12,"Golden Idol":2,"Nilry\u0027s Codex":10,"Velvet Choker":0,"Snecko Eye":9,"PreservedInsect":5,"Art of War":8,"Runic Capacitor":10,"Cracked Core":0,"StrikeDummy":12,"Meat on the Bone":6},{"Centennial Puzzle":21,"Calipers":56,"Golden Idol":6,"Nilry\u0027s Codex":47,"Velvet Choker":0,"Snecko Eye":42,"PreservedInsect":21,"Art of War":33,"Runic Capacitor":47,"Cracked Core":0,"StrikeDummy":56,"Meat on the Bone":27}],"Meat on the Bone":48},"card_choices":[{"not_picked":["Rebound","Beam Cell"],"picked":"Genetic Algorithm","floor":1},{"not_picked":["Coolheaded","Gash"],"picked":"Sweeping Beam","floor":2},{"not_picked":["Coolheaded","Leap"],"picked":"Gash","floor":5},{"not_picked":["Stack","Leap"],"picked":"Cold Snap","floor":7},{"not_picked":["Compile Driver","Stack"],"picked":"Ball Lightning","floor":8},{"not_picked":["Tempest","Force Field"],"picked":"All For One","floor":10},{"not_picked":["Barrage","Coolheaded"],"picked":"Ball Lightning","floor":12},{"not_picked":["Gash","Steam"],"picked":"Machine Learning","floor":13},{"not_picked":["Rainbow","Multi-Cast"],"picked":"Fission","floor":16},{"not_picked":["Undo","Beam Cell","Barrage"],"picked":"SKIP","floor":18},{"not_picked":["Hello World","Chaos"],"picked":"Leap","floor":22},{"not_picked":["Redo","White Noise"],"picked":"Glacier","floor":24}],"player_experience":507339,"relics_obtained":[{"floor":8,"key":"Centennial Puzzle"},{"floor":9,"key":"PreservedInsect"},{"floor":10,"key":"Meat on the Bone"},{"floor":13,"key":"Art of War"},{"floor":19,"key":"Nilry\u0027s Codex"},{"floor":24,"key":"Calipers"},{"floor":26,"key":"StrikeDummy"}],"event_choices":[{"damage_healed":0,"gold_gain":0,"player_choice":"Lose Max HP","damage_taken":0,"relics_obtained":["Golden Idol"],"max_hp_gain":0,"max_hp_loss":7,"event_name":"Golden Idol","floor":3,"gold_loss":0},{"damage_healed":0,"gold_gain":0,"player_choice":"Entered Light","damage_taken":19,"max_hp_gain":0,"max_hp_loss":0,"event_name":"Shining Light","floor":14,"gold_loss":0,"cards_upgraded":["Strike_B","Sweeping Beam"]},{"damage_healed":0,"gold_gain":0,"player_choice":"Obtained Book","damage_taken":21,"max_hp_gain":0,"max_hp_loss":0,"event_name":"Cursed Tome","floor":19,"gold_loss":0},{"damage_healed":0,"gold_gain":0,"player_choice":"","damage_taken":6,"max_hp_gain":0,"max_hp_loss":0,"event_name":"Knowing Skull","floor":21,"potions_obtained":[],"gold_loss":0,"cards_obtained":[]}],"is_beta":false,"boss_relics":[{"not_picked":["Sozu","Philosopher\u0027s Stone"],"picked":"Snecko Eye"}],"items_purged_floors":[20],"is_endless":false,"potions_floor_spawned":[1,7,8,13,22,24],"killed_by":"Gremlin Leader","ascension_level":20}}