{"host":"k85tjwrh7mjrrc9a","time":1611258931,"event":{"mods":["AchievementEnabler","BaseMod","Colored Powertips","Highlight Path","Minty Spire (QoL Compilation)","Rare Cards Sparkle","StSLib"],"gold_per_floor":[112,112,112,122,122,122,135,148,175,185,58,58,71,98,98,196,196,216,131,131,131,148,148,176,176,176,189,199,199,43,53,53,155,155,171,171,190,190,190],"floor_reached":38,"language":"ENG","playtime":2073,"items_purged":["Strike_P"],"score":416,"play_id":"56c9b1ed-4d36-4c2f-a91a-4adaed3b0190","local_time":"20210121145531","is_ascension_mode":true,"campfire_choices":[{"floor":6.0,"key":"REST"},{"data":"PathToVictory","floor":12.0,"key":"SMITH"},{"data":"PathToVictory","floor":15.0,"key":"SMITH"},{"data":"PathToVictory","floor":23.0,"key":"SMITH"},{"data":"Evaluate","floor":25.0,"key":"SMITH"},{"floor":29.0,"key":"REST"},{"floor":32.0,"key":"REST"}],"circlet_count":0,"master_deck":["Strike_P","Strike_P","Strike_P","Defend_P","Defend_P","Defend_P","Defend_P","Eruption","Vigilance","PathToVictory+1","JustLucky","PathToVictory+1","PathToVictory+1","SashWhip","Evaluate+1","EmptyMind","EmptyMind","Scrawl","Study","Writhe","ThirdEye+1","CrushJoints","LessonLearned","ThirdEye+1","Evaluate"],"relics":["PureWater","Tiny Chest","Potion Belt","Ginger","Philosopher\u0027s Stone","Gremlin Horn","Omamori","Oddly Smooth Stone","Question Card","Unceasing Top","Regal Pillow","SlaversCollar","Ancient Tea Set"],"acts_visited":["Exordium","TheCity","TheBeyond"],"potions_floor_usage":[38],"damage_taken":[{"damage":2.0,"enemies":"Jaw Worm","floor":1.0,"turns":4.0},{"damage":8.0,"enemies":"Small Slimes","floor":4.0,"turns":6.0},{"damage":0.0,"enemies":"2 Louse","floor":7.0,"turns":3.0},{"damage":0.0,"enemies":"Looter","floor":8.0,"turns":3.0},{"damage":4.0,"enemies":"Exordium Wildlife","floor":10.0,"turns":3.0},{"damage":0.0,"enemies":"2 Fungi Beasts","floor":13.0,"turns":2.0},{"damage":8.0,"enemies":"Lagavulin","floor":14.0,"turns":5.0},{"damage":30.0,"enemies":"Slime Boss","floor":16.0,"turns":10.0},{"damage":20.0,"enemies":"Spheric Guardian","floor":18.0,"turns":5.0},{"damage":3.0,"enemies":"Chosen","floor":22.0,"turns":3.0},{"damage":10.0,"enemies":"Book of Stabbing","floor":24.0,"turns":4.0},{"damage":17.0,"enemies":"Centurion and Healer","floor":27.0,"turns":5.0},{"damage":14.0,"enemies":"Cultist and Chosen","floor":28.0,"turns":6.0},{"damage":2.0,"enemies":"Snake Plant","floor":31.0,"turns":2.0},{"damage":48.0,"enemies":"Collector","floor":33.0,"turns":7.0},{"damage":31,"enemies":"Orb Walker","floor":35,"turns":4},{"damage":21,"enemies":"3 Darklings","floor":37,"turns":4},{"damage":49,"enemies":"Transient","floor":38,"turns":5}],"seed_played":"-2640992860312580639","potions_obtained":[{"floor":0.0,"key":"DistilledChaos"},{"floor":0.0,"key":"FearPotion"},{"floor":0.0,"key":"DistilledChaos"},{"floor":13.0,"key":"Explosive Potion"},{"floor":16.0,"key":"SkillPotion"},{"floor":22.0,"key":"BlessingOfTheForge"},{"floor":33.0,"key":"Explosive Potion"}],"is_trial":false,"path_per_floor":["M","$","?","M","?","R","M","M","T","M","$","R","M","E","R","B",null,"M","?","?","T","M","R","E","R","T","M","M","R","$","M","R","B",null,"M","?","M","M"],"character_chosen":"WATCHER","items_purchased":["Evaluate","Regal Pillow"],"campfire_rested":3,"item_purchase_floors":[11,30],"current_hp_per_floor":[70,70,45,37,37,58,58,58,58,54,54,54,54,46,46,16,72,52,52,52,52,49,49,39,39,39,22,8,29,29,27,63,15,72,41,41,20,0,0],"gold":190,"neow_bonus":"THREE_SMALL_POTIONS","is_daily":false,"chose_seed":false,"campfire_upgraded":4,"win_rate":0.0,"timestamp":1611258931,"path_taken":["M","$","?","M","?","R","M","M","T","M","$","R","M","E","R","BOSS","M","?","?","?","?","R","E","R","T","M","M","R","$","M","R","BOSS","M","?","?","M"],"items_purchased_type":["Card","Relic"],"build_version":"2020-12-22","purchased_purges":1,"victory":false,"max_hp_per_floor":[72,72,72,72,72,72,72,72,72,72,72,72,72,72,72,72,72,72,72,72,72,72,72,72,72,72,72,72,72,72,72,72,72,72,72,72,72,72,72],"card_choices":[{"not_picked":["FlyingSleeves","MentalFortress"],"picked":"PathToVictory","floor":1.0},{"not_picked":["ClearTheMind","Tantrum"],"picked":"JustLucky","floor":4.0},{"not_picked":["Scrawl","FollowUp"],"picked":"PathToVictory","floor":7.0},{"not_picked":["Study","JustLucky"],"picked":"PathToVictory","floor":8.0},{"not_picked":["Protect","Vengeance"],"picked":"SashWhip","floor":10.0},{"not_picked":["Weave","BowlingBash"],"picked":"EmptyMind","floor":13.0},{"not_picked":["BowlingBash","Worship"],"picked":"EmptyMind","floor":14.0},{"not_picked":["Alpha","Blasphemy"],"picked":"Scrawl","floor":16.0},{"not_picked":["PathToVictory+1","Swivel+1"],"picked":"Study","floor":18.0},{"not_picked":["Swivel+1","TalkToTheHand","Consecrate+1"],"picked":"SKIP","floor":22.0},{"not_picked":["Indignation","WheelKick","Judgement"],"picked":"SKIP","floor":24.0},{"not_picked":["FlyingSleeves","FollowUp+1","BattleHymn+1"],"picked":"ThirdEye+1","floor":27.0},{"not_picked":["EmptyFist","Fasting2","Meditate"],"picked":"CrushJoints","floor":28.0},{"not_picked":["Pray","Consecrate","Crescendo","Halt"],"picked":"SKIP","floor":31.0},{"not_picked":["Ragnarok","MasterReality","Brilliance"],"picked":"LessonLearned","floor":33.0},{"not_picked":["FollowUp+1","SashWhip","Consecrate"],"picked":"ThirdEye+1","floor":35},{"not_picked":["Consecrate","Halt+1","FlyingSleeves+1"],"picked":"Evaluate","floor":37}],"player_experience":203834,"relics_obtained":[{"floor":9.0,"key":"Potion Belt"},{"floor":14.0,"key":"Ginger"},{"floor":21.0,"key":"Oddly Smooth Stone"},{"floor":24.0,"key":"Question Card"},{"floor":26.0,"key":"Unceasing Top"}],"event_choices":[{"damage_healed":0.0,"max_hp_gain":0.0,"max_hp_loss":0.0,"gold_gain":0.0,"event_name":"Scrap Ooze","player_choice":"Success","floor":3.0,"gold_loss":0.0,"damage_taken":25.0,"relics_obtained":["Tiny Chest"]},{"damage_healed":0.0,"max_hp_gain":0.0,"max_hp_loss":0.0,"gold_gain":0.0,"event_name":"Liars Game","player_choice":"Ignored","floor":5.0,"gold_loss":0.0,"damage_taken":0.0},{"damage_healed":0.0,"max_hp_gain":0.0,"max_hp_loss":0.0,"gold_gain":0.0,"event_name":"Addict","player_choice":"Obtained Relic","floor":19.0,"gold_loss":85.0,"damage_taken":0.0,"relics_obtained":["Gremlin Horn"]},{"damage_healed":0.0,"max_hp_gain":0.0,"max_hp_loss":0.0,"gold_gain":0.0,"event_name":"The Mausoleum","player_choice":"Opened","floor":20.0,"gold_loss":0.0,"damage_taken":0.0,"relics_obtained":["Omamori"],"cards_obtained":["Writhe"]},{"damage_healed":0,"gold_gain":0,"player_choice":"Gave Potion","damage_taken":0,"relics_obtained":["Ancient Tea Set"],"max_hp_gain":0,"max_hp_loss":0,"event_name":"WeMeetAgain","floor":36,"gold_loss":0}],"is_beta":false,"boss_relics":[{"not_picked":["Black Star","Cursed Key"],"picked":"Philosopher\u0027s Stone"},{"not_picked":["Empty Cage","VioletLotus"],"picked":"SlaversCollar"}],"items_purged_floors":[11],"is_endless":false,"potions_floor_spawned":[4,13,16,22,33],"killed_by":"Transient","ascension_level":1}}