{"host":"xofguaajdv1n6kut","time":1611248873,"event":{"mods":["AchievementEnabler","AlwaysNeverKeys","BaseMod","Better Altar","Better Match","Better Note","Better Sensory Stone","Better Skull","Better Third Choice","Better Vampires","BetterRewards","Colored Map","Colored Powertips","Custom Start","Downfall","Googly Eyes","Hermit","Highlight Path","Marisa????????","Minty Spire (QoL Compilation)","Relic Stats","StSLib","SuperFastMode"],"gold_per_floor":[115,115,290,290,309,353,353,353,407,478,499,499,523,547,547,675,675,689,712,712,712,735,735,750,765,789,23,23,44,44,44],"floor_reached":30,"language":"RUS","playtime":1525,"items_purged":["Parasite"],"score":255,"play_id":"9930c693-10ca-4fd6-a456-6d7df756e9b4","local_time":"20210121200753","is_ascension_mode":false,"campfire_choices":[{"data":"Tempest","floor":8,"key":"SMITH"},{"floor":15,"key":"REST"},{"floor":23,"key":"REST"}],"circlet_count":0,"master_deck":["Strike_B","Strike_B","Strike_B","Strike_B","Defend_B","Defend_B","Defend_B","Defend_B","Zap","Dualcast","Auto Shields","Doubt","Tempest+1","Ball Lightning","Bandage Up","Melter","Chill","Conserve Battery","Buffer","Cold Snap","Chill+1","Barrage+1","Chaos","Rip and Tear"],"relics":["Cracked Core","NeowsBlessing","Golden Idol","Bird Faced Urn","Blood Vial","Pantograph","SlaversCollar","Enchiridion","PreservedInsect","MealTicket","Lantern","Mercury Hourglass","Frozen Eye"],"acts_visited":["Exordium","TheCity"],"potions_floor_usage":[14,18,24,30,30],"damage_taken":[{"damage":0,"enemies":"Jaw Worm","floor":1,"turns":1},{"damage":0,"enemies":"2 Louse","floor":5,"turns":1},{"damage":0,"enemies":"3 Sentries","floor":6,"turns":2},{"damage":46,"enemies":"Lagavulin Event","floor":10,"turns":7},{"damage":7,"enemies":"Small Slimes","floor":11,"turns":3},{"damage":12,"enemies":"Exordium Thugs","floor":13,"turns":4},{"damage":0,"enemies":"Large Slime","floor":14,"turns":4},{"damage":34,"enemies":"Slime Boss","floor":16,"turns":8},{"damage":21,"enemies":"3 Byrds","floor":18,"turns":4},{"damage":9,"enemies":"Chosen","floor":19,"turns":5},{"damage":58,"enemies":"Centurion and Healer","floor":24,"turns":17},{"damage":7,"enemies":"Snecko","floor":25,"turns":6},{"damage":36,"enemies":"3 Cultists","floor":29,"turns":6},{"damage":12,"enemies":"Gremlin Leader","floor":30,"turns":4}],"seed_played":"9118917330474351310","potions_obtained":[{"floor":10,"key":"Energy Potion"},{"floor":13,"key":"Dexterity Potion"},{"floor":16,"key":"AttackPotion"},{"floor":18,"key":"AttackPotion"},{"floor":19,"key":"FocusPotion"}],"is_trial":false,"path_per_floor":["M","?","?","?","M","E","?","R","T","?","M","?","M","M","R","B",null,"M","M","?","?","T","R","M","M","T","$","?","M","E"],"character_chosen":"DEFECT","items_purchased":["Lantern","Mercury Hourglass","Chaos","Frozen Eye","Rip and Tear"],"campfire_rested":2,"item_purchase_floors":[27,27,27,27,27],"current_hp_per_floor":[75,57,57,57,57,57,57,57,57,17,16,34,28,34,56,45,75,58,57,57,41,41,63,15,12,12,27,27,1,0,0],"gold":44,"neow_bonus":"THREE_ENEMY_KILL","is_daily":false,"chose_seed":false,"campfire_upgraded":1,"win_rate":0.0,"timestamp":1611248873,"path_taken":["M","?","?","?","?","E","?","R","T","?","M","?","M","M","R","BOSS","M","M","?","?","?","R","?","M","T","?","?","M","E"],"items_purchased_type":["Relic","Relic","Card","Relic","Card"],"build_version":"2020-12-22","purchased_purges":1,"victory":false,"max_hp_per_floor":[75,75,75,75,75,75,75,75,75,75,75,75,75,75,75,75,75,75,75,75,75,75,75,75,75,75,72,72,72,72,72],"relic_stats":{"Blood Vial":18,"counters":[14,72],"Golden Idol":79,"Bird Faced Urn":[16],"Pantograph":19,"MealTicket":15,"PreservedInsect":46,"obtain_stats":[{"Lantern":27,"NeowsBlessing":0,"Golden Idol":2,"Enchiridion":21,"PreservedInsect":22,"Mercury Hourglass":27,"Blood Vial":9,"SlaversCollar":17,"Frozen Eye":27,"Bird Faced Urn":6,"Pantograph":10,"MealTicket":26,"Cracked Core":0},{"Lantern":12,"NeowsBlessing":0,"Golden Idol":1,"Enchiridion":10,"PreservedInsect":10,"Mercury Hourglass":12,"Blood Vial":3,"SlaversCollar":8,"Frozen Eye":12,"Bird Faced Urn":3,"Pantograph":3,"MealTicket":12,"Cracked Core":0},{"Lantern":62,"NeowsBlessing":0,"Golden Idol":1,"Enchiridion":39,"PreservedInsect":39,"Mercury Hourglass":62,"Blood Vial":4,"SlaversCollar":30,"Frozen Eye":62,"Bird Faced Urn":4,"Pantograph":4,"MealTicket":62,"Cracked Core":0}],"Mercury Hourglass":[78]},"card_choices":[{"not_picked":["Coolheaded","Stack"],"picked":"Auto Shields","floor":1},{"not_picked":["Chaos","Conserve Battery"],"picked":"Tempest","floor":5},{"not_picked":["Genetic Algorithm","Heatsinks"],"picked":"Ball Lightning","floor":6},{"not_picked":["Forethought","Blind"],"picked":"Bandage Up","floor":7},{"not_picked":["Chill","Redo"],"picked":"Melter","floor":11},{"not_picked":["Barrage","Streamline"],"picked":"Chill","floor":13},{"not_picked":["Go for the Eyes","Leap"],"picked":"Conserve Battery","floor":14},{"not_picked":["Electrodynamics","Thunder Strike"],"picked":"Buffer","floor":16},{"not_picked":["Stack","Redo"],"picked":"Cold Snap","floor":18},{"not_picked":["Conserve Battery","Static Discharge"],"picked":"Chill+1","floor":19},{"not_picked":["Coolheaded+1","Beam Cell"],"picked":"Barrage+1","floor":24},{"not_picked":["Stack","Static Discharge","Leap"],"picked":"SKIP","floor":25},{"not_picked":["Go for the Eyes","Redo","Compile Driver"],"picked":"SKIP","floor":29}],"player_experience":18454,"relics_obtained":[{"floor":6,"key":"Bird Faced Urn"},{"floor":9,"key":"Blood Vial"},{"floor":21,"key":"Enchiridion"},{"floor":22,"key":"PreservedInsect"},{"floor":26,"key":"MealTicket"}],"event_choices":[{"damage_healed":0,"gold_gain":0,"player_choice":"Take Damage","damage_taken":18,"relics_obtained":["Golden Idol"],"max_hp_gain":0,"max_hp_loss":0,"event_name":"Golden Idol","floor":2,"gold_loss":0},{"damage_healed":0,"gold_gain":175,"player_choice":"AGREE","damage_taken":115,"max_hp_gain":0,"max_hp_loss":0,"event_name":"betterThird:BetterSerpent","floor":3,"gold_loss":0},{"damage_healed":0,"gold_gain":0,"player_choice":"Ignored","damage_taken":0,"max_hp_gain":0,"max_hp_loss":0,"event_name":"Golden Wing","floor":4,"gold_loss":0},{"damage_healed":0,"gold_gain":1,"player_choice":"1","damage_taken":0,"max_hp_gain":0,"max_hp_loss":0,"event_name":"betterStone:BetterStone","floor":7,"gold_loss":0},{"damage_healed":0,"gold_gain":30,"player_choice":"Searched \u00273\u0027 times","damage_taken":0,"relics_obtained":["Pantograph"],"max_hp_gain":0,"max_hp_loss":0,"event_name":"Dead Adventurer","floor":10,"gold_loss":0},{"damage_healed":18,"gold_gain":0,"player_choice":"Healed and dodged fight","damage_taken":0,"max_hp_gain":0,"max_hp_loss":0,"event_name":"Mushrooms","floor":12,"gold_loss":0,"cards_obtained":["Parasite"]},{"cards_removed":["Doubt"],"damage_healed":0,"gold_gain":0,"player_choice":"Give","damage_taken":0,"max_hp_gain":0,"max_hp_loss":0,"event_name":"betterNote:BetterNote","floor":20,"gold_loss":0,"cards_obtained":["Warcry"]},{"damage_healed":0,"gold_gain":0,"player_choice":"Obtained Book","damage_taken":16,"max_hp_gain":0,"max_hp_loss":0,"event_name":"Cursed Tome","floor":21,"gold_loss":0},{"damage_healed":0,"gold_gain":0,"player_choice":"Ignored","damage_taken":0,"max_hp_gain":0,"max_hp_loss":0,"event_name":"Ghosts","floor":28,"gold_loss":0}],"is_beta":false,"boss_relics":[{"not_picked":["Empty Cage","Velvet Choker"],"picked":"SlaversCollar"}],"items_purged_floors":[27],"is_endless":false,"potions_floor_spawned":[10,13,16,18,19],"killed_by":"Gremlin Leader","ascension_level":0}}