{"host":"d8d3jqle49sogkjv","time":1611255895,"event":{"mods":["BaseMod","Colored Map","Colored Powertips","Minty Spire (QoL Compilation)","StSLib"],"gold_per_floor":[117,117,192,192,192,232,232,247,321,271,290,324,343,343,343,468,468,482,582,602,285,166,210,225,225,225],"floor_reached":25,"language":"ENG","playtime":1111,"items_purged":["Defend_P"],"score":305,"play_id":"af5e5899-468f-408b-863c-1b13bad767ea","local_time":"20210121200455","is_ascension_mode":true,"campfire_choices":[{"floor":7,"key":"REST"},{"data":"FollowUp","floor":15,"key":"SMITH"}],"circlet_count":0,"master_deck":["Strike_P+1","Strike_P+1","Defend_P","Defend_P","Eruption","Vigilance","WindmillStrike","ReachHeaven","FollowUp+1","Prostrate","Wireheading","MentalFortress","FlurryOfBlows","Scrawl","Devotion","Prostrate"],"relics":["PureWater","Golden Idol","Blood Vial","Pocketwatch","Bottled Lightning","Strawberry","Sozu","Eternal Feather","Torii"],"acts_visited":["Exordium","TheCity"],"potions_floor_usage":[6,25],"damage_taken":[{"damage":4.0,"enemies":"Small Slimes","floor":1.0,"turns":2.0},{"damage":16,"enemies":"Gremlin Nob","floor":6,"turns":3},{"damage":3,"enemies":"2 Louse","floor":8,"turns":2},{"damage":2,"enemies":"Jaw Worm","floor":11,"turns":3},{"damage":0,"enemies":"Lagavulin","floor":12,"turns":4},{"damage":0,"enemies":"Large Slime","floor":13,"turns":3},{"damage":19,"enemies":"Hexaghost","floor":16,"turns":8},{"damage":18,"enemies":"Shell Parasite","floor":18,"turns":6},{"damage":0,"enemies":"Spheric Guardian","floor":20,"turns":3},{"damage":36,"enemies":"Book of Stabbing","floor":23,"turns":4},{"damage":16,"enemies":"Snake Plant","floor":24,"turns":4},{"damage":21,"enemies":"Slavers","floor":25,"turns":2}],"seed_played":"2774913378128223832","potions_obtained":[{"floor":1.0,"key":"Swift Potion"},{"floor":6,"key":"CultistPotion"}],"is_trial":false,"path_per_floor":["M","?","?","?","T","E","R","M","T","?","M","E","M","?","R","B",null,"M","?","M","$","$","E","M","E"],"character_chosen":"WATCHER","items_purchased":["Eternal Feather","Devotion","Prostrate"],"campfire_rested":1,"item_purchase_floors":[21,22,22],"current_hp_per_floor":[61,45,34,21,21,7,26,25,25,25,25,34,36,41,41,24,77,59,59,61,61,61,27,13,0,0],"gold":225,"neow_bonus":"TRANSFORM_TWO_CARDS","is_daily":false,"chose_seed":false,"campfire_upgraded":1,"win_rate":0.0,"timestamp":1611255895,"path_taken":["M","?","?","?","?","E","R","M","T","?","?","E","M","?","R","BOSS","M","?","M","?","$","E","M","E"],"items_purchased_type":["Relic","Card","Card"],"build_version":"2020-12-22","purchased_purges":1,"victory":false,"max_hp_per_floor":[65,65,65,65,65,65,65,65,65,65,65,72,72,77,77,77,77,77,77,77,77,77,77,77,77,77],"card_choices":[{"not_picked":["Protect","CutThroughFate"],"picked":"FollowUp","floor":1.0},{"not_picked":["JustLucky","EmptyFist"],"picked":"Prostrate","floor":6},{"not_picked":["CrushJoints","FlurryOfBlows"],"picked":"Wireheading","floor":8},{"not_picked":["Wireheading","JustLucky"],"picked":"MentalFortress","floor":11},{"not_picked":["JustLucky","MentalFortress"],"picked":"FlurryOfBlows","floor":12},{"not_picked":["CutThroughFate","Halt","Crescendo"],"picked":"SKIP","floor":13},{"not_picked":["ConjureBlade","Brilliance"],"picked":"Scrawl","floor":16},{"not_picked":["Protect","FlyingSleeves","Evaluate"],"picked":"SKIP","floor":18},{"not_picked":["EmptyBody+1","Weave","EmptyFist"],"picked":"SKIP","floor":20},{"not_picked":["ThirdEye","Conclude","Vengeance+1"],"picked":"SKIP","floor":23},{"not_picked":["Consecrate","CrushJoints","EmptyBody"],"picked":"SKIP","floor":24}],"player_experience":415952,"relics_obtained":[{"floor":5.0,"key":"Blood Vial"},{"floor":6,"key":"Pocketwatch"},{"floor":9,"key":"Bottled Lightning"},{"floor":12,"key":"Strawberry"},{"floor":23,"key":"Torii"}],"event_choices":[{"damage_healed":0.0,"max_hp_gain":0.0,"max_hp_loss":0.0,"gold_gain":0.0,"event_name":"Golden Idol","player_choice":"Take Damage","floor":2.0,"gold_loss":0.0,"damage_taken":16.0,"relics_obtained":["Golden Idol"]},{"damage_healed":0.0,"max_hp_gain":0.0,"max_hp_loss":0.0,"gold_gain":75.0,"event_name":"World of Goop","player_choice":"Gather Gold","floor":3.0,"gold_loss":0.0,"damage_taken":11.0},{"damage_healed":0.0,"max_hp_gain":0.0,"max_hp_loss":0.0,"gold_gain":0.0,"event_name":"Shining Light","player_choice":"Entered Light","floor":4.0,"gold_loss":0.0,"damage_taken":13.0,"cards_upgraded":["Strike_P","Strike_P"]},{"cards_removed":["Strike_P"],"damage_healed":0,"gold_gain":0,"player_choice":"Card Removal","damage_taken":0,"max_hp_gain":0,"max_hp_loss":0,"event_name":"The Cleric","floor":10,"gold_loss":50},{"damage_healed":0,"gold_gain":0,"player_choice":"Donut","damage_taken":0,"max_hp_gain":5,"max_hp_loss":0,"event_name":"Big Fish","floor":14,"gold_loss":0},{"damage_healed":0,"gold_gain":100,"player_choice":"Pray","damage_taken":0,"max_hp_gain":0,"max_hp_loss":0,"event_name":"Golden Shrine","floor":19,"gold_loss":0}],"is_beta":false,"boss_relics":[{"not_picked":["Empty Cage","Fusion Hammer"],"picked":"Sozu"}],"items_purged_floors":[21],"is_endless":false,"potions_floor_spawned":[1,6,20],"killed_by":"Slavers","ascension_level":4}}