{"host":"4hkuu26ltn0le3bk","time":1611194177,"event":{"mods":["100% Spire Juice","Arknights The Spire","Astrologer","BaseMod","BetterRewards","Clockwork Mod","Colored Map","Colored Powertips","Downfall","Friendly Minions","Gremlin Mod","Hermit","Marisa????????","Minty Spire (QoL Compilation)","Quick Restart","StSLib","Td1madao Mod","The Bug Knight","The Construct","The Cursed","The Disciple","The Factory","The Hierophant","The Jungle","The Servant 0.9.4"],"gold_per_floor":[117,132,82,92,267,294,65,79,79,91,103,125,157,185,197,209,209],"floor_reached":16,"language":"ENG","playtime":649,"items_purged":["Doubt"],"score":104,"play_id":"21291a39-5de0-4522-806c-44685de353d7","local_time":"20210120205617","is_ascension_mode":false,"campfire_choices":[{"data":"construct:Stasis","floor":15,"key":"SMITH"}],"circlet_count":0,"master_deck":["construct:Strike_Gold","construct:Strike_Gold","construct:Strike_Gold","construct:Strike_Gold","construct:Strike_Gold","construct:Defend_Gold","construct:Defend_Gold","construct:Defend_Gold","construct:Defend_Gold","construct:AttackMode","construct:DefenseMode","construct:CripplingShot","construct:Disrupt","construct:ShieldBurst","construct:Stasis+1","construct:Reinforce"],"relics":["construct:Cogwheel","Matryoshka","Blood Vial","MawBank"],"acts_visited":["Exordium"],"potions_floor_usage":[6,13,14,16],"damage_taken":[{"damage":2,"enemies":"Jaw Worm","floor":1,"turns":5},{"damage":6,"enemies":"2 Louse","floor":2,"turns":3},{"damage":0,"enemies":"Cultist","floor":4,"turns":4},{"damage":24,"enemies":"Gremlin Nob","floor":6,"turns":4},{"damage":7,"enemies":"Blue Slaver","floor":8,"turns":9},{"damage":5,"enemies":"Red Slaver","floor":12,"turns":4},{"damage":36,"enemies":"Gremlin Gang","floor":13,"turns":4},{"damage":5,"enemies":"3 Louse","floor":14,"turns":3},{"damage":35,"enemies":"Slime Boss","floor":16,"turns":3}],"seed_played":"5186954239143066118","potions_obtained":[{"floor":2,"key":"SteroidPotion"},{"floor":8,"key":"Regen Potion"},{"floor":13,"key":"Fruit Juice"},{"floor":14,"key":"PowerPotion"}],"is_trial":false,"path_per_floor":["M","M","?","M","?","E","$","M","T","$","$","M","M","M","R","B"],"character_chosen":"THE_CONSTRUCT_MOD","items_purchased":["Blood Vial"],"campfire_rested":0,"item_purchase_floors":[7],"current_hp_per_floor":[91,85,85,85,85,61,61,56,56,56,56,53,24,26,26,0,0],"gold":209,"neow_bonus":"TEN_PERCENT_HP_BONUS","is_daily":false,"chose_seed":false,"campfire_upgraded":1,"win_rate":0.0,"timestamp":1611194177,"path_taken":["M","M","?","M","?","E","$","M","T","?","$","M","M","M","R","BOSS"],"items_purchased_type":["Relic"],"build_version":"2020-12-22","purchased_purges":1,"victory":false,"max_hp_per_floor":[93,93,93,93,93,93,93,93,93,93,93,93,93,98,98,98,98],"card_choices":[{"not_picked":["construct:SyphonStrike","construct:Forcefield","construct:ScrapCannon"],"picked":"SKIP","floor":1},{"not_picked":["construct:Failsafe","construct:FocusedBeam"],"picked":"construct:CripplingShot","floor":2},{"not_picked":["construct:SweepLaser","construct:Anticipate"],"picked":"construct:Disrupt","floor":4},{"not_picked":["construct:Disrupt","construct:Dampening"],"picked":"construct:ShieldBurst","floor":6},{"not_picked":["construct:Backfire","construct:Accumulate","construct:Autoturret"],"picked":"SKIP","floor":8},{"not_picked":["construct:HeavyBolt","construct:SweepLaser"],"picked":"construct:Stasis","floor":12},{"not_picked":["construct:ClusterMines","construct:QuickAttack","construct:ShiftStrike"],"picked":"SKIP","floor":13},{"not_picked":["construct:Autoturret","construct:FierceBash"],"picked":"construct:Reinforce","floor":14}],"player_experience":255743,"relics_obtained":[{"floor":6,"key":"Matryoshka"},{"floor":9,"key":"MawBank"}],"event_choices":[{"cards_removed":["construct:Defend_Gold"],"damage_healed":0,"gold_gain":0,"player_choice":"Card Removal","damage_taken":0,"max_hp_gain":0,"max_hp_loss":0,"event_name":"The Cleric","floor":3,"gold_loss":50},{"damage_healed":0,"gold_gain":175,"player_choice":"AGREE","damage_taken":0,"max_hp_gain":0,"max_hp_loss":0,"event_name":"Liars Game","floor":5,"gold_loss":0,"cards_obtained":["Doubt"]}],"is_beta":false,"boss_relics":[],"items_purged_floors":[7],"is_endless":false,"potions_floor_spawned":[2,8,13,14],"killed_by":"Slime Boss","ascension_level":0}}