{"host":"krw8blyxua7at9ak","time":1611261003,"event":{"mods":["BaseMod","Highlight Path","Minty Spire (QoL Compilation)","ojb\u0027s Info Mod"],"gold_per_floor":[114,114,124,124,124,154,166,166,166,196,212,240,165,176,176,252,252,271,306,106,124,140,165,165,165,165],"floor_reached":25,"language":"ENG","playtime":1451,"items_purged":[],"score":532,"play_id":"c352d558-d7e3-4a9e-8930-61013428ef6c","local_time":"20210121213003","is_ascension_mode":true,"campfire_choices":[{"data":"Terror","floor":8,"key":"SMITH"},{"data":"Blade Dance","floor":15,"key":"SMITH"}],"circlet_count":0,"master_deck":["AscendersBane","Strike_G","Strike_G","Strike_G","Defend_G","Defend_G","Defend_G","Defend_G","Defend_G","Survivor","Neutralize","Skewer+1","Blade Dance+1","Terror+1","Accuracy","Accuracy","After Image","Apotheosis","Backflip","Acrobatics"],"relics":["Ring of the Snake","NeowsBlessing","Ornamental Fan","Kunai","Blue Candle","Meat on the Bone","Runic Dome","Red Mask","Vajra"],"acts_visited":["Exordium","TheCity"],"potions_floor_usage":[12,23,23,25],"damage_taken":[{"damage":0,"enemies":"Cultist","floor":1,"turns":1},{"damage":0,"enemies":"Small Slimes","floor":3,"turns":1},{"damage":0,"enemies":"Lagavulin","floor":6,"turns":1},{"damage":2,"enemies":"Jaw Worm","floor":7,"turns":3},{"damage":2,"enemies":"Gremlin Nob","floor":10,"turns":3},{"damage":0,"enemies":"2 Fungi Beasts","floor":11,"turns":3},{"damage":15,"enemies":"3 Sentries","floor":12,"turns":9},{"damage":18,"enemies":"Exordium Wildlife","floor":14,"turns":5},{"damage":20,"enemies":"Hexaghost","floor":16,"turns":10},{"damage":41,"enemies":"Chosen","floor":18,"turns":8},{"damage":50,"enemies":"Masked Bandits","floor":19,"turns":6},{"damage":9,"enemies":"3 Byrds","floor":21,"turns":6},{"damage":2,"enemies":"Sentry and Sphere","floor":22,"turns":7},{"damage":28,"enemies":"Gremlin Leader","floor":23,"turns":6},{"damage":26,"enemies":"Slavers","floor":25,"turns":6}],"seed_played":"1743470599697705027","potions_obtained":[{"floor":1,"key":"SkillPotion"},{"floor":7,"key":"FairyPotion"},{"floor":10,"key":"Dexterity Potion"},{"floor":19,"key":"Explosive Potion"},{"floor":22,"key":"SpeedPotion"},{"floor":23,"key":"Strength Potion"}],"is_trial":false,"path_per_floor":["M","?","M","?","$","E","M","R","T","E","M","E","?","M","R","B",null,"M","?","$","M","M","E","?","E"],"character_chosen":"THE_SILENT","items_purchased":["Apotheosis"],"campfire_rested":0,"item_purchase_floors":[20],"current_hp_per_floor":[59,59,59,59,59,59,57,57,57,55,55,40,40,34,34,26,56,27,22,22,25,35,19,19,0,0],"gold":165,"neow_bonus":"THREE_ENEMY_KILL","is_daily":false,"chose_seed":false,"campfire_upgraded":2,"win_rate":0.0,"timestamp":1611261003,"path_taken":["M","?","M","?","$","E","?","R","T","E","?","E","?","M","R","BOSS","M","?","$","M","M","E","?","E"],"items_purchased_type":["Card"],"build_version":"2020-12-22","purchased_purges":0,"victory":false,"max_hp_per_floor":[66,66,66,66,66,66,66,66,66,66,66,66,66,66,66,66,66,66,66,66,66,66,66,66,66,66],"card_choices":[{"not_picked":["Prepared","PiercingWail"],"picked":"Skewer","floor":1},{"not_picked":["Deadly Poison","PiercingWail","Envenom"],"picked":"SKIP","floor":3},{"not_picked":["Sucker Punch","Unload"],"picked":"Blade Dance","floor":6},{"not_picked":["Predator","Flying Knee"],"picked":"Terror","floor":7},{"not_picked":["Dodge and Roll","Distraction"],"picked":"Accuracy","floor":10},{"not_picked":["Riddle With Holes","Dagger Spray"],"picked":"Accuracy","floor":11},{"not_picked":["Unload","Grand Finale","Dagger Spray"],"picked":"SKIP","floor":12},{"not_picked":["Deadly Poison","Noxious Fumes","Crippling Poison"],"picked":"SKIP","floor":14},{"not_picked":["Unload","Doppelganger"],"picked":"After Image","floor":16},{"not_picked":["Heel Hook","Bane","Skewer"],"picked":"SKIP","floor":18},{"not_picked":["Sucker Punch","All Out Attack","Backstab"],"picked":"SKIP","floor":21},{"not_picked":["Deadly Poison","Eviscerate"],"picked":"Backflip","floor":22},{"not_picked":["Dash","Masterful Stab"],"picked":"Acrobatics","floor":23}],"player_experience":354767,"relics_obtained":[{"floor":6,"key":"Ornamental Fan"},{"floor":9,"key":"Kunai"},{"floor":10,"key":"Blue Candle"},{"floor":12,"key":"Meat on the Bone"},{"floor":19,"key":"Red Mask"},{"floor":23,"key":"Vajra"}],"event_choices":[{"damage_healed":0,"gold_gain":0,"player_choice":"Grow","damage_taken":0,"max_hp_gain":0,"max_hp_loss":0,"event_name":"Living Wall","floor":2,"gold_loss":0,"cards_upgraded":["Skewer"]},{"cards_removed":["Strike_G"],"damage_healed":0,"gold_gain":0,"player_choice":"Offered Basic","damage_taken":0,"max_hp_gain":0,"max_hp_loss":0,"event_name":"Bonfire Elementals","floor":4,"gold_loss":0},{"cards_removed":["Strike_G"],"damage_healed":0,"gold_gain":0,"player_choice":"Card Removal","damage_taken":0,"max_hp_gain":0,"max_hp_loss":0,"event_name":"The Cleric","floor":13,"gold_loss":75},{"damage_healed":0,"gold_gain":0,"player_choice":"Fought Bandits","damage_taken":0,"max_hp_gain":0,"max_hp_loss":0,"event_name":"Masked Bandits","floor":19,"gold_loss":0},{"damage_healed":0,"gold_gain":0,"player_choice":"Ignored","damage_taken":0,"max_hp_gain":0,"max_hp_loss":0,"event_name":"Cursed Tome","floor":24,"gold_loss":0}],"is_beta":false,"boss_relics":[{"not_picked":["Empty Cage","HoveringKite"],"picked":"Runic Dome"}],"items_purged_floors":[],"is_endless":false,"potions_floor_spawned":[1,7,10,19,22,23],"killed_by":"Slavers","ascension_level":20}}