{"host":"y89x8uui45kcjy42","time":1611226835,"event":{"mods":["2.2 Compatiblity","BaseMod","CapriCore","Colored Map","Colored Powertips","Custom Start","Friendly Minions","Keyboard Shortcuts","Minty Spire (QoL Compilation)","Relic Stats","Replay The Spire","Slay the Relics Exporter","StSLib","SuperFastMode","Uncapped"],"gold_per_floor":[117,130,3,18,18,18,51,51,51,82,99,109,109,127,127,127,127],"floor_reached":16,"language":"KOR","playtime":465,"items_purged":["Strike_R"],"score":224,"play_id":"5c341a61-5d59-45d4-8a67-aa63bddda624","local_time":"20210121200035","is_ascension_mode":true,"campfire_choices":[{"data":"ReplayReversal","floor":6,"key":"SMITH"},{"data":"Entrench","floor":13,"key":"SMITH"},{"data":"Shockwave","floor":15,"key":"SMITH"}],"circlet_count":0,"master_deck":["AscendersBane","Strike_R","Strike_R","Strike_R","Defend_R","Defend_R","Defend_R","Defend_R","Bash","Iron Wave","Burning Pact","ReplayReversal+1","ReplayTheSpireMod:Stacked","Shrug It Off","Entrench+1","Shockwave+1"],"relics":["Black Blood","Bag of Preparation","Vajra","Oddly Smooth Stone","Ornamental Fan","CaptainsWheel","Replay:Baseball"],"acts_visited":["Exordium"],"potions_floor_usage":[7,10,16,16],"damage_taken":[{"damage":14,"enemies":"Small Slimes","floor":1,"turns":4},{"damage":1,"enemies":"Cultist","floor":2,"turns":3},{"damage":0,"enemies":"Jaw Worm","floor":4,"turns":3},{"damage":50,"enemies":"Gremlin Nob","floor":7,"turns":5},{"damage":1,"enemies":"Lagavulin","floor":10,"turns":8},{"damage":0,"enemies":"3 Louse","floor":11,"turns":3},{"damage":0,"enemies":"2 Fungi Beasts","floor":12,"turns":3},{"damage":0,"enemies":"Blue Slaver","floor":14,"turns":4},{"damage":30,"enemies":"Hexaghost","floor":16,"turns":10}],"seed_played":"-7688692195437820964","potions_obtained":[{"floor":1,"key":"BloodPotion"},{"floor":4,"key":"Doom Potion"},{"floor":7,"key":"Languid Potion"},{"floor":12,"key":"Block Potion"}],"is_trial":false,"path_per_floor":["M","M","$","M","?","R","E","?","T","E","M","M","R","M","R","B"],"character_chosen":"IRONCLAD","items_purchased":["ReplayTheSpireMod:Stacked","Ornamental Fan"],"campfire_rested":0,"item_purchase_floors":[3,3],"current_hp_per_floor":[60,65,65,75,75,75,52,52,52,63,75,75,75,75,75,45,45],"gold":127,"neow_bonus":"TRANSFORM_CARD","is_daily":false,"chose_seed":false,"campfire_upgraded":3,"win_rate":0.0,"timestamp":1611226835,"path_taken":["M","M","$","M","?","R","E","?","T","E","?","M","R","M","R","BOSS"],"items_purchased_type":["Card","Relic"],"build_version":"2020-12-22","purchased_purges":1,"victory":false,"max_hp_per_floor":[75,75,75,75,75,75,75,75,75,75,75,75,75,75,75,75,75],"relic_stats":{"counters":[9,43],"Ornamental Fan":[8],"Black Blood":58,"Bag of Preparation":[14],"obtain_stats":[{"CaptainsWheel":7,"Replay:Baseball":10,"Ornamental Fan":3,"Black Blood":2,"Vajra":2,"Oddly Smooth Stone":2,"Bag of Preparation":2,"Burning Blood":0},{"CaptainsWheel":4,"Replay:Baseball":5,"Ornamental Fan":2,"Black Blood":2,"Vajra":2,"Oddly Smooth Stone":2,"Bag of Preparation":2,"Burning Blood":0},{"CaptainsWheel":15,"Replay:Baseball":23,"Ornamental Fan":7,"Black Blood":7,"Vajra":7,"Oddly Smooth Stone":7,"Bag of Preparation":7,"Burning Blood":0}]},"card_choices":[{"not_picked":["Rupture","Battle Trance"],"picked":"Burning Pact","floor":1},{"not_picked":["Body Slam","Intimidate"],"picked":"ReplayReversal","floor":2},{"not_picked":["Body Slam","Replay:Undeath\u0027s Touch"],"picked":"Shrug It Off","floor":4},{"not_picked":["Run Through","Dual Wield","Twin Strike"],"picked":"SKIP","floor":7},{"not_picked":["ReplayTheSpireMod:Muscle Training","Combust"],"picked":"Entrench","floor":10},{"not_picked":["ReplayTheSpireMod:Strike From Hell","ReplayTheSpireMod:Limb From Limb","Reckless Charge"],"picked":"SKIP","floor":11},{"not_picked":["Anger","Cleave","Clothesline"],"picked":"SKIP","floor":12},{"not_picked":["Wild Strike","ReplayTheSpireMod:LeadingStrike"],"picked":"Shockwave","floor":14}],"player_experience":639296,"relics_obtained":[{"floor":7,"key":"CaptainsWheel"},{"floor":10,"key":"Replay:Baseball"}],"event_choices":[{"damage_healed":0,"gold_gain":0,"player_choice":"0 cards matched","damage_taken":0,"max_hp_gain":0,"max_hp_loss":0,"event_name":"Match and Keep!","floor":8,"gold_loss":0,"cards_obtained":[]}],"is_beta":false,"boss_relics":[],"items_purged_floors":[3],"is_endless":false,"potions_floor_spawned":[1,4,7,12],"killed_by":"Hexaghost","ascension_level":20}}