{"host":"xp5rvh2jwe2ejyfm","time":1611198154,"event":{"mods":["BaseMod","Downfall","Hermit","Minty Spire (QoL Compilation)","Robot Space Explorer","StSLib","The Clintock","The Construct","The Cursed","The Disciple","The Forsaken","The Hierophant","The Runesmith"],"gold_per_floor":[99,99,112,130,44,44,98,116,133,133,153,153,253,266,276,276,276,276],"floor_reached":16,"language":"ENG","playtime":754,"items_purged":[],"score":94,"play_id":"5e9df305-5fbc-4134-99f1-b03476ba35c0","local_time":"20210120220234","is_ascension_mode":false,"campfire_choices":[{"data":"sneckomod:UnendingSupply","floor":6,"key":"SMITH"},{"data":"sneckomod:ImprovisedAttack","floor":10,"key":"SMITH"},{"floor":12,"key":"REST"}],"circlet_count":0,"master_deck":["sneckomod:Strike","sneckomod:Strike","sneckomod:Defend","sneckomod:Defend","sneckomod:Defend","sneckomod:TailWhip","sneckomod:SnekBite","sneckomod:Unknown","TheCursedMod:DoubleShield","sneckomod:DiceCrush","sneckomod:IronFang","sneckomod:UnknownCommonAttack","sneckomod:UnknownBlock","sneckomod:UnendingSupply+1","sneckomod:ImprovisedAttack+1","sneckomod:QuickBite","downfall:Icky","downfall:Aged","sneckomod:Mudshield","Regret","Shame","sneckomod:UnknownUncommonPower","sneckomod:IronFang","TheCursedMod:SmokeScreen"],"relics":["sneckomod:SneckoSoul","Akabeko","Blue Candle"],"acts_visited":["Exordium"],"potions_floor_usage":[16,16,16],"damage_taken":[{"damage":2,"enemies":"2 Louse","floor":3,"turns":2},{"damage":0,"enemies":"Cultist","floor":4,"turns":3},{"damage":5,"enemies":"downfall:FleeingMerchant","floor":5,"turns":4},{"damage":11,"enemies":"Small Slimes","floor":8,"turns":3},{"damage":35,"enemies":"Exordium Thugs","floor":9,"turns":5},{"damage":11,"enemies":"Lots of Slimes","floor":11,"turns":5},{"damage":20,"enemies":"2 Fungi Beasts","floor":14,"turns":4},{"damage":9,"enemies":"Large Slime","floor":15,"turns":5},{"damage":45,"enemies":"WA_ARCHETYPE_RETAIN","floor":16,"turns":6}],"seed_played":"7360698014623993878","potions_obtained":[{"floor":4,"key":"LiquidBronze"},{"floor":11,"key":"sneckomod:MuddlingPotion"},{"floor":14,"key":"sneckomod:MuddlingPotion"}],"is_trial":false,"path_per_floor":["R","?","M","M","$","R","T","M","M","R","M","R","?","M","M","B"],"character_chosen":"THE_SNECKO","items_purchased":["sneckomod:UnendingSupply"],"campfire_rested":1,"item_purchase_floors":[5],"current_hp_per_floor":[99,99,97,97,92,92,92,81,46,46,35,64,69,49,40,0,0,0],"gold":276,"neow_bonus":"TEN_PERCENT_HP_BONUS","is_daily":false,"chose_seed":false,"campfire_upgraded":2,"win_rate":0.0,"timestamp":1611198154,"path_taken":["R","?","M","M","$","R","T","M","M","R","?","R","?","M","M","BOSS"],"items_purchased_type":["Card"],"build_version":"2020-12-22","purchased_purges":0,"victory":false,"max_hp_per_floor":[99,99,99,99,99,99,99,99,99,99,99,99,104,104,104,104,104,104],"card_choices":[{"not_picked":["sneckomod:UnknownX","sneckomod:DiceCrush"],"picked":"sneckomod:IronFang","floor":3},{"not_picked":["sneckomod:QuickBite","sneckomod:SoulRoll"],"picked":"sneckomod:UnknownCommonAttack","floor":4},{"not_picked":["sneckomod:ImprovisedGuard","sneckomod:UnknownStrike"],"picked":"sneckomod:UnknownBlock","floor":5},{"not_picked":["sneckomod:SerpentIdol","sneckomod:QuickMove"],"picked":"sneckomod:Unknown1Cost","floor":8},{"not_picked":["sneckomod:Nope","sneckomod:Unknown1Cost"],"picked":"sneckomod:ImprovisedAttack","floor":9},{"not_picked":["sneckomod:Restock","sneckomod:WideSting"],"picked":"sneckomod:QuickBite","floor":11},{"not_picked":["sneckomod:Nope","sneckomod:Unknown1Cost"],"picked":"sneckomod:UnknownUncommonPower","floor":14},{"not_picked":["sneckomod:QuickBite","sneckomod:SoulDraw"],"picked":"sneckomod:IronFang","floor":15}],"player_experience":281057,"relics_obtained":[{"floor":7,"key":"Akabeko"}],"event_choices":[],"is_beta":false,"boss_relics":[],"items_purged_floors":[],"is_endless":false,"potions_floor_spawned":[4,11,14,15],"killed_by":"WA_ARCHETYPE_RETAIN","ascension_level":0}}