{"host":"p4zwdb2o9iawjdqa","time":1611209184,"event":{"mods":["BaseMod","BetterRewards","Hubris","Minty Spire (QoL Compilation)","Replay The Spire","Shop Mod","StSLib","The Animator"],"gold_per_floor":[110,121,137,157,171,198,198,198,198],"floor_reached":8,"language":"ENG","playtime":313,"items_purged":[],"score":102,"play_id":"14933448-887d-4a0c-ada2-083f38c54183","local_time":"20210120220624","is_ascension_mode":true,"campfire_choices":[{"data":"ReplayTheSpireMod:Muscle Training","floor":7,"key":"SMITH"}],"circlet_count":0,"master_deck":["AscendersBane","Strike_R","Strike_R","Strike_R","Strike_R","Strike_R","Defend_R","Defend_R","Defend_R","Defend_R","Bash","Immolate","ReplayTheSpireMod:Muscle Training+1","Sword Boomerang","Sword Boomerang","Searing Blow","hubris:StunningStrike"],"relics":["Burning Blood","Ornamental Fan"],"acts_visited":["Exordium"],"potions_floor_usage":[8],"damage_taken":[{"damage":9,"enemies":"2 Louse","floor":1,"turns":2},{"damage":1,"enemies":"Cultist","floor":2,"turns":3},{"damage":5,"enemies":"Jaw Worm","floor":3,"turns":3},{"damage":12,"enemies":"Blue Slaver","floor":4,"turns":4},{"damage":13,"enemies":"Large Slime","floor":5,"turns":4},{"damage":33,"enemies":"3 Sentries","floor":6,"turns":5},{"damage":29,"enemies":"Replay:BlueRogue","floor":8,"turns":3}],"seed_played":"4497798728609214002","potions_obtained":[{"floor":1,"key":"Venom Potion"},{"floor":6,"key":"ColorlessPotion"}],"is_trial":false,"path_per_floor":["M","M","M","M","M","E","R","E"],"character_chosen":"IRONCLAD","items_purchased":[],"campfire_rested":0,"item_purchase_floors":[],"current_hp_per_floor":[65,68,68,62,55,28,28,0,0],"gold":198,"neow_bonus":"THREE_RARE_CARDS","is_daily":false,"chose_seed":false,"campfire_upgraded":1,"win_rate":0.0,"timestamp":1611209184,"path_taken":["M","M","M","M","M","E","R","E"],"items_purchased_type":[],"build_version":"2020-12-22","purchased_purges":0,"victory":false,"max_hp_per_floor":[68,68,68,68,68,68,68,68,68],"card_choices":[{"not_picked":["Brutality","Double Tap"],"picked":"Immolate","floor":0},{"not_picked":["Dark Embrace","Flex"],"picked":"ReplayTheSpireMod:Muscle Training","floor":1},{"not_picked":["Reckless Charge","Headbutt"],"picked":"Sword Boomerang","floor":2},{"not_picked":["Warcry","Reckless Charge","Blood for Blood"],"picked":"SKIP","floor":3},{"not_picked":["Headbutt","Heavy Blade"],"picked":"Sword Boomerang","floor":4},{"not_picked":["Heavy Blade","Twin Strike"],"picked":"Searing Blow","floor":5},{"not_picked":["Headbutt","Twin Strike"],"picked":"hubris:StunningStrike","floor":6}],"player_experience":348570,"relics_obtained":[{"floor":6,"key":"Ornamental Fan"}],"event_choices":[],"is_beta":false,"boss_relics":[],"items_purged_floors":[],"is_endless":false,"potions_floor_spawned":[1,6],"killed_by":"Replay:BlueRogue","ascension_level":14}}