{"host":"m3herrhkesxm9ooc","time":1611217145,"event":{"mods":["BaseMod","Hermit","Minty Spire (QoL Compilation)","StSLib","The Gatherer"],"gold_per_floor":[113,127,127,92,92,92,108,119,119,148,160,180,195,28,28,100,100,115,40,40,40,58,58,58,58],"floor_reached":24,"language":"KOR","playtime":949,"items_purged":[],"score":365,"play_id":"5954e0ab-eda7-43db-ac6c-c18496ec32ae","local_time":"20210121171905","is_ascension_mode":true,"campfire_choices":[{"floor":6.0,"key":"REST"},{"floor":15,"key":"REST"},{"floor":23,"key":"REST"}],"circlet_count":0,"master_deck":["AscendersBane","hermit:Strike_Hermit","hermit:Strike_Hermit","hermit:Strike_Hermit","hermit:Strike_Hermit","hermit:Defend_Hermit+1","hermit:Defend_Hermit+1","hermit:Defend_Hermit","hermit:Defend_Hermit","hermit:Snapshot","hermit:Covet","hermit:Glare","hermit:GhostlyPresence","hermit:HighCaliber","hermit:PistolWhip","hermit:TrackingShot","hermit:WideOpen","hermit:Deadeye","hermit:NoHoldsBarred","hermit:LoneWolf","hermit:TakeCover","hermit:Determination","hermit:Maintenance","hermit:HeroicBravado","CurseOfTheBell","hermit:LoneWolf","hermit:BodyArmor"],"relics":["hermit:Momento","Spirit Poop","PreservedInsect","Shuriken","Orrery","Boot","Mercury Hourglass","Turnip","Nloth\u0027s Gift"],"acts_visited":["Exordium","TheCity"],"potions_floor_usage":[10,11,13,16],"damage_taken":[{"damage":2.0,"enemies":"2 Louse","floor":1.0,"turns":3.0},{"damage":2.0,"enemies":"Small Slimes","floor":2.0,"turns":4.0},{"damage":3.0,"enemies":"Cultist","floor":7.0,"turns":4.0},{"damage":12.0,"enemies":"Red Slaver","floor":8.0,"turns":4.0},{"damage":9,"enemies":"3 Sentries","floor":10,"turns":9},{"damage":14,"enemies":"Large Slime","floor":11,"turns":7},{"damage":8,"enemies":"Looter","floor":12,"turns":3},{"damage":8,"enemies":"Lots of Slimes","floor":13,"turns":4},{"damage":29,"enemies":"Slime Boss","floor":16,"turns":9},{"damage":37,"enemies":"2 Thieves","floor":18,"turns":4},{"damage":39,"enemies":"3 Byrds","floor":22,"turns":5},{"damage":32,"enemies":"Snecko","floor":24,"turns":6}],"seed_played":"8561543847515592926","potions_obtained":[{"floor":2.0,"key":"ColorlessPotion"},{"floor":10,"key":"Regen Potion"},{"floor":11,"key":"EssenceOfSteel"},{"floor":12,"key":"Regen Potion"}],"is_trial":false,"path_per_floor":["M","M","?","?","?","R","M","M","T","E","M","M","M","$","R","B",null,"M","?","?","$","M","R","M"],"character_chosen":"HERMIT","items_purchased":["Orrery"],"campfire_rested":3,"item_purchase_floors":[14],"current_hp_per_floor":[76,74,48,69,69,85,82,70,70,61,62,54,58,58,83,54,77,40,40,40,40,1,26,0,0],"gold":58,"neow_bonus":"TWENTY_PERCENT_HP_BONUS","is_daily":false,"chose_seed":false,"campfire_upgraded":0,"win_rate":0.0,"timestamp":1611217145,"path_taken":["M","M","?","?","?","R","M","M","T","E","M","M","?","?","R","BOSS","M","?","?","$","?","R","M"],"items_purchased_type":["Relic"],"build_version":"2020-12-22","purchased_purges":0,"victory":false,"max_hp_per_floor":[85,85,85,85,85,85,85,85,85,85,85,85,85,85,85,85,85,85,85,85,85,85,85,85,85],"card_choices":[{"not_picked":["hermit:Showdown","hermit:Quickdraw"],"picked":"hermit:TakeAim","floor":1.0},{"not_picked":["hermit:Combo","hermit:Horror"],"picked":"hermit:Glare","floor":2.0},{"not_picked":["hermit:Dive","hermit:Ricochet"],"picked":"hermit:GhostlyPresence","floor":7.0},{"not_picked":["hermit:Glare","hermit:LowProfile"],"picked":"hermit:HighCaliber","floor":8.0},{"not_picked":["hermit:BodyArmor","hermit:Enervate"],"picked":"hermit:PistolWhip","floor":10},{"not_picked":["hermit:Showdown","hermit:Glare"],"picked":"hermit:TrackingShot","floor":11},{"not_picked":["hermit:Gambit","hermit:LuckOfTheDraw"],"picked":"hermit:WideOpen","floor":12},{"not_picked":["hermit:Brawl","hermit:Desperado"],"picked":"hermit:Deadeye","floor":13},{"not_picked":["hermit:Reprieve","hermit:ItchyTrigger"],"picked":"hermit:NoHoldsBarred","floor":14},{"not_picked":["hermit:PistolWhip","hermit:Headshot"],"picked":"hermit:LoneWolf","floor":14},{"not_picked":["hermit:LuckOfTheDraw","hermit:Midnight"],"picked":"hermit:TakeCover","floor":14},{"not_picked":["hermit:WideOpen","hermit:Glare"],"picked":"hermit:Determination","floor":14},{"not_picked":["hermit:HoleUp","hermit:LowProfile"],"picked":"hermit:Maintenance","floor":14},{"not_picked":["hermit:Gambit","hermit:FromBeyond"],"picked":"hermit:HeroicBravado","floor":16},{"not_picked":["hermit:Roulette","hermit:Desperado"],"picked":"hermit:LoneWolf","floor":18},{"not_picked":["hermit:Quickdraw","hermit:TrackingShot"],"picked":"hermit:BodyArmor","floor":22}],"player_experience":677950,"relics_obtained":[{"floor":9.0,"key":"PreservedInsect"},{"floor":10,"key":"Shuriken"},{"floor":17,"key":"Boot"},{"floor":17,"key":"Mercury Hourglass"},{"floor":17,"key":"Turnip"}],"event_choices":[{"damage_healed":0.0,"max_hp_gain":0.0,"max_hp_loss":0.0,"gold_gain":0.0,"event_name":"Shining Light","player_choice":"Entered Light","floor":3.0,"gold_loss":0.0,"damage_taken":26.0,"cards_upgraded":["hermit:Defend_Hermit","hermit:Defend_Hermit"]},{"damage_healed":21.0,"max_hp_gain":0.0,"max_hp_loss":0.0,"gold_gain":0.0,"event_name":"The Cleric","player_choice":"Healed","floor":4.0,"gold_loss":35.0,"damage_taken":0.0},{"cards_removed":["Pain"],"damage_healed":0.0,"max_hp_gain":0.0,"max_hp_loss":0.0,"gold_gain":0.0,"event_name":"Bonfire Elementals","player_choice":"Offered Curse","floor":5.0,"gold_loss":0.0,"damage_taken":0.0,"relics_obtained":["Spirit Poop"]},{"cards_removed":["hermit:TakeAim"],"damage_healed":0,"gold_gain":0,"player_choice":"Gave Gold","damage_taken":0,"max_hp_gain":0,"max_hp_loss":0,"event_name":"Beggar","floor":19,"gold_loss":75},{"damage_healed":0,"gold_gain":0,"player_choice":"Traded Relic","damage_taken":0,"relics_obtained":["Nloth\u0027s Gift"],"max_hp_gain":0,"max_hp_loss":0,"event_name":"N\u0027loth","floor":20,"relics_lost":["Calling Bell"],"gold_loss":0}],"is_beta":false,"boss_relics":[{"not_picked":["Snecko Eye","Velvet Choker"],"picked":"Calling Bell"}],"items_purged_floors":[],"is_endless":false,"potions_floor_spawned":[2,10,11,12],"killed_by":"Snecko","ascension_level":17}}