{"host":"uiaocagxbjlinul0","time":1611188022,"event":{"mods":["100% Spire Juice","Act Like it!","Arknights The Spire","BaseMod","Better Match","Block Reminder","CapriCore","ChefMod","Downfall","GifTheSpireLib","Hallownest","Hermit","Minty Spire (QoL Compilation)","Quick Restart","StSLib","Stuff the Spire","The Animator","The Bug Knight","The Marked","The Runesmith","The Spell Scribe","TheSwordswoman","Wandering Minibosses"],"gold_per_floor":[113,113,38,54,54,83,34,34,34,34,69,69,85,101,101,199,199,209,105,105,105,125,156,168,82,133,58,90,90,109,109,109,211,211,211],"floor_reached":34,"language":"ENG","playtime":1700,"items_purged":["ats:Strike V"],"score":419,"play_id":"c468fd9c-7fe9-48e8-a277-f9064df452b9","local_time":"20210120161342","is_ascension_mode":false,"campfire_choices":[{"data":"ats:Blood Oath","floor":8,"key":"SMITH"},{"data":"ats:Overload","floor":10,"key":"SMITH"},{"data":"ats:Explosion Area Strengthen","floor":12,"key":"SMITH"},{"data":"ats:Sashimi Platter","floor":15,"key":"SMITH"},{"data":"ats:Ambush","floor":24,"key":"SMITH"},{"data":"ats:Flexible Camouflage","floor":29,"key":"SMITH"},{"data":"StuffTheSpire:Ambrosia","floor":32,"key":"SMITH"}],"circlet_count":0,"master_deck":["ats:Armor Crushing Shot","ats:Defend","ats:Defend","ats:Defend","ats:Defend","ats:Emotion Absorption","ats:Curse Doll","ats:Healing Drone","ats:Ignite+1","ats:Overload+1","ats:Blood Oath+1","ats:Explosion Area Strengthen+1","ats:Cat Scratch","ats:Sashimi Platter+1","ats:Ambush+1","ats:Powerful Strike","StuffTheSpire:Ambrosia+1","ats:Poison Spread","ats:Flexible Camouflage+1","ats:Consecutive Shot Auto","ats:Apocalypse+1"],"relics":["ats:Sanity","ats:Hidden Killer","ats:Originium","StuffTheSpire:DarkSteelAnvil","Strawberry","Happy Flower","ats:Tactical Delivery","Nilry\u0027s Codex","MawBank","Toy Ornithopter","Matryoshka","CeramicFish","ats:Lavender","SacredBark"],"acts_visited":["Exordium","TheCity","TheBeyond"],"potions_floor_usage":[16,16,28,28,33],"damage_taken":[{"damage":0,"enemies":"Small Slimes","floor":1,"turns":3},{"damage":18,"enemies":"Cultist","floor":4,"turns":6},{"damage":124,"enemies":"HollowMod:MossKnight","floor":6,"turns":34},{"damage":21,"enemies":"3 Sentries","floor":11,"turns":7},{"damage":0,"enemies":"2 Louse","floor":13,"turns":2},{"damage":10,"enemies":"Looter","floor":14,"turns":2},{"damage":26,"enemies":"Slime Boss","floor":16,"turns":10},{"damage":6,"enemies":"Chosen","floor":18,"turns":3},{"damage":5,"enemies":"Centurion and Healer","floor":22,"turns":5},{"damage":22,"enemies":"HollowMod:Nosk","floor":23,"turns":7},{"damage":54,"enemies":"Slavers","floor":28,"turns":4},{"damage":36,"enemies":"Chosen and Byrds","floor":30,"turns":7},{"damage":49,"enemies":"Automaton","floor":33,"turns":8}],"seed_played":"2009168829792166761","potions_obtained":[{"floor":11,"key":"Regen Potion"},{"floor":13,"key":"PowerPotion"},{"floor":14,"key":"Strength Potion"},{"floor":16,"key":"Strength Potion"},{"floor":22,"key":"Guardian:BlockOnCardUsePotion"},{"floor":28,"key":"CultistPotion"}],"is_trial":false,"path_per_floor":["M","?","$","M","?","E","$","R","T","R","E","R","M","M","R","B",null,"M","?","?","?","M","E","R","$","T","?","E","R","M","T","R","B",null],"character_chosen":"DOCTOR_CLASS","items_purchased":["ats:Blood Oath","ats:Flexible Camouflage","ats:Consecutive Shot Auto"],"campfire_rested":0,"item_purchase_floors":[7,25,25],"current_hp_per_floor":[72,72,72,57,52,24,24,24,31,31,32,32,43,33,33,68,79,76,76,60,45,70,77,77,77,77,77,55,55,50,50,50,86,91,91],"gold":211,"neow_bonus":"RANDOM_COMMON_RELIC","is_daily":false,"chose_seed":false,"campfire_upgraded":7,"win_rate":0.0,"timestamp":1611188022,"path_taken":["M","?","?","M","?","E","$","R","T","R","E","R","M","M","R","BOSS","M","?","?","?","M","E","R","$","T","?","E","R","M","?","R","BOSS"],"items_purchased_type":["Card","Card","Card"],"build_version":"2020-12-22","purchased_purges":1,"victory":false,"max_hp_per_floor":[72,72,72,72,72,72,72,72,79,79,79,79,79,79,79,79,79,79,79,79,84,85,86,86,86,86,86,87,87,88,88,88,91,91,91],"card_choices":[{"not_picked":["ats:Cat Scratch","ats:Assault Order"],"picked":"ats:Curse Doll","floor":1},{"not_picked":["ats:Serious Mode","ats:Mental Burst"],"picked":"ats:Ignite","floor":4},{"not_picked":["ats:Counter Healing Mode","ats:Assault Order"],"picked":"ats:Overload","floor":6},{"not_picked":["ats:Consecutive Shot Auto","ats:Fractured Body"],"picked":"ats:Explosion Area Strengthen","floor":11},{"not_picked":["ats:Consecutive Shot Auto","ats:Assault Order"],"picked":"ats:Cat Scratch","floor":13},{"not_picked":["ats:Very Hot Blade","ats:Closed Bolt Burst Fire"],"picked":"ats:Sashimi Platter","floor":14},{"not_picked":["ats:Fractured Body","ats:Disruption Kick"],"picked":"ats:Ambush","floor":16},{"not_picked":["ats:Cat Scratch","ats:Ignite+1"],"picked":"ats:Powerful Strike","floor":18},{"not_picked":["ats:Hammer On","ats:Curse Doll"],"picked":"ats:Poison Spread","floor":22},{"not_picked":["ats:Sword Rain","ats:Thermite Blade","ats:Phantom"],"picked":"SKIP","floor":23},{"not_picked":["ats:Very Hot Blade+1","ats:Soul Absorption","ats:Beaten Up"],"picked":"SKIP","floor":28},{"not_picked":["ats:Durian","ats:Closed Bolt Burst Fire"],"picked":"ats:Apocalypse+1","floor":30}],"player_experience":170793,"relics_obtained":[{"floor":6,"key":"ats:Originium"},{"floor":6,"key":"StuffTheSpire:DarkSteelAnvil"},{"floor":9,"key":"Strawberry"},{"floor":11,"key":"ats:Originium"},{"floor":11,"key":"Happy Flower"},{"floor":20,"key":"Nilry\u0027s Codex"},{"floor":23,"key":"MawBank"},{"floor":26,"key":"Toy Ornithopter"},{"floor":28,"key":"Matryoshka"},{"floor":31,"key":"CeramicFish"},{"floor":31,"key":"ats:Lavender"}],"event_choices":[{"damage_healed":0,"gold_gain":0,"cards_transformed":["ats:Strike C"],"player_choice":"Transformed","damage_taken":0,"max_hp_gain":0,"max_hp_loss":0,"event_name":"Transmorgrifier","floor":2,"gold_loss":0,"cards_obtained":["ats:Healing Drone"]},{"damage_healed":0,"gold_gain":0,"player_choice":"Obtained Book","damage_taken":16,"max_hp_gain":0,"max_hp_loss":0,"event_name":"Cursed Tome","floor":20,"gold_loss":0},{"damage_healed":0,"gold_gain":0,"player_choice":"Shed Blood","damage_taken":20,"max_hp_gain":5,"max_hp_loss":0,"event_name":"Forgotten Altar","floor":21,"gold_loss":0},{"cards_removed":["ats:Strike G"],"damage_healed":0,"gold_gain":0,"player_choice":"Gave Gold","damage_taken":0,"max_hp_gain":0,"max_hp_loss":0,"event_name":"Beggar","floor":27,"gold_loss":75}],"is_beta":false,"boss_relics":[{"not_picked":["Snecko Eye","Runic Pyramid"],"picked":"ats:Tactical Delivery"},{"not_picked":["Fusion Hammer","Runic Dome"],"picked":"SacredBark"}],"items_purged_floors":[3],"is_endless":false,"potions_floor_spawned":[11,13,14,16,22,23,28],"ascension_level":0}}