{"host":"neshiy0twyn5josp","time":1611243312,"event":{"mods":["AchievementEnabler","Act Like it!","AlwaysNeverKeys","Aspiration","BaseMod","Better Note","Better Silent Start","Better Third Choice","Challenge The Spire","Colored Powertips","Conspire","Emptier Cage","Energized Spire","GifTheSpireLib","Hubris","Minty Spire (QoL Compilation)","Permanent Neow","Quick Restart","Rare Cards Sparkle","Replay The Spire","Reworked Bosses","Spicy Shops","StS++","StSLib","Stuff the Spire"],"gold_per_floor":[114,114,132,9,24,52,62,62,111,111,111,127,127,152,152,250,250,250],"floor_reached":17,"language":"ENG","playtime":819,"items_purged":[],"score":198,"play_id":"f57da391-bc39-44e9-a933-dd1b643e6cbf","local_time":"20210121073512","is_ascension_mode":true,"campfire_choices":[{"data":"hubris:DuctTapeCard","floor":8,"key":"SMITH"},{"data":"Envenom","floor":10,"key":"SMITH"},{"data":"ReplayTheSpireMod:Shiv Toss","floor":15,"key":"SMITH"}],"circlet_count":0,"master_deck":["conspire:GhostlyStrike","conspire:GhostlyStrike","conspire:GhostlyStrike","conspire:GhostlyStrike","conspire:GhostlyDefend","conspire:GhostlyDefend","conspire:GhostlyDefend","Survivor","Neutralize","Envenom+1","hubris:DuctTapeCard+2","Blade Dance","ReplayTheSpireMod:Shiv Toss+1","hubris:Sniper","Backstab","Poison Darts"],"relics":["Ring of the Snake","NlothsMask","hubris:DuctTape","ReplayTheSpireMod:Shallot","Blood Vial","energizedSpire:MagnifyingGlass"],"acts_visited":["Exordium","TheCity"],"potions_floor_usage":[14,16,16],"damage_taken":[{"damage":2,"enemies":"Jaw Worm","floor":1,"turns":4},{"damage":4,"enemies":"Cultist","floor":3,"turns":4},{"damage":2,"enemies":"Small Slimes","floor":5,"turns":5},{"damage":29,"enemies":"Gremlin Nob","floor":6,"turns":5},{"damage":10,"enemies":"Blue Slaver","floor":7,"turns":4},{"damage":0,"enemies":"Large Slime","floor":12,"turns":4},{"damage":2,"enemies":"Lagavulin","floor":14,"turns":6},{"damage":20,"enemies":"Hexaghost","floor":16,"turns":9}],"seed_played":"-3796283405501007965","potions_obtained":[{"floor":1,"key":"StSpp:SecondWindPotion"},{"floor":7,"key":"Dexterity Potion"},{"floor":14,"key":"Fire Potion"},{"floor":16,"key":"SpeedPotion"}],"is_trial":false,"path_per_floor":["M","?","M","$","M","E","M","R","T","R","?","M","$","E","R","B",null],"character_chosen":"THE_SILENT","items_purchased":["hubris:DuctTape"],"campfire_rested":0,"item_purchase_floors":[4],"current_hp_per_floor":[68,68,64,64,62,33,23,23,23,23,23,23,23,21,21,3,70,70],"gold":250,"neow_bonus":"TRANSFORM_CARD","is_daily":false,"chose_seed":false,"campfire_upgraded":3,"win_rate":0.0,"timestamp":1611243312,"path_taken":["M","?","?","$","M","E","M","R","T","R","?","M","$","E","R","BOSS"],"items_purchased_type":["Relic"],"build_version":"2020-12-22","purchased_purges":0,"victory":false,"max_hp_per_floor":[70,70,70,70,70,70,70,70,70,70,70,70,70,70,70,70,70,70],"card_choices":[{"not_picked":["StuffTheSpire:Incantation","StuffTheSpire:Python"],"picked":"conspire:DoublingDagger","floor":1},{"not_picked":["Underhanded Strike","StSpp:SpareBlade"],"picked":"StSpp:PoisonousPunch","floor":3},{"not_picked":["ReplayTheSpireMod:Exploit Weakness","Outmaneuver"],"picked":"Blade Dance","floor":5},{"not_picked":["Replay:Bag of Tricks","Deflect"],"picked":"ReplayTheSpireMod:Shiv Toss","floor":6},{"not_picked":["Skewer","Hidden Blade","Cloak And Dagger"],"picked":"SKIP","floor":7},{"not_picked":["Prepared","StSpp:Dive"],"picked":"hubris:Sniper","floor":12},{"not_picked":["Slice","Backstab","Cloak And Dagger"],"picked":"SKIP","floor":14},{"not_picked":["Slice","Cloak And Dagger"],"picked":"Backstab","floor":14},{"not_picked":["Unload","Bullet Time"],"picked":"Poison Darts","floor":16}],"player_experience":313582,"relics_obtained":[{"floor":6,"key":"ReplayTheSpireMod:Shallot"},{"floor":14,"key":"Blood Vial"}],"event_choices":[{"damage_healed":0,"gold_gain":0,"player_choice":"Trade","damage_taken":0,"relics_obtained":["NlothsMask"],"max_hp_gain":0,"max_hp_loss":0,"event_name":"FaceTrader","floor":2,"gold_loss":0},{"damage_healed":0,"gold_gain":0,"player_choice":"Agree","damage_taken":0,"max_hp_gain":0,"max_hp_loss":0,"event_name":"conspire:LoneGhost","floor":11,"gold_loss":0}],"is_beta":false,"boss_relics":[{"not_picked":["aspiration:RitualDagger","ReplayTheSpireMod:DimensionalGlitch"],"picked":"energizedSpire:MagnifyingGlass"}],"items_purged_floors":[],"is_endless":false,"potions_floor_spawned":[1,7,14,16],"ascension_level":1}}