{"host":"xp5rvh2jwe2ejyfm","time":1611252123,"event":{"mods":["BaseMod","Downfall","Duelist Mod","GifTheSpireLib","Gremlin Mod","Hermit","Hubris","Minty Spire (QoL Compilation)","Robot Space Explorer","StSLib","The Blackbeard","The Clintock","The Construct","The Cursed","The Disciple","The Forsaken","The Hierophant","The Necromancer","The Runesmith","The Servant 0.9.4"],"gold_per_floor":[99,119,135,152,63,63,63,74,84,96,96,130,143,154,170,170,170,170],"floor_reached":16,"language":"ENG","playtime":860,"items_purged":[],"score":108,"play_id":"8438ba2d-4416-4cf7-9349-d282268ec162","local_time":"20210121130203","is_ascension_mode":false,"campfire_choices":[{"floor":1,"key":"RECALL"},{"data":"hexamod:RadiantFlame","floor":6,"key":"SMITH"},{"floor":11,"key":"REST"}],"circlet_count":0,"master_deck":["hexamod:Strike","hexamod:Strike","hexamod:Strike","hexamod:Strike","hexamod:Defend","hexamod:Defend","hexamod:Defend","hexamod:Defend","hexamod:Sear","hexamod:Float","hexamod:BurningTouch","hexamod:GhostOfSpireFuture","hexamod:InspiringFlames","hexamod:VolcanoVisage","hexamod:RadiantFlame+1","hexamod:SoulSteal","hexamod:EmpoweredFlame","hexamod:HeatMetal","hexamod:ThermalTransfer","hexamod:BurningTouch","hexamod:AdvancingGuard","hexamod:ThermalTransfer","hexamod:HeatCrush","hexamod:RainOfEmbers","hexamod:WildfireWeapon","hexamod:EmpoweredFlame","hexamod:HauntingEcho","hexamod:GhostShield"],"relics":["hexamod:SpiritBrand","Orichalcum","Prayer Wheel","White Beast Statue"],"acts_visited":["Exordium"],"potions_floor_usage":[12,12,12,14],"damage_taken":[{"damage":0,"enemies":"Small Slimes","floor":2,"turns":3},{"damage":5,"enemies":"2 Louse","floor":3,"turns":3},{"damage":0,"enemies":"Cultist","floor":4,"turns":3},{"damage":0,"enemies":"downfall:FleeingMerchant","floor":5,"turns":4},{"damage":3,"enemies":"2 Fungi Beasts","floor":8,"turns":6},{"damage":31,"enemies":"Large Slime","floor":9,"turns":6},{"damage":13,"enemies":"Blue Slaver","floor":10,"turns":5},{"damage":14,"enemies":"3 Sentries","floor":12,"turns":4},{"damage":8,"enemies":"Exordium Thugs","floor":13,"turns":5},{"damage":9,"enemies":"Large Slime","floor":14,"turns":6},{"damage":21,"enemies":"Gremlin Gang","floor":15,"turns":5},{"damage":18,"enemies":"DF_ARCHETYPE_STREAMLINE","floor":16,"turns":3}],"seed_played":"4052278486291122204","potions_obtained":[{"floor":2,"key":"DistilledChaos"},{"floor":4,"key":"hexamod:InfernoChargePotion"},{"floor":10,"key":"ColorlessPotion"},{"floor":13,"key":"Regen Potion"},{"floor":14,"key":"SpeedPotion"},{"floor":15,"key":"sneckomod:MuddlingPotion"}],"is_trial":false,"path_per_floor":["R","M","M","M","$","R","T","M","M","M","R","E","M","M","M","B"],"character_chosen":"THE_SPIRIT","items_purchased":["hexamod:RadiantFlame"],"campfire_rested":1,"item_purchase_floors":[5],"current_hp_per_floor":[70,70,65,65,65,65,65,62,31,18,39,25,17,23,2,0,0,0],"gold":170,"neow_bonus":"RANDOM_COMMON_RELIC","is_daily":false,"chose_seed":false,"campfire_upgraded":1,"win_rate":0.0,"timestamp":1611252123,"path_taken":["R","M","M","M","$","R","T","M","M","M","R","E","M","M","M","BOSS"],"items_purchased_type":["Card"],"build_version":"2020-12-22","purchased_purges":0,"victory":false,"max_hp_per_floor":[70,70,70,70,70,70,70,70,70,70,70,70,70,70,70,70,70,70],"card_choices":[{"not_picked":["hexamod:GhostOfSpirePast","hexamod:Hexaguard"],"picked":"hexamod:BurningTouch","floor":2},{"not_picked":["hexamod:ShieldOfDarkness","hexamod:GhostShield"],"picked":"hexamod:GhostOfSpireFuture","floor":3},{"not_picked":["hexamod:GhostLash","hexamod:ThermalTransfer"],"picked":"hexamod:InspiringFlames","floor":4},{"not_picked":["hexamod:Firestarter","hexamod:ThermalTransfer"],"picked":"hexamod:VolcanoVisage","floor":5},{"not_picked":["hexamod:NecessarySacrifice","hexamod:ThirdSeal"],"picked":"hexamod:SoulSteal","floor":8},{"not_picked":["hexamod:FlamesFromBeyond","hexamod:SpectersWail"],"picked":"hexamod:EmpoweredFlame","floor":8},{"not_picked":["hexamod:EtherealExpedition","hexamod:SpectersWail"],"picked":"hexamod:HeatMetal","floor":9},{"not_picked":["hexamod:GhostOfSpireFuture","hexamod:FastForward"],"picked":"hexamod:ThermalTransfer","floor":9},{"not_picked":["hexamod:NightmareGuise","hexamod:GhostShield"],"picked":"hexamod:BurningTouch","floor":10},{"not_picked":["hexamod:SpectralAdrenaline","hexamod:Firestarter"],"picked":"hexamod:AdvancingGuard","floor":10},{"not_picked":["hexamod:NightmareStrike","hexamod:SkipABeat"],"picked":"hexamod:ThermalTransfer","floor":12},{"not_picked":["hexamod:RainOfEmbers","hexamod:Again"],"picked":"hexamod:HeatCrush","floor":13},{"not_picked":["hexamod:SecondSeal","hexamod:Haunt"],"picked":"hexamod:RainOfEmbers","floor":13},{"not_picked":["hexamod:Incineration","hexamod:Haunt"],"picked":"hexamod:WildfireWeapon","floor":14},{"not_picked":["hexamod:PhantomFireball","hexamod:GhostLash"],"picked":"hexamod:EmpoweredFlame","floor":14},{"not_picked":["hexamod:PowerFromBeyond","hexamod:AdvancingGuard"],"picked":"hexamod:HauntingEcho","floor":15},{"not_picked":["hexamod:BacktrackSmack","hexamod:NecessarySacrifice"],"picked":"hexamod:GhostShield","floor":15}],"player_experience":296965,"relics_obtained":[{"floor":7,"key":"Prayer Wheel"},{"floor":12,"key":"White Beast Statue"}],"event_choices":[],"is_beta":false,"boss_relics":[],"items_purged_floors":[],"is_endless":false,"potions_floor_spawned":[2,4,10,13,14,15],"killed_by":"DF_ARCHETYPE_STREAMLINE","ascension_level":0}}