{"host":"sav7uxregyirlf69","time":1611233578,"event":{"mods":["AchievementEnabler","BaseMod","Colored Map","DeckTracker","Keyboard Shortcuts","Minty Spire (QoL Compilation)","READ ME - Guardian Mod","StSLib","SuperFastMode"],"gold_per_floor":[119,135,185,8,19,19,47,47,93,121,133,151,151,68,68,140,140,157,137,156,170,220,220,248,275,275,287,305,321,332,71,71,71,71],"floor_reached":33,"language":"KOR","playtime":607,"items_purged":["Defend_G","Strike_G"],"score":608,"play_id":"024c792a-da50-46cd-b8dd-ce008092d2d2","local_time":"20210121215258","is_ascension_mode":true,"campfire_choices":[{"data":"Skewer","floor":6,"key":"SMITH"},{"data":"Tactician","floor":8,"key":"SMITH"},{"data":"Glass Knife","floor":15,"key":"SMITH"},{"data":"Tactician","floor":23,"key":"SMITH"},{"data":"Terror","floor":32,"key":"SMITH"}],"circlet_count":0,"master_deck":["AscendersBane","Strike_G","Strike_G+1","Strike_G+1","Defend_G","Defend_G","Defend_G","Defend_G","Survivor","Neutralize","Tactician+1","Backflip","Acrobatics","Predator","Skewer+1","Backstab","Tactician+1","Glass Knife+1","Footwork","Outmaneuver+1","Blur","Terror+1","Acrobatics+1"],"relics":["Ring of the Snake","Vajra","Anchor","Bag of Marbles","Busted Crown","Whetstone","Red Mask","ClockworkSouvenir"],"acts_visited":["Exordium","TheCity"],"potions_floor_usage":[16,16,24,33,33],"damage_taken":[{"damage":0,"enemies":"2 Louse","floor":1,"turns":3},{"damage":2,"enemies":"Cultist","floor":2,"turns":5},{"damage":8,"enemies":"Jaw Worm","floor":5,"turns":5},{"damage":32,"enemies":"Gremlin Nob","floor":7,"turns":4},{"damage":13,"enemies":"Lagavulin","floor":10,"turns":7},{"damage":0,"enemies":"2 Fungi Beasts","floor":11,"turns":1},{"damage":0,"enemies":"Exordium Thugs","floor":12,"turns":5},{"damage":20,"enemies":"Slime Boss","floor":16,"turns":6},{"damage":0,"enemies":"Chosen","floor":18,"turns":3},{"damage":0,"enemies":"Shell Parasite","floor":20,"turns":1},{"damage":0,"enemies":"Snake Plant","floor":21,"turns":1},{"damage":0,"enemies":"Book of Stabbing","floor":24,"turns":3},{"damage":10,"enemies":"Masked Bandits","floor":25,"turns":5},{"damage":0,"enemies":"Centurion and Healer","floor":27,"turns":4},{"damage":0,"enemies":"Snecko","floor":28,"turns":3},{"damage":0,"enemies":"Shelled Parasite and Fungi","floor":29,"turns":2},{"damage":0,"enemies":"Centurion and Healer","floor":30,"turns":3},{"damage":58,"enemies":"Champ","floor":33,"turns":8}],"seed_played":"536648869070280484","potions_obtained":[{"floor":10,"key":"Poison Potion"},{"floor":12,"key":"Explosive Potion"},{"floor":16,"key":"Dexterity Potion"},{"floor":18,"key":"CunningPotion"},{"floor":19,"key":"FearPotion"},{"floor":25,"key":"ColorlessPotion"},{"floor":27,"key":"Energy Potion"}],"is_trial":false,"path_per_floor":["M","M","?","$","M","R","E","R","T","E","M","M","?","$","R","B",null,"M","?","M","M","?","R","E","?","T","M","M","M","M","$","R","B"],"character_chosen":"THE_SILENT","items_purchased":["Acrobatics","Predator","Footwork","ClockworkSouvenir"],"campfire_rested":0,"item_purchase_floors":[4,4,14,31],"current_hp_per_floor":[59,57,57,57,49,49,17,17,17,4,4,4,26,26,26,6,51,51,51,51,51,51,51,51,41,41,41,41,41,41,41,41,0,0],"gold":71,"neow_bonus":"REMOVE_CARD","is_daily":false,"chose_seed":false,"campfire_upgraded":5,"win_rate":0.0,"timestamp":1611233578,"path_taken":["M","M","?","?","M","R","E","R","T","E","M","?","?","?","R","BOSS","M","?","M","?","?","R","E","?","T","?","M","M","?","$","R","BOSS"],"items_purchased_type":["Card","Card","Card","Relic"],"build_version":"2020-12-22","purchased_purges":2,"victory":false,"max_hp_per_floor":[66,66,66,66,66,66,66,66,66,66,66,66,66,66,66,66,66,66,66,66,66,66,66,66,66,66,66,66,66,66,66,66,66,66],"card_choices":[{"not_picked":["Dodge and Roll","Deflect"],"picked":"Tactician","floor":1},{"not_picked":["Blur","Deadly Poison"],"picked":"Backflip","floor":2},{"not_picked":["Leg Sweep","Outmaneuver"],"picked":"Skewer","floor":5},{"not_picked":["Riddle With Holes","PiercingWail"],"picked":"Backstab","floor":7},{"not_picked":["Heel Hook","Sucker Punch","Skewer"],"picked":"SKIP","floor":10},{"not_picked":["Dodge and Roll","Backstab"],"picked":"Tactician","floor":11},{"not_picked":["Poisoned Stab","Dodge and Roll"],"picked":"Glass Knife","floor":12},{"not_picked":["Endless Agony"],"picked":"SKIP","floor":18},{"not_picked":["Sucker Punch+1"],"picked":"SKIP","floor":20},{"not_picked":[],"picked":"Outmaneuver+1","floor":21},{"not_picked":[],"picked":"Blur","floor":24},{"not_picked":[],"picked":"Terror","floor":25},{"not_picked":["Caltrops"],"picked":"SKIP","floor":27},{"not_picked":[],"picked":"Acrobatics+1","floor":28},{"not_picked":["Quick Slash"],"picked":"SKIP","floor":29},{"not_picked":["Cloak And Dagger"],"picked":"SKIP","floor":30}],"player_experience":1349940,"relics_obtained":[{"floor":7,"key":"Vajra"},{"floor":9,"key":"Anchor"},{"floor":10,"key":"Bag of Marbles"},{"floor":24,"key":"Whetstone"},{"floor":25,"key":"Red Mask"}],"event_choices":[{"damage_healed":0,"gold_gain":50,"player_choice":"Pray","damage_taken":0,"max_hp_gain":0,"max_hp_loss":0,"event_name":"Golden Shrine","floor":3,"gold_loss":0},{"damage_healed":22,"gold_gain":0,"player_choice":"Banana","damage_taken":0,"max_hp_gain":0,"max_hp_loss":0,"event_name":"Big Fish","floor":13,"gold_loss":0},{"damage_healed":0,"gold_gain":0,"player_choice":"Bought 1 Potion","damage_taken":0,"max_hp_gain":0,"max_hp_loss":0,"event_name":"The Woman in Blue","floor":19,"gold_loss":0},{"damage_healed":0,"gold_gain":50,"player_choice":"Stole From Cult","damage_taken":0,"max_hp_gain":0,"max_hp_loss":0,"event_name":"Nest","floor":22,"gold_loss":0},{"damage_healed":0,"gold_gain":0,"player_choice":"Fought Bandits","damage_taken":0,"max_hp_gain":0,"max_hp_loss":0,"event_name":"Masked Bandits","floor":25,"gold_loss":0}],"is_beta":false,"boss_relics":[{"not_picked":["SacredBark","Fusion Hammer"],"picked":"Busted Crown"}],"items_purged_floors":[4,31],"is_endless":false,"potions_floor_spawned":[10,12,16,18,21,25,27,29],"killed_by":"Champ","ascension_level":20}}