{"host":"5rhdqk7nbnm087ui","time":1611212012,"event":{"mods":["AchievementEnabler","Act Like it!","BaseMod","GungeonMod","Highlight Path","HololiveMod","Marisa（F雨　魔理沙）","Minty Spire (QoL Compilation)","Relic Stats","Replay The Spire","SIMod","Spicy Shops","StSLib","Waifu the Spire","WarShipGirlsR/战舰少女R mod","【遗物卡牌】REMEMod"],"gold_per_floor":[109,109,129,81,81,81,98,98,98,116,58,72,86,97,97,200,200,210,224,263,278,122,122,148,148,148,162,172,192,204,20,20,121,121,131,131,131,148,158,158],"floor_reached":39,"language":"ZHS","playtime":4348,"items_purged":[],"score":499,"play_id":"51e5b044-3c13-4a05-bbd5-ca71fd94d1eb","local_time":"20210121145332","is_ascension_mode":false,"campfire_choices":[{"data":"Return_To_Past","floor":6.0,"key":"SMITH"},{"data":"FriendshipIsMagic","floor":15.0,"key":"SMITH"},{"data":"Flutterguy","floor":23,"key":"SMITH"},{"data":"PinkiePromise","floor":25,"key":"SMITH"}],"circlet_count":0,"master_deck":["HarmonyShield","HideCarefully","Return_To_Past+1","PinkiePromise+1","GemstoneDetection","Lasso","PartyTime","BehindTheScene","MessyAndOrderly","AllByMyself","ThrowingApples+1","REME_CopyPotion","Magictrain","BatchProduction","AllByMyself","FriendshipIsMagic+1","BeautySensation","Flutterguy+1","Sisterhood","AlloutStrike","Anxiousness","FriendOfNature","TakeTheLead","Stare","PinkiePromise","CowboySkills","Honesty+1","AllByMyself","FollowTherRainbow+1","GemstoneDetection","PinkiePromise+1","FollowTherRainbow","Charge","TasteRainbow","SwiftKick","RashStunts","AppleFeast","RunningOfTheLeaves+1","Batlization+1","AppleFeast+1","BigDeal","FarmExpert","Dear_Princess","MessyAndOrderly","SonicRainbow","BeautySensation","Magictrain","Panacea","Perfectionism+1","ThunderCloud+1","ThrowingApples+1","AppleFeast+1"],"relics":["The_element_of_harmony","REME_ComplimentaryCards","Lizard Tail","Replay:PocketPolymizer","Bottled Tornado","Pandora\u0027s Box","Pen Nib","Hololive_LightStick","Sundial","Unceasing Top","Membership Card","Runic Pyramid"],"acts_visited":["Exordium","TheCity","TheBeyond"],"potions_floor_usage":[24,28,29],"damage_taken":[{"damage":0.0,"enemies":"2 Louse","floor":1.0,"turns":4.0},{"damage":0.0,"enemies":"Jaw Worm","floor":3.0,"turns":3.0},{"damage":0.0,"enemies":"Cultist","floor":7.0,"turns":4.0},{"damage":18.0,"enemies":"Gremlin Gang","floor":10.0,"turns":4.0},{"damage":0.0,"enemies":"2 Fungi Beasts","floor":12.0,"turns":5.0},{"damage":1.0,"enemies":"Exordium Wildlife","floor":13.0,"turns":3.0},{"damage":6.0,"enemies":"Gremlin Gang","floor":14.0,"turns":1.0},{"damage":50.0,"enemies":"The Guardian","floor":16.0,"turns":13.0},{"damage":9.0,"enemies":"3 Byrds","floor":18.0,"turns":2.0},{"damage":22.0,"enemies":"Chosen","floor":19.0,"turns":7.0},{"damage":26.0,"enemies":"Centurion and Healer","floor":21.0,"turns":12.0},{"damage":15,"enemies":"Replay:Snechameleon","floor":24,"turns":5},{"damage":0,"enemies":"Snake Plant","floor":27,"turns":2},{"damage":0,"enemies":"Chosen and Byrds","floor":28,"turns":7},{"damage":16,"enemies":"Snecko","floor":29,"turns":5},{"damage":0,"enemies":"Centurion and Healer","floor":30,"turns":3},{"damage":26,"enemies":"Champ","floor":33,"turns":14},{"damage":47,"enemies":"Orb Walker","floor":35,"turns":6},{"damage":18,"enemies":"3 Shapes","floor":38,"turns":2},{"damage":19,"enemies":"Maw","floor":39,"turns":11}],"seed_played":"3418086899071818086","potions_obtained":[{"floor":1.0,"key":"DistilledChaos"},{"floor":7.0,"key":"Explosive Potion"},{"floor":14.0,"key":"SpeedPotion"},{"floor":19.0,"key":"GamblersBrew"},{"floor":20.0,"key":"EntropicBrew"},{"floor":21,"key":"LiquidMemories"},{"floor":24,"key":"ColorlessPotion"},{"floor":28,"key":"DuplicationPotion"},{"floor":29,"key":"AttackPotion"},{"floor":35,"key":"ColorlessPotion"}],"is_trial":false,"path_per_floor":["M","?","M","$","?","R","M","?","T","M","$","M","M","M","R","B",null,"M","M","?","M","$","R","E","R","T","M","M","M","M","$","R","B",null,"M","?","?","M","M"],"character_chosen":"TWI_CLASS","items_purchased":["Lasso","ThrowingApples+1","Hololive_LightStick","Membership Card","Dear_Princess"],"campfire_rested":0,"item_purchase_floors":[4,11,22,31,31],"current_hp_per_floor":[90,65,65,65,65,65,65,65,65,47,47,47,46,40,40,37,90,81,65,43,23,23,23,14,14,14,15,79,63,63,63,90,70,90,51,51,42,51,64,64],"gold":158,"neow_bonus":"TEN_PERCENT_HP_BONUS","is_daily":false,"chose_seed":false,"campfire_upgraded":4,"win_rate":0.0,"timestamp":1611212012,"path_taken":["M","?","M","$","?","R","M","?","T","M","$","?","M","M","R","BOSS","M","?","?","M","$","R","E","R","T","M","?","M","M","$","R","BOSS","M","?","?","M","M"],"items_purchased_type":["Card","Card","Relic","Relic","Card"],"build_version":"2020-12-22","purchased_purges":0,"victory":false,"max_hp_per_floor":[90,90,90,90,90,90,90,90,90,90,90,90,90,90,90,90,90,90,90,90,90,90,90,90,90,90,90,90,90,90,90,90,90,90,90,90,90,90,90,90],"relic_stats":{"Lizard Tail":45,"counters":[20,113],"Sundial":[2],"Pandora\u0027s Box":["AlloutStrike","Anxiousness","FriendshipIsMagic","FriendOfNature","TakeTheLead","Stare","PinkiePromise","CowboySkills"],"Pen Nib":[6],"obtain_stats":[{"Replay:PocketPolymizer":8,"The_element_of_harmony":0,"DemoMod:GlassGuonStoneRelic":1,"Pen Nib":20,"Bottled Tornado":9,"Lizard Tail":2,"Hololive_LightStick":22,"Sundial":24,"Pandora\u0027s Box":17,"Membership Card":31,"Unceasing Top":26,"REME_ComplimentaryCards":0,"Runic Pyramid":34},{"Replay:PocketPolymizer":3,"The_element_of_harmony":0,"DemoMod:GlassGuonStoneRelic":1,"Pen Nib":10,"Bottled Tornado":3,"Lizard Tail":1,"Hololive_LightStick":11,"Sundial":12,"Pandora\u0027s Box":8,"Membership Card":16,"Unceasing Top":12,"REME_ComplimentaryCards":0,"Runic Pyramid":17},{"Replay:PocketPolymizer":11,"The_element_of_harmony":0,"DemoMod:GlassGuonStoneRelic":4,"Pen Nib":46,"Bottled Tornado":11,"Lizard Tail":4,"Hololive_LightStick":58,"Sundial":63,"Pandora\u0027s Box":37,"Membership Card":80,"Unceasing Top":63,"REME_ComplimentaryCards":0,"Runic Pyramid":94}],"Unceasing Top":[17]},"card_choices":[{"not_picked":["Smile"],"picked":"HideCarefully","floor":1.0},{"not_picked":["Mischief"],"picked":"Return_To_Past","floor":1.0},{"not_picked":["ThrowingApples"],"picked":"PinkiePromise","floor":3.0},{"not_picked":["Charge"],"picked":"GemstoneDetection","floor":3.0},{"not_picked":["AlloutStrike"],"picked":"PartyTime","floor":7.0},{"not_picked":["FollowTherRainbow"],"picked":"BehindTheScene","floor":7.0},{"not_picked":["KillingWithKindness"],"picked":"MessyAndOrderly","floor":10.0},{"not_picked":["DynamicVision"],"picked":"AllByMyself","floor":10.0},{"not_picked":["Magic"],"picked":"Magictrain","floor":12.0},{"not_picked":["ReinventMyself","Mischief"],"picked":"SKIP","floor":12.0},{"not_picked":["CleanLibrary"],"picked":"BatchProduction","floor":13.0},{"not_picked":["PartyTime"],"picked":"AllByMyself","floor":13.0},{"not_picked":["PartyTime"],"picked":"FriendshipIsMagic","floor":14.0},{"not_picked":["ServeMeal"],"picked":"Anxiousness","floor":14.0},{"not_picked":["PinkieSense"],"picked":"Flutterguy","floor":16.0},{"not_picked":["MessyAndOrderly"],"picked":"Sisterhood","floor":16.0},{"not_picked":["TenInstruments"],"picked":"Honesty+1","floor":18.0},{"not_picked":["Anxiousness"],"picked":"Winterwrapup","floor":18.0},{"not_picked":["Lasso+1"],"picked":"AllByMyself","floor":19.0},{"not_picked":["RunningOfTheLeaves"],"picked":"FollowTherRainbow+1","floor":19.0},{"not_picked":["Winterwrapup"],"picked":"GemstoneDetection","floor":20.0},{"not_picked":["ReinventMyself"],"picked":"PinkiePromise+1","floor":20.0},{"not_picked":["ReinventMyself+1"],"picked":"FollowTherRainbow","floor":21},{"not_picked":["Tornado+1"],"picked":"TasteRainbow","floor":24},{"not_picked":["PinkieSense"],"picked":"SwiftKick","floor":24},{"not_picked":["Lasso"],"picked":"AppleFeast","floor":27},{"not_picked":["TwentyPercentcooler+1"],"picked":"RunningOfTheLeaves+1","floor":27},{"not_picked":["HideCarefully"],"picked":"Batlization","floor":28},{"not_picked":["Boundary"],"picked":"AppleFeast+1","floor":28},{"not_picked":["Laughter"],"picked":"BigDeal","floor":29},{"not_picked":["FollowTherRainbow+1"],"picked":"FarmExpert","floor":29},{"not_picked":["ServeMeal","PartyTime"],"picked":"SKIP","floor":30},{"not_picked":["HideCarefully","GemstoneDetection"],"picked":"SKIP","floor":30},{"not_picked":["BeautySensation"],"picked":"SonicRainbow","floor":33},{"not_picked":["LoveMe"],"picked":"BeautySensation","floor":33},{"not_picked":["ReinventMyself"],"picked":"Magictrain","floor":35},{"not_picked":["Mischief","ReinventMyself"],"picked":"SKIP","floor":35},{"not_picked":["Forethought"],"picked":"Panacea","floor":36},{"not_picked":["GemstoneDetection"],"picked":"Perfectionism+1","floor":38},{"not_picked":["Whining+1"],"picked":"ThunderCloud+1","floor":38},{"not_picked":["Winterwrapup"],"picked":"ThrowingApples+1","floor":39},{"not_picked":["GemstoneDetection+1"],"picked":"AppleFeast+1","floor":39}],"player_experience":135471,"relics_obtained":[{"floor":9.0,"key":"Bottled Tornado"},{"floor":20.0,"key":"Pen Nib"},{"floor":24,"key":"Sundial"},{"floor":26,"key":"Unceasing Top"}],"event_choices":[{"damage_healed":0.0,"max_hp_gain":0.0,"max_hp_loss":0.0,"gold_gain":0.0,"event_name":"Scrap Ooze","player_choice":"Success","floor":2.0,"gold_loss":0.0,"damage_taken":25.0,"relics_obtained":["Lizard Tail"]},{"damage_healed":0.0,"max_hp_gain":0.0,"max_hp_loss":0.0,"gold_gain":0.0,"event_name":"WeMeetAgain","player_choice":"Gave Potion","floor":8.0,"gold_loss":0.0,"damage_taken":0.0,"relics_obtained":["Replay:PocketPolymizer"]},{"damage_healed":0,"gold_gain":0,"player_choice":"Memory 1","damage_taken":0,"max_hp_gain":0,"max_hp_loss":0,"event_name":"SensoryStone","floor":36,"gold_loss":0},{"damage_healed":0,"gold_gain":0,"player_choice":"Damaged","damage_taken":9,"max_hp_gain":0,"max_hp_loss":0,"event_name":"Wheel of Change","floor":37,"gold_loss":0}],"is_beta":false,"boss_relics":[{"not_picked":["Snecko Eye","Abe\u0027s Treasure"],"picked":"Pandora\u0027s Box"},{"not_picked":["Hololive_Finger","ChewingGum"],"picked":"Runic Pyramid"}],"items_purged_floors":[],"is_endless":false,"potions_floor_spawned":[1,7,14,19,21,24,28,29,35],"killed_by":"Maw","ascension_level":0}}