{"host":"sc0o2qwpf9j16a4i","time":1611249366,"event":{"mods":["AchievementEnabler","BaseMod","BetterRewards","Block Reminder","Colored Map","Colored Powertips","Custom Start","Highlight Path","Minty Spire (QoL Compilation)","Relic Stats"],"gold_per_floor":[115,390,405,421,571,597,609,647,659,651,663,706,131,162,162,264,264,278,289,7,27,27,89,99,99,99,99,130,30,62,62,62,165,165,214,214,214,279,279,369,369,443,443,489,547,43,178,258,258,368,393,393,393,18,76,76],"floor_reached":57,"language":"ENG","playtime":2412,"items_purged":["Strike_P","Strike_P","Defend_P","Defend_P"],"score":3813,"play_id":"148f9a7e-1c9f-4825-9261-9ce53e4c4e35","local_time":"20210121191606","is_ascension_mode":true,"campfire_choices":[{"floor":7.0,"key":"REST"},{"floor":11.0,"key":"REST"},{"data":"Wish","floor":15,"key":"SMITH"},{"data":"SpiritShield","floor":25,"key":"SMITH"},{"data":"MentalFortress","floor":27,"key":"SMITH"},{"floor":32,"key":"REST"},{"data":"Wish","floor":41,"key":"SMITH"},{"floor":49,"key":"RECALL"},{"data":"Wish","floor":53,"key":"SMITH"}],"circlet_count":0,"master_deck":["AscendersBane","Defend_P","Eruption","Vigilance","Tantrum+1","MentalFortress+1","Adaptation","Conclude","Wallop","WheelKick+1","EmptyFist","Wallop","SandsOfTime","Wish+1","MentalFortress","ThirdEye","SpiritShield+1","TalkToTheHand+1","Worship","WheelKick+1","Protect","WheelKick+1","Wish+1","Bite+1","Bite+1","Bite+1","Bite+1","Bite+1","DevaForm","HandOfGreed+1","Consecrate+1","Wish+1","WaveOfTheHand","LikeWater","ThirdEye+1","Wallop+1"],"relics":["PureWater","Happy Flower","Pen Nib","Letter Opener","Sling","Potion Belt","Omamori","Vajra","ClockworkSouvenir","Bag of Marbles","MawBank","WingedGreaves","Bronze Scales","Molten Egg 2","Medical Kit","Dream Catcher","Snecko Eye","PreservedInsect","Whetstone","Yang","Regal Pillow","Empty Cage","Akabeko","Shuriken","Mercury Hourglass","Lee\u0027s Waffle","Ancient Tea Set","CloakClasp","Ice Cream","Membership Card","Damaru","Mummified Hand"],"acts_visited":["Exordium","TheCity","TheBeyond","TheEnding"],"potions_floor_usage":[16,16,16,22,30,33,33,40,45,50,50,56,56,56,56,56],"damage_taken":[{"damage":2.0,"enemies":"Jaw Worm","floor":1.0,"turns":4.0},{"damage":0.0,"enemies":"Cultist","floor":3.0,"turns":3.0},{"damage":0.0,"enemies":"Small Slimes","floor":4.0,"turns":1.0},{"damage":0.0,"enemies":"Gremlin Nob","floor":6.0,"turns":2.0},{"damage":0.0,"enemies":"3 Sentries","floor":8.0,"turns":1.0},{"damage":0.0,"enemies":"Lagavulin","floor":12.0,"turns":3.0},{"damage":0,"enemies":"Gremlin Nob","floor":14,"turns":2},{"damage":33,"enemies":"Slime Boss","floor":16,"turns":5},{"damage":0,"enemies":"Spheric Guardian","floor":18,"turns":3},{"damage":0,"enemies":"2 Thieves","floor":19,"turns":3},{"damage":0,"enemies":"Snecko","floor":21,"turns":3},{"damage":0,"enemies":"Centurion and Healer","floor":22,"turns":1},{"damage":5,"enemies":"Book of Stabbing","floor":23,"turns":3},{"damage":0,"enemies":"Shelled Parasite and Fungi","floor":24,"turns":1},{"damage":18,"enemies":"Gremlin Leader","floor":28,"turns":1},{"damage":0,"enemies":"Slavers","floor":30,"turns":2},{"damage":27,"enemies":"Champ","floor":33,"turns":9},{"damage":8,"enemies":"3 Shapes","floor":35,"turns":3},{"damage":19,"enemies":"Orb Walker","floor":38,"turns":5},{"damage":0,"enemies":"Nemesis","floor":40,"turns":5},{"damage":16,"enemies":"Sphere and 2 Shapes","floor":42,"turns":3},{"damage":17,"enemies":"Jaw Worm Horde","floor":44,"turns":2},{"damage":0,"enemies":"Reptomancer","floor":45,"turns":3},{"damage":0,"enemies":"2 Orb Walkers","floor":47,"turns":2},{"damage":0,"enemies":"Mind Bloom Boss Battle","floor":48,"turns":5},{"damage":13,"enemies":"Awakened One","floor":50,"turns":11},{"damage":4,"enemies":"Time Eater","floor":51,"turns":9},{"damage":71,"enemies":"Shield and Spear","floor":55,"turns":5},{"damage":101,"enemies":"The Heart","floor":56,"turns":7}],"seed_played":"-618936580682794895","potions_obtained":[{"floor":1.0,"key":"FairyPotion"},{"floor":6.0,"key":"Ancient Potion"},{"floor":8.0,"key":"EntropicBrew"},{"floor":10.0,"key":"Ancient Potion"},{"floor":16,"key":"Strength Potion"},{"floor":23,"key":"SkillPotion"},{"floor":30,"key":"Dexterity Potion"},{"floor":33,"key":"DuplicationPotion"},{"floor":40,"key":"SpeedPotion"},{"floor":42,"key":"Ambrosia"},{"floor":55,"key":"EntropicBrew"}],"is_trial":false,"path_per_floor":["M","?","M","M","?","E","R","E","T","?","R","E","$","E","R","B",null,"M","M","$","M","M","E","M","R","T","R","E","$","E","?","R","B",null,"M","?","?","M","?","E","R","M","T","M","E","$","?","?","R","B","B",null,"R","$","E","B",null],"character_chosen":"WATCHER","items_purchased":["Happy Flower","Pen Nib","CarveReality","Letter Opener","Sling","Potion Belt","Omamori","Tantrum","MentalFortress","Vajra","ClockworkSouvenir","Adaptation","Conclude","Bag of Marbles","Wallop","Consecrate","Molten Egg 2","MentalFortress","Medical Kit","PreservedInsect","Worship","WheelKick+1","Lee\u0027s Waffle","Ancient Tea Set","ColorlessPotion","Membership Card","Damaru","Wallop+1"],"campfire_rested":3,"item_purchase_floors":[0,0,0,0,0,0,0,0,0,0,0,0,0,0,0,0,13,13,13,20,20,20,46,46,46,54,54,54],"current_hp_per_floor":[17,17,17,17,17,17,37,37,37,37,57,57,57,57,57,24,57,57,57,57,57,57,52,52,52,52,52,34,34,34,34,68,44,62,60,60,50,34,34,46,46,36,36,25,28,75,75,75,75,73,75,75,75,75,10,28],"gold":76,"neow_bonus":"","is_daily":false,"chose_seed":false,"campfire_upgraded":5,"win_rate":0.0,"timestamp":1611249366,"path_taken":["M","?","M","?","?","E","R","E","T","?","R","E","$","E","R","BOSS","M","M","?","M","M","E","M","R","T","R","E","?","E","?","R","BOSS","M","?","?","M","?","E","R","?","T","M","E","$","?","?","R","BOSS","BOSS","R","$","E","BOSS"],"items_purchased_type":["Relic","Relic","Card","Relic","Relic","Relic","Relic","Card","Card","Relic","Relic","Card","Card","Relic","Card","Card","Relic","Card","Relic","Relic","Card","Card","Relic","Relic","Potion","Relic","Relic","Card"],"build_version":"2020-12-22","purchased_purges":4,"victory":true,"max_hp_per_floor":[68,68,68,68,68,68,68,68,68,68,68,68,68,68,68,68,68,68,68,68,68,68,68,68,68,68,68,68,68,68,68,68,68,68,68,68,68,68,68,68,68,68,68,68,68,75,75,75,75,75,75,75,75,75,75,75],"relic_stats":{"Regal Pillow":14,"Lee\u0027s Waffle":47,"Happy Flower":[35],"counters":[78,389],"Yang":[153],"Pen Nib":[41],"PreservedInsect":810,"CloakClasp":[131],"Letter Opener":[105],"Whetstone":["Strike_P","Consecrate","Eruption","WheelKick","Tantrum"],"MawBank":84,"Medical Kit":[8],"Mercury Hourglass":[129],"Dream Catcher":3,"Shuriken":[43],"Mummified Hand":[11],"Bronze Scales":[341],"Snecko Eye":[487,482,431,460],"obtain_stats":[{"Ice Cream":45,"Gremlin Horn":0,"Vajra":0,"Whetstone":9,"Bottled Tornado":55,"Sling":0,"Sozu":17,"Blood Vial":30,"Fusion Hammer":34,"Happy Flower":0,"Eternal Feather":39,"Pen Nib":0,"Letter Opener":0,"Akabeko":40,"SlaversCollar":0,"Shuriken":26,"Bronze Scales":12,"Snecko Eye":17,"Molten Egg 2":0,"NlothsMask":5,"Regal Pillow":19,"Lantern":7,"Torii":47,"Yang":26,"Juzu Bracelet":11,"CloakClasp":47,"Empty Cage":34,"Ancient Tea Set":46,"ClockworkSouvenir":0,"Nunchaku":11,"Dream Catcher":46,"Shovel":7,"Mummified Hand":55,"Pantograph":39,"Toolbox":54,"WingedGreaves":8,"Potion Belt":0,"Lee\u0027s Waffle":46,"Damaru":54,"Thread and Needle":23,"PreservedInsect":20,"Omamori":24,"Frozen Egg 2":44,"GoldenEye":41,"MawBank":6,"Medical Kit":13,"Mercury Hourglass":45,"Peace Pipe":27,"Bag of Marbles":40,"Bottled Lightning":26,"Membership Card":54,"PureWater":0},{"Ice Cream":20,"Gremlin Horn":24,"Vajra":49,"Whetstone":3,"Bottled Tornado":48,"Sling":49,"Sozu":31,"Blood Vial":65,"Fusion Hammer":15,"Happy Flower":49,"Eternal Feather":41,"Pen Nib":49,"Letter Opener":49,"Akabeko":69,"SlaversCollar":0,"Shuriken":11,"Bronze Scales":55,"Snecko Eye":8,"Molten Egg 2":24,"NlothsMask":26,"Regal Pillow":9,"Lantern":27,"Torii":22,"Yang":63,"Juzu Bracelet":29,"CloakClasp":73,"Empty Cage":66,"Ancient Tea Set":72,"ClockworkSouvenir":24,"Nunchaku":5,"Dream Catcher":44,"Shovel":3,"Mummified Hand":77,"Pantograph":41,"Toolbox":47,"WingedGreaves":54,"Potion Belt":49,"Lee\u0027s Waffle":72,"Damaru":76,"Thread and Needle":10,"PreservedInsect":59,"Omamori":35,"Frozen Egg 2":20,"GoldenEye":19,"MawBank":53,"Medical Kit":55,"Mercury Hourglass":72,"Peace Pipe":12,"Bag of Marbles":42,"Bottled Lightning":36,"Membership Card":76,"PureWater":0},{"Ice Cream":118,"Gremlin Horn":142,"Vajra":282,"Whetstone":14,"Bottled Tornado":274,"Sling":282,"Sozu":171,"Blood Vial":320,"Fusion Hammer":79,"Happy Flower":282,"Eternal Feather":228,"Pen Nib":282,"Letter Opener":282,"Akabeko":342,"SlaversCollar":0,"Shuriken":58,"Bronze Scales":296,"Snecko Eye":42,"Molten Egg 2":142,"NlothsMask":150,"Regal Pillow":46,"Lantern":153,"Torii":130,"Yang":317,"Juzu Bracelet":161,"CloakClasp":352,"Empty Cage":329,"Ancient Tea Set":350,"ClockworkSouvenir":142,"Nunchaku":19,"Dream Catcher":242,"Shovel":14,"Mummified Hand":382,"Pantograph":228,"Toolbox":268,"WingedGreaves":293,"Potion Belt":282,"Lee\u0027s Waffle":350,"Damaru":377,"Thread and Needle":50,"PreservedInsect":309,"Omamori":195,"Frozen Egg 2":118,"GoldenEye":107,"MawBank":292,"Medical Kit":296,"Mercury Hourglass":350,"Peace Pipe":62,"Bag of Marbles":233,"Bottled Lightning":200,"Membership Card":377,"PureWater":0}]},"card_choices":[{"not_picked":["EmptyFist","CutThroughFate"],"picked":"FlurryOfBlows","floor":1.0},{"not_picked":["BowlingBash","PathToVictory"],"picked":"WheelKick","floor":3.0},{"not_picked":["Study","BowlingBash"],"picked":"EmptyFist","floor":4.0},{"not_picked":["CrushJoints","EmptyFist"],"picked":"Wallop","floor":6.0},{"not_picked":["Halt","Crescendo"],"picked":"SandsOfTime","floor":8.0},{"not_picked":["SpiritShield","BowlingBash"],"picked":"Wish","floor":12},{"not_picked":["Sanctity","Tantrum+1"],"picked":"ThirdEye","floor":14},{"not_picked":["Devotion","Alpha"],"picked":"SpiritShield","floor":16},{"not_picked":["ThirdEye","PathToVictory","ClearTheMind"],"picked":"SKIP","floor":18},{"not_picked":["Protect","CrushJoints+1"],"picked":"TalkToTheHand+1","floor":19},{"not_picked":["JustLucky+1","Crescendo","FollowUp+1"],"picked":"SKIP","floor":21},{"not_picked":["ClearTheMind+1","CutThroughFate+1","PathToVictory"],"picked":"SKIP","floor":23},{"not_picked":["Prostrate","Consecrate+1"],"picked":"Protect","floor":24},{"not_picked":["FollowUp+1","Crescendo"],"picked":"WheelKick+1","floor":28},{"not_picked":["ReachHeaven+1","ClearTheMind"],"picked":"Wish","floor":30},{"not_picked":["DeusExMachina","Devotion"],"picked":"DevaForm","floor":33},{"not_picked":["Adaptation+1","Crescendo","EmptyFist+1"],"picked":"SKIP","floor":35},{"not_picked":["Purity","The Bomb"],"picked":"HandOfGreed+1","floor":37},{"not_picked":["Consecrate+1","CrushJoints+1","FlyingSleeves+1"],"picked":"SKIP","floor":38},{"not_picked":["BattleHymn+1","Weave+1"],"picked":"Wish","floor":40},{"not_picked":["EmptyBody","ForeignInfluence"],"picked":"WaveOfTheHand","floor":42},{"not_picked":["CrushJoints+1","EmptyFist+1"],"picked":"LikeWater","floor":44},{"not_picked":["BowlingBash+1","FollowUp+1","Tantrum+1"],"picked":"SKIP","floor":45},{"not_picked":["Prostrate","ClearTheMind"],"picked":"ThirdEye+1","floor":47},{"not_picked":["Alpha","ReachHeaven+1","Halt"],"picked":"SKIP","floor":55}],"player_experience":847358,"relics_obtained":[{"floor":6.0,"key":"MawBank"},{"floor":8.0,"key":"WingedGreaves"},{"floor":12,"key":"Bronze Scales"},{"floor":14,"key":"Dream Catcher"},{"floor":23,"key":"Whetstone"},{"floor":26,"key":"Yang"},{"floor":28,"key":"Regal Pillow"},{"floor":30,"key":"Blood Vial"},{"floor":40,"key":"Akabeko"},{"floor":43,"key":"Shuriken"},{"floor":45,"key":"Mercury Hourglass"},{"floor":47,"key":"CloakClasp"},{"floor":48,"key":"Ice Cream"},{"floor":55,"key":"Mummified Hand"}],"event_choices":[{"damage_healed":0.0,"max_hp_gain":0.0,"max_hp_loss":0.0,"gold_gain":275.0,"event_name":"Golden Shrine","player_choice":"Desecrate","floor":2.0,"gold_loss":0.0,"damage_taken":0.0,"cards_obtained":["Regret"]},{"damage_healed":0.0,"max_hp_gain":0.0,"max_hp_loss":0.0,"gold_gain":150.0,"event_name":"Liars Game","player_choice":"AGREE","floor":5.0,"gold_loss":0.0,"damage_taken":0.0,"cards_obtained":["Doubt"]},{"damage_healed":0.0,"max_hp_gain":0.0,"max_hp_loss":0.0,"gold_gain":0.0,"event_name":"The Woman in Blue","player_choice":"Bought 1 Potion","floor":10.0,"gold_loss":0.0,"damage_taken":0.0},{"damage_healed":0,"gold_gain":0,"player_choice":"Became a vampire (Vial)","damage_taken":0,"max_hp_gain":0,"max_hp_loss":0,"event_name":"Vampires","floor":31,"relics_lost":["Blood Vial"],"gold_loss":0,"cards_obtained":["Bite","Bite","Bite","Bite","Bite"]},{"cards_removed":["CarveReality"],"damage_healed":0,"gold_gain":0,"player_choice":"Removed Attack","damage_taken":0,"max_hp_gain":0,"max_hp_loss":0,"event_name":"Falling","floor":36,"gold_loss":0},{"damage_healed":0,"gold_gain":0,"player_choice":"Memory 3","damage_taken":10,"max_hp_gain":0,"max_hp_loss":0,"event_name":"SensoryStone","floor":37,"gold_loss":0},{"damage_healed":0,"gold_gain":0,"cards_transformed":["Defend_P"],"player_choice":"Transformed","damage_taken":0,"max_hp_gain":0,"max_hp_loss":0,"event_name":"Transmorgrifier","floor":39,"gold_loss":0,"cards_obtained":["Consecrate"]},{"damage_healed":0,"gold_gain":0,"player_choice":"Fight","damage_taken":0,"max_hp_gain":0,"max_hp_loss":0,"event_name":"Mysterious Sphere","floor":47,"gold_loss":0},{"damage_healed":0,"gold_gain":0,"player_choice":"Fight","damage_taken":0,"max_hp_gain":0,"max_hp_loss":0,"event_name":"MindBloom","floor":48,"gold_loss":0}],"is_beta":false,"boss_relics":[{"not_picked":["Runic Pyramid","Astrolabe"],"picked":"Snecko Eye"},{"not_picked":["VioletLotus","Runic Dome"],"picked":"Empty Cage"}],"items_purged_floors":[13,29,46,54],"is_endless":false,"potions_floor_spawned":[1,6,8,16,21,23,30,33,40,42,47,55],"ascension_level":20}}