{"host":"9n6i2vl93jt4o42q","time":1611249839,"event":{"mods":["BaseMod","Minty Spire (QoL Compilation)","Relic Stats"],"gold_per_floor":[116,133,58,74,149,149,149,149,149,149,180,180,198,211,211,288,288,303,320,245,2,16,16,31,66,66,66,66,83,118,135,135,207,207,227,237,287,299,299,299],"floor_reached":39,"language":"ENG","playtime":7368,"items_purged":["Strike_G"],"score":846,"play_id":"46353caf-25d2-43ff-b423-ef7eff510926","local_time":"20210121182359","is_ascension_mode":true,"campfire_choices":[{"data":"Neutralize","floor":6.0,"key":"SMITH"},{"data":"Sucker Punch","floor":10.0,"key":"SMITH"},{"floor":12.0,"key":"REST"},{"floor":15.0,"key":"REST"},{"floor":23.0,"key":"REST"},{"floor":28.0,"key":"REST"},{"floor":32.0,"key":"REST"}],"circlet_count":0,"master_deck":["AscendersBane","Strike_G","Defend_G","Defend_G+1","Defend_G","Defend_G","Survivor+1","Neutralize+1","Cloak And Dagger+1","Dagger Throw+1","Sucker Punch+1","Dagger Spray","Noxious Fumes","Slice","Corpse Explosion","Deadly Poison","Bane","Well Laid Plans","Escape Plan","Blur","Decay","Endless Agony","Catalyst+1","Terror+1","Envenom","Acrobatics","Leg Sweep+1"],"relics":["Ring of the Snake","Bronze Scales","War Paint","Sozu","ClockworkSouvenir","Oddly Smooth Stone","Dead Branch","Ninja Scroll","Fusion Hammer"],"acts_visited":["Exordium","TheCity","TheBeyond"],"potions_floor_usage":[33],"damage_taken":[{"damage":0.0,"enemies":"2 Louse","floor":1.0,"turns":3.0},{"damage":1.0,"enemies":"Jaw Worm","floor":2.0,"turns":5.0},{"damage":1.0,"enemies":"Small Slimes","floor":4.0,"turns":3.0},{"damage":24.0,"enemies":"Gremlin Nob","floor":11.0,"turns":4.0},{"damage":0.0,"enemies":"2 Fungi Beasts","floor":13.0,"turns":2.0},{"damage":5.0,"enemies":"Looter","floor":14.0,"turns":3.0},{"damage":15.0,"enemies":"Slime Boss","floor":16.0,"turns":9.0},{"damage":1.0,"enemies":"3 Byrds","floor":18.0,"turns":3.0},{"damage":11.0,"enemies":"2 Thieves","floor":19.0,"turns":2.0},{"damage":18.0,"enemies":"Snake Plant","floor":22.0,"turns":4.0},{"damage":12.0,"enemies":"Snecko","floor":24.0,"turns":5.0},{"damage":24.0,"enemies":"Book of Stabbing","floor":25.0,"turns":5.0},{"damage":6.0,"enemies":"Centurion and Healer","floor":29.0,"turns":4.0},{"damage":20.0,"enemies":"Gremlin Leader","floor":30.0,"turns":5.0},{"damage":0.0,"enemies":"Chosen and Byrds","floor":31.0,"turns":2.0},{"damage":7,"enemies":"Collector","floor":33,"turns":8},{"damage":0,"enemies":"3 Shapes","floor":35,"turns":3},{"damage":34,"enemies":"3 Darklings","floor":36,"turns":4},{"damage":0,"enemies":"Spire Growth","floor":38,"turns":2},{"damage":25,"enemies":"Transient","floor":39,"turns":6}],"seed_played":"6621645706247500586","potions_obtained":[{"floor":4.0,"key":"Swift Potion"},{"floor":11.0,"key":"PowerPotion"},{"floor":14.0,"key":"Ancient Potion"}],"is_trial":false,"path_per_floor":["M","M","?","M","?","R","?","?","T","R","E","R","M","M","R","B",null,"M","M","?","$","M","R","M","E","T","?","R","M","E","M","R","B",null,"M","M","?","M","M"],"character_chosen":"THE_SILENT","items_purchased":["ClockworkSouvenir"],"campfire_rested":5,"item_purchase_floors":[21],"current_hp_per_floor":[59,58,58,57,46,46,51,31,31,31,7,26,26,21,40,25,55,54,43,43,43,25,44,32,8,8,8,27,21,1,1,20,13,52,52,18,18,18,0,0],"gold":299,"neow_bonus":"REMOVE_TWO","is_daily":false,"chose_seed":false,"campfire_upgraded":2,"win_rate":0.0,"timestamp":1611249839,"path_taken":["M","M","?","M","?","R","?","?","T","R","E","R","M","M","R","BOSS","M","M","?","$","M","R","M","E","T","?","R","?","E","M","R","BOSS","M","M","?","M","?"],"items_purchased_type":["Relic"],"build_version":"2020-12-22","purchased_purges":1,"victory":false,"max_hp_per_floor":[60,60,60,60,60,60,65,65,65,65,65,65,65,65,65,65,65,65,65,65,65,65,65,65,65,65,65,65,65,65,65,65,65,65,65,65,65,65,65,65],"relic_stats":{"Sozu":5,"counters":[20,82],"Bronze Scales":[228],"Dead Branch":[74],"War Paint":["Cloak And Dagger","Survivor"],"obtain_stats":[{"Sozu":17,"Ninja Scroll":30,"Bronze Scales":9,"Dead Branch":26,"Oddly Smooth Stone":25,"Fusion Hammer":34,"War Paint":11,"Ring of the Snake":0,"ClockworkSouvenir":21},{"Sozu":7,"Ninja Scroll":14,"Bronze Scales":3,"Dead Branch":12,"Oddly Smooth Stone":12,"Fusion Hammer":16,"War Paint":4,"Ring of the Snake":0,"ClockworkSouvenir":9},{"Sozu":29,"Ninja Scroll":57,"Bronze Scales":11,"Dead Branch":48,"Oddly Smooth Stone":48,"Fusion Hammer":67,"War Paint":15,"Ring of the Snake":0,"ClockworkSouvenir":34}],"Ring of the Snake":[37]},"card_choices":[{"not_picked":["Riddle With Holes","Acrobatics"],"picked":"Cloak And Dagger","floor":1.0},{"not_picked":["Flechettes","Riddle With Holes"],"picked":"Dagger Throw","floor":2.0},{"not_picked":["Outmaneuver","Escape Plan"],"picked":"Sucker Punch","floor":4.0},{"not_picked":["Outmaneuver","Deflect"],"picked":"Dagger Spray","floor":11.0},{"not_picked":["Bouncing Flask","Deflect"],"picked":"Noxious Fumes","floor":13.0},{"not_picked":["Caltrops","Quick Slash"],"picked":"Slice","floor":14.0},{"not_picked":["Bullet Time","Glass Knife"],"picked":"Corpse Explosion","floor":16.0},{"not_picked":["Underhanded Strike","Deflect"],"picked":"Deadly Poison","floor":18.0},{"not_picked":["Poisoned Stab","Dash"],"picked":"Bane","floor":19.0},{"not_picked":["Poisoned Stab","Glass Knife"],"picked":"Well Laid Plans","floor":22.0},{"not_picked":["Poisoned Stab","Sucker Punch"],"picked":"Escape Plan","floor":24.0},{"not_picked":["Skewer","Caltrops"],"picked":"Blur","floor":25.0},{"not_picked":["Flying Knee","Prepared"],"picked":"Endless Agony","floor":29.0},{"not_picked":["Backflip","A Thousand Cuts"],"picked":"Catalyst+1","floor":30.0},{"not_picked":["Quick Slash","Blade Dance"],"picked":"Terror+1","floor":31.0},{"not_picked":["Doppelganger","Tools of the Trade"],"picked":"Envenom","floor":33},{"not_picked":["Finisher","Cloak And Dagger"],"picked":"Acrobatics","floor":35},{"not_picked":["Infinite Blades","Dagger Throw","Masterful Stab"],"picked":"SKIP","floor":36},{"not_picked":["Flying Knee","Expertise+1"],"picked":"Leg Sweep+1","floor":38}],"player_experience":2197669,"relics_obtained":[{"floor":9.0,"key":"Bronze Scales"},{"floor":11.0,"key":"War Paint"},{"floor":25.0,"key":"Oddly Smooth Stone"},{"floor":26.0,"key":"Dead Branch"},{"floor":30.0,"key":"Ninja Scroll"}],"event_choices":[{"cards_removed":["Strike_G"],"damage_healed":0.0,"max_hp_gain":0.0,"max_hp_loss":0.0,"gold_gain":0.0,"event_name":"The Cleric","player_choice":"Card Removal","floor":3.0,"gold_loss":75.0,"damage_taken":0.0},{"damage_healed":0.0,"max_hp_gain":0.0,"max_hp_loss":0.0,"gold_gain":75.0,"event_name":"World of Goop","player_choice":"Gather Gold","floor":5.0,"gold_loss":0.0,"damage_taken":11.0},{"damage_healed":0.0,"max_hp_gain":5.0,"max_hp_loss":0.0,"gold_gain":0.0,"event_name":"Big Fish","player_choice":"Donut","floor":7.0,"gold_loss":0.0,"damage_taken":0.0},{"damage_healed":0.0,"max_hp_gain":0.0,"max_hp_loss":0.0,"gold_gain":0.0,"event_name":"Shining Light","player_choice":"Entered Light","floor":8.0,"gold_loss":0.0,"damage_taken":20.0,"cards_upgraded":["Defend_G","Dagger Throw"]},{"cards_removed":["Strike_G"],"damage_healed":0.0,"max_hp_gain":0.0,"max_hp_loss":0.0,"gold_gain":0.0,"event_name":"Beggar","player_choice":"Gave Gold","floor":20.0,"gold_loss":75.0,"damage_taken":0.0},{"damage_healed":0.0,"max_hp_gain":0.0,"max_hp_loss":0.0,"gold_gain":0.0,"event_name":"Forgotten Altar","player_choice":"Smashed Altar","floor":27.0,"gold_loss":0.0,"damage_taken":0.0,"cards_obtained":["Decay"]},{"damage_healed":0,"gold_gain":50,"player_choice":"Pray","damage_taken":0,"max_hp_gain":0,"max_hp_loss":0,"event_name":"Golden Shrine","floor":37,"gold_loss":0}],"is_beta":false,"boss_relics":[{"not_picked":["Ectoplasm","Black Star"],"picked":"Sozu"},{"not_picked":["Runic Dome","Coffee Dripper"],"picked":"Fusion Hammer"}],"items_purged_floors":[21],"is_endless":false,"potions_floor_spawned":[4,11,14,18,22,31,33,35],"killed_by":"Transient","ascension_level":20}}