{"host":"qsusua7l529r8z9k","time":1611222476,"event":{"mods":["BaseMod","Minty Spire (QoL Compilation)","Spicy Shops","StSLib","The Bug Knight","The Cursed","The Runesmith","The Servant 0.9.4"],"gold_per_floor":[109,109,34,109,120,151,163,163,189,189,523,538,538,573,573,676,676,688,706,718,718,718],"floor_reached":21,"language":"ZHS","playtime":1093,"items_purged":["Runesmith:Defend_RS"],"score":224,"play_id":"ccf60f12-fb0b-4269-a51a-a9f581d8a8f1","local_time":"20210121174756","is_ascension_mode":false,"campfire_choices":[{"data":"Runesmith:CraftFirestone","floor":8.0,"key":"SMITH"},{"data":"Runesmith:UnlimitedPower","floor":13.0,"key":"SMITH"},{"data":"Runesmith:HammerTime","floor":15.0,"key":"SMITH"}],"circlet_count":0,"master_deck":["Runesmith:Strike_RS","Runesmith:Strike_RS","Runesmith:Strike_RS","Runesmith:Defend_RS","Runesmith:Defend_RS","Runesmith:Defend_RS","Runesmith:CraftFirestone+1","Runesmith:Fortify","Runesmith:LithiumIon","Runesmith:ChargedHammer","Runesmith:Firewall","Runesmith:HeatedChisel","Runesmith:CraftReservo","Regret","Runesmith:HammerTime+1","Runesmith:UnlimitedPower+1","Runesmith:ArcReactor","Runesmith:ShiftingStrike","Runesmith:CraftMedicinae"],"relics":["Runesmith:BrokenRuby","NeowsBlessing","Regal Pillow","Anchor","Eternal Feather","Old Coin","Runesmith:EmergencyProvisions","Sozu"],"acts_visited":["Exordium","TheCity"],"potions_floor_usage":[19],"damage_taken":[{"damage":0.0,"enemies":"Jaw Worm","floor":1.0,"turns":1.0},{"damage":0.0,"enemies":"Small Slimes","floor":5.0,"turns":2.0},{"damage":0.0,"enemies":"HollowMod:MossKnight","floor":6.0,"turns":1.0},{"damage":1.0,"enemies":"Cultist","floor":7.0,"turns":3.0},{"damage":7.0,"enemies":"3 Sentries","floor":11.0,"turns":7.0},{"damage":7.0,"enemies":"Exordium Wildlife","floor":12.0,"turns":5.0},{"damage":14.0,"enemies":"Gremlin Nob","floor":14.0,"turns":4.0},{"damage":27.0,"enemies":"Slime Boss","floor":16.0,"turns":6.0},{"damage":16.0,"enemies":"Spheric Guardian","floor":18.0,"turns":4.0},{"damage":14,"enemies":"3 Byrds","floor":19,"turns":3},{"damage":10,"enemies":"Centurion and Healer","floor":20,"turns":7},{"damage":33,"enemies":"Sentry and Sphere","floor":21,"turns":4}],"seed_played":"-5062750626199328621","potions_obtained":[{"floor":6.0,"key":"LiquidBronze"},{"floor":14.0,"key":"ColorlessPotion"}],"is_trial":false,"path_per_floor":["M","?","$","?","M","E","M","R","T","?","E","M","R","E","R","B",null,"M","M","M","M"],"character_chosen":"RUNESMITH_CLASS","items_purchased":[],"campfire_rested":0,"item_purchase_floors":[],"current_hp_per_floor":[70,70,70,63,63,63,62,62,62,62,55,48,57,43,52,25,70,54,40,30,0,0],"gold":718,"neow_bonus":"THREE_ENEMY_KILL","is_daily":false,"chose_seed":false,"campfire_upgraded":3,"win_rate":0.0,"timestamp":1611222476,"path_taken":["M","?","$","?","?","E","M","R","T","?","E","M","R","E","R","BOSS","M","M","M","M"],"items_purchased_type":[],"build_version":"2020-12-22","purchased_purges":1,"victory":false,"max_hp_per_floor":[70,70,70,70,70,70,70,70,70,70,70,70,70,70,70,70,70,70,70,70,70,70],"card_choices":[{"not_picked":["Runesmith:UnstableHammer","Runesmith:FieryHammer"],"picked":"Runesmith:LithiumIon","floor":1.0},{"not_picked":["Runesmith:Prism","Runesmith:StaticCage"],"picked":"Runesmith:Firewall","floor":5.0},{"not_picked":["Runesmith:FieryHammer","Runesmith:Repurpose"],"picked":"Runesmith:HeatedChisel","floor":6.0},{"not_picked":["Runesmith:ElementalConversion","Runesmith:Overpower"],"picked":"Runesmith:CraftReservo","floor":7.0},{"not_picked":["Runesmith:ShiftingStrike","Runesmith:Accelerate"],"picked":"Runesmith:HammerTime","floor":11.0},{"not_picked":["Runesmith:CraftMagma","Runesmith:Firewall"],"picked":"Runesmith:UnlimitedPower","floor":12.0},{"not_picked":["Runesmith:EnergizedChisel","Runesmith:MakeshiftArmor","Runesmith:HeatExchange"],"picked":"SKIP","floor":14.0},{"not_picked":["Runesmith:ReplicatingBarrier","Runesmith:FissionHammer"],"picked":"Runesmith:ArcReactor","floor":16.0},{"not_picked":["Runesmith:ShiftingStrike","Runesmith:RunicBlueprint","Runesmith:MakeshiftArmor+1"],"picked":"SKIP","floor":18.0},{"not_picked":["Runesmith:StaticCage","Runesmith:ShiftingStrike","Runesmith:Overpower"],"picked":"SKIP","floor":19},{"not_picked":["Runesmith:StaticCage","Runesmith:Overpower"],"picked":"Runesmith:ShiftingStrike","floor":19},{"not_picked":["Runesmith:ChiselStab+1","Runesmith:Overpower"],"picked":"Runesmith:CraftMedicinae","floor":20}],"player_experience":420987,"relics_obtained":[{"floor":6.0,"key":"Regal Pillow"},{"floor":9.0,"key":"Anchor"},{"floor":11.0,"key":"Old Coin"},{"floor":14.0,"key":"Runesmith:EmergencyProvisions"}],"event_choices":[{"damage_healed":0.0,"max_hp_gain":0.0,"max_hp_loss":0.0,"gold_gain":0.0,"cards_transformed":["Runesmith:Strike_RS"],"event_name":"Living Wall","player_choice":"Change","floor":2.0,"gold_loss":0.0,"damage_taken":0.0,"cards_obtained":["Runesmith:ChargedHammer"]},{"damage_healed":0.0,"max_hp_gain":0.0,"max_hp_loss":0.0,"gold_gain":75.0,"event_name":"FaceTrader","player_choice":"Touch","floor":4.0,"gold_loss":0.0,"damage_taken":7.0},{"damage_healed":0.0,"max_hp_gain":0.0,"max_hp_loss":0.0,"gold_gain":0.0,"event_name":"Big Fish","player_choice":"Box","floor":10.0,"gold_loss":0.0,"damage_taken":0.0,"relics_obtained":["Eternal Feather"],"cards_obtained":["Regret"]}],"is_beta":false,"boss_relics":[{"not_picked":["Coffee Dripper","Black Star"],"picked":"Sozu"}],"items_purged_floors":[3],"is_endless":false,"potions_floor_spawned":[6,14,18,19],"killed_by":"Sentry and Sphere","ascension_level":0}}