{"host":"0ricjaa7rfq9v76t","time":1611211583,"event":{"mods":["AchievementEnabler","Aspiration","BaseMod","Better Vampires","BetterRewards","Colored Powertips","Highlight Path","Hubris","Infinite Spire","Minty Spire (QoL Compilation)","Quick Restart","Rare Cards Sparkle","Relic Sorter","Replay The Spire","StSLib","SuperFastMode","Synergy Search","The Cursed","The Disciple","The Jungle","The Marked","The Runesmith","Uncapped"],"gold_per_floor":[109,151,101,101,115,144,144,144,144,173,184,197,215,232,232,335,335,351,351,351,368,33,33,62,62,62,62,62,62,62,75,75,174,174,188,88,0,10,30,30,30,30,30,41,41,61,110,123,123,123,123],"floor_reached":50,"language":"ENG","playtime":3558,"items_purged":["ReplayTheSpireMod:Doomed","Strike_B","Defend_B"],"score":495,"play_id":"01330beb-8783-44c5-a50a-b1c8038237e2","local_time":"20210121144623","is_ascension_mode":false,"campfire_choices":[{"data":"Streamline","floor":7,"key":"SMITH"},{"floor":15,"key":"REST"},{"data":"Midas Touch","floor":23,"key":"SMITH"},{"data":"Turbo","floor":27,"key":"SMITH"},{"data":"Turbo","floor":29,"key":"SMITH"},{"floor":32,"key":"REST"},{"floor":40,"key":"REST"},{"floor":49,"key":"REST"}],"circlet_count":0,"master_deck":["Strike_B","Strike_B","Defend_B","Defend_B","Zap","Dualcast","Conserve Battery","Streamline+1","Gash+1","Rebound+1","Scrape+1","Turbo+1","Turbo+1","Gash+1","ReplayGash+1","Heatsinks+1","Reinforced Body","Midas Touch+1","Time Bomb","All For One+1","infinitespire:Oblivion+1","hubris:Rewind","Tempest+1","Gash+1","ReplayTheSpireMod:Fabricate Wheel"],"relics":["Cracked Core","Juzu Bracelet","Molten Egg 2","infinitespire:Eraser","Strawberry","Replay:Wax Seal","Pet Ghost","Ice Cream","hubris:Towel","Chameleon Ring","MutagenicStrength","hubris:Backtick","Mummified Hand","Red Mask","Runic Pyramid","hubris:OldNail","aspiration:FrozenJewel","Calipers","Prayer Wheel","Prayer Wheel"],"acts_visited":["Exordium","TheCity","TheBeyond"],"potions_floor_usage":[6,16,16,16,24,33,35,48,48,50],"damage_taken":[{"damage":2,"enemies":"Small Slimes","floor":1,"turns":3},{"damage":15,"enemies":"Jaw Worm","floor":5,"turns":4},{"damage":6,"enemies":"Gremlin Nob","floor":6,"turns":3},{"damage":19,"enemies":"3 Sentries","floor":10,"turns":6},{"damage":0,"enemies":"Cultist","floor":11,"turns":2},{"damage":13,"enemies":"2 Fungi Beasts","floor":12,"turns":3},{"damage":7,"enemies":"Blue Slaver","floor":13,"turns":2},{"damage":5,"enemies":"Looter","floor":14,"turns":2},{"damage":30,"enemies":"Fading Forest","floor":16,"turns":11},{"damage":5,"enemies":"Spheric Guardian","floor":18,"turns":3},{"damage":10,"enemies":"Chosen","floor":21,"turns":3},{"damage":20,"enemies":"Gremlin Leader","floor":24,"turns":4},{"damage":21,"enemies":"Snake Plant","floor":31,"turns":3},{"damage":50,"enemies":"Automaton","floor":33,"turns":7},{"damage":27,"enemies":"3 Darklings","floor":35,"turns":4},{"damage":31,"enemies":"3 Shapes","floor":38,"turns":4},{"damage":7,"enemies":"Spire Growth","floor":39,"turns":5},{"damage":8,"enemies":"Sphere and 2 Shapes","floor":44,"turns":4},{"damage":0,"enemies":"3 Darklings","floor":46,"turns":2},{"damage":7,"enemies":"2 Orb Walkers","floor":47,"turns":2},{"damage":8,"enemies":"Jaw Worm Horde","floor":48,"turns":3},{"damage":32,"enemies":"infinitespire:MassOfShapes","floor":50,"turns":4}],"seed_played":"843863926112264460","potions_obtained":[{"floor":2,"key":"AttackPotion"},{"floor":6,"key":"Adrenaline Potion"},{"floor":10,"key":"Adrenaline Potion"},{"floor":12,"key":"SneckoOil"},{"floor":16,"key":"Toxic Potion"},{"floor":21,"key":"SkillPotion"},{"floor":31,"key":"ColorlessPotion"},{"floor":39,"key":"Weak Potion"},{"floor":47,"key":"Toxic Potion"},{"floor":48,"key":"Doom Potion"}],"is_trial":false,"path_per_floor":["M","?","?","?","M","E","R","?","T","E","M","M","M","M","R","B",null,"M","?","?","M","$","R","E","?","T","R","?","R","?","M","R","B",null,"M","$","?","M","M","R","?","AVR","T","M","?","M","?","M","R","B"],"character_chosen":"DEFECT","items_purchased":["Reinforced Body","Midas Touch"],"campfire_rested":4,"item_purchase_floors":[22,22],"current_hp_per_floor":[80,80,80,80,65,59,59,59,66,47,47,34,27,22,48,28,89,84,84,84,74,74,74,54,54,54,54,54,54,54,33,59,9,89,62,62,62,31,24,50,50,50,50,42,19,19,12,4,30,0,0],"gold":123,"neow_bonus":"TEN_PERCENT_HP_BONUS","is_daily":false,"chose_seed":false,"campfire_upgraded":4,"win_rate":0.0,"timestamp":1611211583,"path_taken":["M","?","?","?","M","E","R","?","T","E","M","M","M","M","R","BOSS","M","?","?","M","$","R","E","?","T","R","?","R","?","M","R","BOSS","M","?","?","M","M","R","?","AVR","T","M","?","M","?","M","R","BOSS"],"items_purchased_type":["Card","Card"],"build_version":"2020-12-22","purchased_purges":3,"victory":false,"max_hp_per_floor":[82,82,82,82,82,82,82,82,89,89,89,89,89,89,89,89,89,89,89,89,89,89,89,89,89,89,89,89,89,89,89,89,89,89,89,89,89,89,89,89,89,89,89,89,89,89,89,89,89,89,89],"card_choices":[{"not_picked":["Recycle","ReplayTheSpireMod:Repulse","Lockon"],"picked":"SKIP","floor":1},{"not_picked":["Rip and Tear","Stack"],"picked":"Conserve Battery","floor":2},{"not_picked":["Barrage","Beam Cell"],"picked":"Streamline","floor":2},{"not_picked":["Sweeping Beam+1","Coolheaded"],"picked":"Gash+1","floor":5},{"not_picked":["Conserve Battery","Loop"],"picked":"Rebound+1","floor":6},{"not_picked":["Gash+1","Coolheaded"],"picked":"Scrape+1","floor":10},{"not_picked":["Redo","Panic Button"],"picked":"Turbo","floor":11},{"not_picked":["Barrage+1","Thunder Strike+1"],"picked":"Turbo","floor":12},{"not_picked":["Hyperbeam+1","Lockon+1"],"picked":"Gash+1","floor":13},{"not_picked":["ReplayTheSpireMod:Reroute Power","Turbo","Panic Button"],"picked":"SKIP","floor":14},{"not_picked":["Leap","Barrage+1"],"picked":"ReplayGash+1","floor":18},{"not_picked":["BasicCrystalCard","White Noise"],"picked":"Heatsinks+1","floor":21},{"not_picked":["Cold Snap+1","Rip and Tear+1","Defragment"],"picked":"SKIP","floor":24},{"not_picked":["Compile Driver+1","Hologram+1"],"picked":"Time Bomb","floor":31},{"not_picked":["ReplayRNGCard","Mirror Shield"],"picked":"All For One+1","floor":33},{"not_picked":["Cold Snap+1","FTL+1","Time Bomb+1"],"picked":"SKIP","floor":35},{"not_picked":["ReplayTheSpireMod:Reroute Power+1","Sweeping Beam+1","Crystallizer"],"picked":"SKIP","floor":38},{"not_picked":["Steam","Defragment","Scrape+1"],"picked":"SKIP","floor":39},{"not_picked":["Cold Snap+1","Coolheaded","Conserve Battery"],"picked":"SKIP","floor":44},{"not_picked":["infinitespire:UltimateForm","infinitespire:Menacing"],"picked":"hubris:Rewind","floor":45},{"not_picked":["Core Surge+1","Hologram+1","BasicCrystalCard+1"],"picked":"SKIP","floor":46},{"not_picked":["Loop","Streamline+1"],"picked":"Tempest+1","floor":47},{"not_picked":["Stack","Steam+1"],"picked":"Gash+1","floor":48}],"player_experience":176343,"relics_obtained":[{"floor":2,"key":"Juzu Bracelet"},{"floor":6,"key":"infinitespire:Eraser"},{"floor":9,"key":"Strawberry"},{"floor":10,"key":"Replay:Wax Seal"},{"floor":24,"key":"Ice Cream"},{"floor":26,"key":"Chameleon Ring"},{"floor":43,"key":"aspiration:FrozenJewel"},{"floor":47,"key":"Calipers"}],"event_choices":[{"cards_removed":["Strike_B"],"damage_healed":0,"gold_gain":0,"player_choice":"Card Removal","damage_taken":0,"max_hp_gain":0,"max_hp_loss":0,"event_name":"The Cleric","floor":3,"gold_loss":50},{"cards_removed":["Defend_B"],"damage_healed":0,"gold_gain":0,"player_choice":"Forget","damage_taken":0,"max_hp_gain":0,"max_hp_loss":0,"event_name":"Living Wall","floor":8,"gold_loss":0},{"damage_healed":0,"gold_gain":0,"player_choice":"Ignored","damage_taken":0,"max_hp_gain":0,"max_hp_loss":0,"event_name":"Vampires","floor":19,"gold_loss":0},{"damage_healed":0,"gold_gain":0,"player_choice":"Inject Mutagens","damage_taken":0,"relics_obtained":["MutagenicStrength"],"max_hp_gain":0,"max_hp_loss":0,"event_name":"Drug Dealer","floor":28,"gold_loss":0},{"damage_healed":0,"gold_gain":0,"player_choice":"Ignored","damage_taken":0,"max_hp_gain":0,"max_hp_loss":0,"event_name":"NoteForYourself","floor":30,"gold_loss":0},{"damage_healed":0,"gold_gain":0,"player_choice":"Paid","damage_taken":0,"relics_obtained":["Red Mask"],"max_hp_gain":0,"max_hp_loss":0,"event_name":"Tomb of Lord Red Mask","floor":37,"gold_loss":88},{"cards_removed":["Injury"],"damage_healed":0,"gold_gain":0,"player_choice":"Removed Curses","damage_taken":0,"max_hp_gain":0,"max_hp_loss":0,"event_name":"Fountain of Cleansing","floor":41,"gold_loss":0},{"damage_healed":0,"gold_gain":0,"player_choice":"Fight","damage_taken":0,"max_hp_gain":0,"max_hp_loss":0,"event_name":"Mysterious Sphere","floor":47,"gold_loss":0}],"is_beta":false,"boss_relics":[{"not_picked":[]},{"not_picked":["hubris:TerracottaHorce","Replay:Ancient Bell"],"picked":"hubris:Backtick"}],"items_purged_floors":[22,36,42],"is_endless":false,"potions_floor_spawned":[6,10,12,14,16,21,31,39,47,48],"killed_by":"infinitespire:MassOfShapes","ascension_level":0}}