{"host":"yuhy0i501zzmn1iz","time":1611258717,"event":{"mods":["AchievementEnabler","AlwaysNeverKeys","BaseMod","Bestiary","Better Match","Better Third Choice","Curses Come First","Downfall","Minty Spire (QoL Compilation)","StSLib","slay the spire mod where everything is the same but ironclad has a cowboy hat"],"gold_per_floor":[11,11,27,27,39,55,67,84,107,32,32,45,59,88,88,193,193,211,227,227,238,238,238],"floor_reached":22,"language":"ENG","playtime":1135,"items_purged":["Strike_B"],"score":221,"play_id":"7714d490-10b4-4288-aa14-1f4ad7c7197f","local_time":"20210121145157","is_ascension_mode":true,"campfire_choices":[{"floor":11.0,"key":"REST"},{"data":"Genetic Algorithm","floor":15.0,"key":"SMITH"}],"circlet_count":0,"master_deck":["Strike_B","Strike_B","Strike_B+1","Defend_B","Defend_B","Defend_B","Defend_B","Zap+1","Dualcast","Echo Form+1","Genetic Algorithm","Tempest","Gash","Genetic Algorithm+1","Ball Lightning","Beam Cell","Leap","Static Discharge","Rebound","Hyperbeam","Gash","Streamline+1","Streamline"],"relics":["Cracked Core","Bag of Preparation","Ancient Tea Set","Nuclear Battery"],"acts_visited":["Exordium","TheCity"],"potions_floor_usage":[22,22],"damage_taken":[{"damage":7.0,"enemies":"Small Slimes","floor":1.0,"turns":3.0},{"damage":3.0,"enemies":"Jaw Worm","floor":3.0,"turns":3.0},{"damage":0.0,"enemies":"Cultist","floor":5.0,"turns":3.0},{"damage":12.0,"enemies":"Looter","floor":6.0,"turns":3.0},{"damage":8.0,"enemies":"Blue Slaver","floor":7.0,"turns":3.0},{"damage":10.0,"enemies":"Large Slime","floor":8.0,"turns":5.0},{"damage":6.0,"enemies":"Lots of Slimes","floor":12.0,"turns":2.0},{"damage":0.0,"enemies":"Looter","floor":13.0,"turns":2.0},{"damage":2.0,"enemies":"Gremlin Nob","floor":14.0,"turns":3.0},{"damage":18.0,"enemies":"Slime Boss","floor":16.0,"turns":6.0},{"damage":3.0,"enemies":"Chosen","floor":18.0,"turns":5.0},{"damage":22.0,"enemies":"2 Thieves","floor":19.0,"turns":4.0},{"damage":34.0,"enemies":"Shelled Parasite and Fungi","floor":21.0,"turns":5.0},{"damage":19,"enemies":"Snake Plant","floor":22,"turns":1}],"seed_played":"7689447495359408863","potions_obtained":[{"floor":1.0,"key":"FocusPotion"},{"floor":3.0,"key":"Energy Potion"},{"floor":5.0,"key":"DistilledChaos"},{"floor":7.0,"key":"Energy Potion"},{"floor":18.0,"key":"Strength Potion"},{"floor":19.0,"key":"sneckomod:MuddlingPotion"},{"floor":21.0,"key":"SneckoOil"}],"is_trial":false,"path_per_floor":["M","?","M","?","M","M","M","M","T","$","R","M","M","E","R","B",null,"M","M","?","M","M"],"character_chosen":"DEFECT","items_purchased":[],"campfire_rested":1,"item_purchase_floors":[],"current_hp_per_floor":[68,53,50,50,50,38,30,20,20,20,42,36,36,34,34,16,75,72,50,50,16,0,0],"gold":238,"neow_bonus":"THREE_RARE_CARDS","is_daily":false,"chose_seed":false,"campfire_upgraded":1,"win_rate":0.0,"timestamp":1611258717,"path_taken":["M","?","M","?","M","M","M","M","T","?","R","M","M","E","R","BOSS","M","M","?","M","M"],"items_purchased_type":[],"build_version":"2020-12-22","purchased_purges":1,"victory":false,"max_hp_per_floor":[75,75,75,75,75,75,75,75,75,75,75,75,75,75,75,75,75,75,75,75,75,75,75],"card_choices":[{"not_picked":["Meteor Strike","Biased Cognition"],"picked":"Echo Form","floor":0.0},{"not_picked":["Reinforced Body","Rebound"],"picked":"Genetic Algorithm","floor":1.0},{"not_picked":["Turbo","Streamline"],"picked":"Tempest","floor":3.0},{"not_picked":["Coolheaded","Conserve Battery"],"picked":"Gash","floor":5.0},{"not_picked":["Hyperbeam","Hologram"],"picked":"Genetic Algorithm","floor":6.0},{"not_picked":["Conserve Battery","Coolheaded"],"picked":"Ball Lightning","floor":7.0},{"not_picked":["Go for the Eyes","Steam"],"picked":"Beam Cell","floor":8.0},{"not_picked":["Darkness","Double Energy"],"picked":"Leap","floor":12.0},{"not_picked":["Compile Driver","Stack"],"picked":"Static Discharge","floor":13.0},{"not_picked":["Reinforced Body","Coolheaded"],"picked":"Rebound","floor":14.0},{"not_picked":["Seek","Reboot"],"picked":"Hyperbeam","floor":16.0},{"not_picked":["Ball Lightning","Sweeping Beam"],"picked":"Gash","floor":18.0},{"not_picked":["White Noise","Undo"],"picked":"Streamline+1","floor":19.0},{"not_picked":["Chaos","Double Energy"],"picked":"Streamline","floor":21.0}],"player_experience":328704,"relics_obtained":[{"floor":9.0,"key":"Bag of Preparation"},{"floor":14.0,"key":"Ancient Tea Set"}],"event_choices":[{"damage_healed":68.0,"max_hp_gain":0.0,"max_hp_loss":75.0,"gold_gain":0.0,"event_name":"betterThird:BetterShining","player_choice":"Upgrade","floor":2.0,"gold_loss":0.0,"damage_taken":15.0,"cards_upgraded":["Strike_B","Zap"]},{"damage_healed":0.0,"max_hp_gain":0.0,"max_hp_loss":0.0,"gold_gain":0.0,"event_name":"Living Wall","player_choice":"Grow","floor":4.0,"gold_loss":0.0,"damage_taken":0.0,"cards_upgraded":["Echo Form"]}],"is_beta":false,"boss_relics":[{"not_picked":["SlaversCollar","Sozu"],"picked":"Nuclear Battery"}],"items_purged_floors":[10],"is_endless":false,"potions_floor_spawned":[1,3,5,7,18,19,21],"killed_by":"Snake Plant","ascension_level":3}}