{"host":"9t2ympe4rhhsn2bt","time":1611252941,"event":{"mods":["BaseMod","Bestiary","Colored Powertips","Highlight Path","Minty Spire (QoL Compilation)","Quick Restart","StSLib","The Animator","The Servant 0.9.4"],"gold_per_floor":[118,118,293,308,308,328,249,274,297,51,66,66,66],"floor_reached":12,"language":"FRA","playtime":678,"items_purged":[],"score":70,"play_id":"eccfa8d5-c0fa-46ee-b2fb-da3bdcf8fe29","local_time":"20210121191541","is_ascension_mode":false,"campfire_choices":[],"circlet_count":0,"master_deck":["animator:Strike_Konosuba","animator:Defend_Konosuba","animator:Strike","animator:Strike","animator:Strike","animator:Defend","animator:Defend","animator:Defend","animator:Kazuma","animator:Aqua","animator:EmiyaShirou","Injury","Doubt","animator:Witch","animator:Sebas","animator:Darkness","animator:Megumin+1","animator:Cocytus"],"relics":["animator:LivingPicture","animator:TheMissingPiece","animator:PurgingStone","NeowsBlessing","Golden Idol","Letter Opener","Bottled Lightning"],"acts_visited":["Exordium"],"potions_floor_usage":[11,12],"damage_taken":[{"damage":0,"enemies":"2 Louse","floor":1,"turns":1},{"damage":0,"enemies":"Jaw Worm","floor":4,"turns":1},{"damage":0,"enemies":"Small Slimes","floor":6,"turns":1},{"damage":3,"enemies":"2 Fungi Beasts","floor":8,"turns":6},{"damage":0,"enemies":"3 Louse","floor":11,"turns":1},{"damage":82,"enemies":"Gremlin Nob","floor":12,"turns":6}],"seed_played":"3254681699650607910","potions_obtained":[{"floor":8,"key":"SneckoOil"}],"is_trial":false,"path_per_floor":["M","?","?","M","?","M","$","M","T","$","M","E"],"character_chosen":"THE_ANIMATOR","items_purchased":["animator:Darkness","Bottled Lightning"],"campfire_rested":0,"item_purchase_floors":[7,10],"current_hp_per_floor":[66,66,66,66,54,54,54,53,53,53,55,0,0],"gold":66,"neow_bonus":"THREE_ENEMY_KILL","is_daily":false,"chose_seed":false,"campfire_upgraded":0,"win_rate":0.0,"timestamp":1611252941,"path_taken":["M","?","?","M","?","M","$","M","T","$","M","E"],"items_purchased_type":["Card","Relic"],"build_version":"2020-12-22","purchased_purges":0,"victory":false,"max_hp_per_floor":[66,66,66,66,66,66,66,66,66,66,66,66,66],"card_choices":[{"not_picked":["animator:Ara","animator:DolaRiku"],"picked":"animator:EmiyaShirou","floor":1},{"not_picked":["animator:Tatsumaki","animator:Pride"],"picked":"animator:Witch","floor":4},{"not_picked":["animator:Archer","animator:Mitsuba"],"picked":"animator:Sebas","floor":6},{"not_picked":["animator:Kazuma","animator:Verdia"],"picked":"animator:Megumin","floor":8},{"not_picked":["animator:MaesHughes","animator:Viivi"],"picked":"animator:Cocytus","floor":11}],"player_experience":284303,"relics_obtained":[],"event_choices":[{"damage_healed":0,"gold_gain":0,"player_choice":"Take Wound","damage_taken":0,"relics_obtained":["Golden Idol"],"max_hp_gain":0,"max_hp_loss":0,"event_name":"Golden Idol","floor":2,"gold_loss":0,"cards_obtained":["Injury"]},{"damage_healed":0,"gold_gain":175,"player_choice":"AGREE","damage_taken":0,"max_hp_gain":0,"max_hp_loss":0,"event_name":"Liars Game","floor":3,"gold_loss":0,"cards_obtained":["Doubt"]},{"damage_healed":0,"gold_gain":0,"player_choice":"Success","damage_taken":12,"relics_obtained":["Letter Opener"],"max_hp_gain":0,"max_hp_loss":0,"event_name":"Scrap Ooze","floor":5,"gold_loss":0}],"is_beta":false,"boss_relics":[],"items_purged_floors":[],"is_endless":false,"potions_floor_spawned":[8],"killed_by":"Gremlin Nob","ascension_level":0}}