{"host":"k3cqai9776irl0xe","time":1611256991,"event":{"mods":["BaseMod","Duelist Mod","GifTheSpireLib","Minty Spire (QoL Compilation)","StSLib","The Alterego","The Bug Knight"],"gold_per_floor":[118,138,149,162,181,215,232,262,262,273,273,273,273,287,287,382,382,393,413,77,95,95,128,128,146,146,163,175,175,175,189,189,287,287,298,298,298,315,328,328,347,347,347,347,178,194,212,227,227,227],"floor_reached":51,"language":"ENG","playtime":2782,"items_purged":["theDuelist:CurseAnubis","Defend_R"],"score":883,"play_id":"1798eef0-5627-48ea-aab4-fb5b943df0d7","local_time":"20210121142311","is_ascension_mode":true,"campfire_choices":[{"floor":13,"key":"REST"},{"data":"Clothesline","floor":15,"key":"SMITH"},{"data":"Infernal Blade","floor":30,"key":"SMITH"},{"data":"Pommel Strike","floor":32,"key":"SMITH"},{"data":"Corruption","floor":40,"key":"SMITH"},{"data":"Juggernaut","floor":42,"key":"SMITH"},{"data":"Pummel","floor":44,"key":"SMITH"},{"floor":49,"key":"REST"}],"circlet_count":0,"master_deck":["Strike_R","Strike_R","Strike_R","Strike_R","Strike_R","Defend_R","Defend_R","Defend_R","Bash","Clash","Twin Strike","Cleave","Infernal Blade+1","Carnage","Clash","Dropkick","Iron Wave","Clothesline+1","Blood for Blood","Pommel Strike+1","Clash","Bludgeon","Iron Wave","Feed","Rage","Clash+1","Pummel+1","Rage+1","Blood for Blood","Corruption+1","Clash","Juggernaut+1","Warcry+1","Clash+1","Twin Strike+1","Metallicize","Parasite","Pommel Strike+1"],"relics":["Burning Blood","Darkstone Periapt","Mummified Hand","Shuriken","Runic Cube","Tiny Chest","Enchiridion","Strawberry","Ornamental Fan","Bottled Lightning","Sozu","Bottled Tornado","Kunai"],"acts_visited":["Exordium","TheCity","TheBeyond"],"potions_floor_usage":[33,46],"damage_taken":[{"damage":22,"enemies":"Cultist","floor":1,"turns":6},{"damage":0,"enemies":"2 Louse","floor":2,"turns":3},{"damage":7,"enemies":"Jaw Worm","floor":3,"turns":3},{"damage":19,"enemies":"Large Slime","floor":4,"turns":5},{"damage":24,"enemies":"Exordium Thugs","floor":5,"turns":4},{"damage":21,"enemies":"Lagavulin","floor":6,"turns":6},{"damage":6,"enemies":"Blue Slaver","floor":7,"turns":3},{"damage":20,"enemies":"Gremlin Nob","floor":8,"turns":4},{"damage":12,"enemies":"Looter","floor":10,"turns":3},{"damage":16,"enemies":"Exordium Wildlife","floor":14,"turns":4},{"damage":0,"enemies":"Slime Boss","floor":16,"turns":3},{"damage":18,"enemies":"3 Byrds","floor":18,"turns":5},{"damage":4,"enemies":"Chosen","floor":19,"turns":4},{"damage":13,"enemies":"Snecko","floor":21,"turns":4},{"damage":16,"enemies":"theDuelist:KaibaA2","floor":23,"turns":2},{"damage":0,"enemies":"Chosen and Byrds","floor":25,"turns":4},{"damage":8,"enemies":"Cultist and Chosen","floor":27,"turns":4},{"damage":16,"enemies":"Snake Plant","floor":28,"turns":3},{"damage":17,"enemies":"Centurion and Healer","floor":31,"turns":3},{"damage":32,"enemies":"Collector","floor":33,"turns":5},{"damage":29,"enemies":"3 Darklings","floor":35,"turns":8},{"damage":5,"enemies":"3 Shapes","floor":38,"turns":4},{"damage":17,"enemies":"Transient","floor":39,"turns":5},{"damage":15,"enemies":"Sphere and 2 Shapes","floor":41,"turns":3},{"damage":42,"enemies":"4 Shapes","floor":46,"turns":3},{"damage":34,"enemies":"Writhing Mass","floor":47,"turns":4},{"damage":11,"enemies":"Transient","floor":48,"turns":5},{"damage":79,"enemies":"Awakened One","floor":50,"turns":7}],"seed_played":"-871934930995208214","potions_obtained":[{"floor":1,"key":"PowerPotion"},{"floor":5,"key":"Dexterity Potion"},{"floor":8,"key":"Strength Potion"},{"floor":28,"key":"Swift Potion"}],"is_trial":false,"path_per_floor":["M","M","M","M","M","E","M","E","T","M","?","?","R","M","R","B",null,"M","M","$","M","?","E","T","M","T","M","M","?","R","M","R","B",null,"M","T","?","M","M","R","M","R","T","R","$","M","M","M","R","B",null],"character_chosen":"IRONCLAD","items_purchased":["Tiny Chest","FairyPotion","Metallicize"],"campfire_rested":2,"item_purchase_floors":[20,20,45],"current_hp_per_floor":[80,86,85,72,54,39,39,25,25,19,19,19,47,37,37,43,96,87,92,92,85,69,66,66,72,72,70,60,60,60,52,52,26,112,89,89,89,90,79,79,70,70,70,70,70,37,15,10,46,12],"gold":227,"neow_bonus":"TWENTY_PERCENT_HP_BONUS","is_daily":false,"chose_seed":false,"campfire_upgraded":6,"win_rate":0.0,"timestamp":1611256991,"path_taken":["M","M","M","M","M","E","M","E","T","?","?","?","R","M","R","BOSS","M","M","$","M","?","E","?","M","T","M","M","?","R","M","R","BOSS","M","?","?","M","?","R","M","R","T","R","$","M","M","M","R","BOSS"],"items_purchased_type":["Relic","Potion","Card"],"build_version":"2020-12-22","purchased_purges":2,"victory":true,"max_hp_per_floor":[96,96,96,96,96,96,96,96,96,96,96,96,96,96,96,96,96,99,102,102,102,102,109,109,109,109,109,109,109,109,112,112,112,112,112,112,112,112,112,112,112,112,112,112,112,115,121,121,121,121],"card_choices":[{"not_picked":["Pommel Strike","Anger"],"picked":"Clash","floor":1},{"not_picked":["Body Slam","Feel No Pain"],"picked":"Twin Strike","floor":2},{"not_picked":["Anger","Flex"],"picked":"Cleave","floor":3},{"not_picked":["Thunderclap","Iron Wave"],"picked":"Infernal Blade","floor":4},{"not_picked":["Shrug It Off","Body Slam","Inflame"],"picked":"SKIP","floor":5},{"not_picked":["Inflame","Flex"],"picked":"Carnage","floor":6},{"not_picked":["Rupture","Double Tap"],"picked":"Clash","floor":7},{"not_picked":["Infernal Blade","Warcry"],"picked":"Dropkick","floor":8},{"not_picked":["Pommel Strike","Twin Strike"],"picked":"Iron Wave","floor":10},{"not_picked":["Twin Strike","Entrench"],"picked":"Iron Wave","floor":14},{"not_picked":["Fiend Fire","Limit Break"],"picked":"Feed","floor":16},{"not_picked":["Pommel Strike","Blood for Blood"],"picked":"Rage","floor":18},{"not_picked":["Headbutt+1","Shrug It Off"],"picked":"Clash+1","floor":19},{"not_picked":["Flame Barrier","Dark Embrace","Burning Pact"],"picked":"SKIP","floor":21},{"not_picked":["Iron Wave","Perfected Strike"],"picked":"Pummel","floor":23},{"not_picked":["Body Slam+1","Anger+1","Carnage"],"picked":"SKIP","floor":25},{"not_picked":["Headbutt","True Grit"],"picked":"Rage+1","floor":27},{"not_picked":["Clash","Battle Trance"],"picked":"Blood for Blood","floor":28},{"not_picked":["Headbutt+1","Iron Wave","Thunderclap+1"],"picked":"SKIP","floor":31},{"not_picked":["Fiend Fire","Feed"],"picked":"Corruption","floor":33},{"not_picked":["Clash","Headbutt+1","Anger"],"picked":"SKIP","floor":35},{"not_picked":["Sever Soul+1","True Grit"],"picked":"Warcry+1","floor":38},{"not_picked":["Shrug It Off+1","Whirlwind"],"picked":"Clash+1","floor":39},{"not_picked":["Warcry","Cleave"],"picked":"Twin Strike+1","floor":41},{"not_picked":["Uppercut","Ghostly Armor+1","Pummel"],"picked":"SKIP","floor":46},{"not_picked":["Clothesline","Bludgeon"],"picked":"Pommel Strike+1","floor":47},{"not_picked":["Entrench+1","Thunderclap+1","Power Through"],"picked":"SKIP","floor":48}],"player_experience":48708,"relics_obtained":[{"floor":6,"key":"Darkstone Periapt"},{"floor":8,"key":"Mummified Hand"},{"floor":9,"key":"Shuriken"},{"floor":22,"key":"Enchiridion"},{"floor":23,"key":"Strawberry"},{"floor":24,"key":"Ornamental Fan"},{"floor":26,"key":"Bottled Lightning"},{"floor":36,"key":"Bottled Tornado"},{"floor":43,"key":"Kunai"}],"event_choices":[{"damage_healed":0,"gold_gain":0,"player_choice":"Fled","damage_taken":0,"max_hp_gain":0,"max_hp_loss":0,"event_name":"Scrap Ooze","floor":12,"gold_loss":0},{"damage_healed":0,"gold_gain":0,"player_choice":"Obtained Book","damage_taken":16,"max_hp_gain":0,"max_hp_loss":0,"event_name":"Cursed Tome","floor":22,"gold_loss":0},{"damage_healed":0,"gold_gain":0,"player_choice":"Ignored","damage_taken":0,"max_hp_gain":0,"max_hp_loss":0,"event_name":"Ghosts","floor":29,"gold_loss":0},{"damage_healed":0,"gold_gain":0,"player_choice":"2 cards matched","damage_taken":0,"max_hp_gain":0,"max_hp_loss":0,"event_name":"Match and Keep!","floor":37,"gold_loss":0,"cards_obtained":["Clash","Juggernaut"]}],"is_beta":false,"boss_relics":[{"not_picked":["Cursed Key","Empty Cage"],"picked":"Runic Cube"},{"not_picked":["Mark of Pain","Philosopher\u0027s Stone"],"picked":"Sozu"}],"items_purged_floors":[20,45],"is_endless":false,"potions_floor_spawned":[1,5,8,10,21,23,28,31,38,39,48],"ascension_level":2}}