{"host":"4lrit7vxuvwq962h","time":1611228078,"event":{"mods":["AchievementEnabler","BaseMod","Colored Map","Colored Powertips","Highlight Path","Minty Spire (QoL Compilation)","Quick Restart","Rare Cards Sparkle","StSLib"],"gold_per_floor":[117,117,117,127,147,182,182,32,32,32,45,62,96,96,96,192,192,202,127,127,127,145,145,177,177,200,200,235,235,235],"floor_reached":29,"language":"ENG","playtime":1393,"items_purged":[],"score":269,"play_id":"993c7bb3-3dcf-482d-bba2-94d4a3a33d44","local_time":"20210121052118","is_ascension_mode":false,"campfire_choices":[{"data":"Searing Blow","floor":7.0,"key":"SMITH"},{"floor":15.0,"key":"REST"},{"floor":23.0,"key":"REST"},{"floor":25.0,"key":"REST"},{"floor":27.0,"key":"REST"}],"circlet_count":0,"master_deck":["Bash","Iron Wave","Rupture","Hemokinesis","Searing Blow+1","Inflame","Cleave","Demon Form","Spot Weakness","Entrench","Feel No Pain","Brutality","Intimidate","Warcry","Juggernaut","Second Wind","J.A.X.","Demon Form"],"relics":["Burning Blood","Ancient Tea Set","Letter Opener","PreservedInsect","Bronze Scales","Smiling Mask","Pandora\u0027s Box","Singing Bowl","Vajra","Bag of Preparation"],"acts_visited":["Exordium","TheCity"],"potions_floor_usage":[],"damage_taken":[{"damage":1.0,"enemies":"Jaw Worm","floor":1.0,"turns":5.0},{"damage":1.0,"enemies":"Cultist","floor":4.0,"turns":4.0},{"damage":0.0,"enemies":"2 Louse","floor":5.0,"turns":3.0},{"damage":32.0,"enemies":"Gremlin Nob","floor":6.0,"turns":5.0},{"damage":14.0,"enemies":"Exordium Thugs","floor":11.0,"turns":5.0},{"damage":6.0,"enemies":"2 Fungi Beasts","floor":12.0,"turns":3.0},{"damage":23.0,"enemies":"Lagavulin","floor":13.0,"turns":5.0},{"damage":32.0,"enemies":"Hexaghost","floor":16.0,"turns":6.0},{"damage":39.0,"enemies":"Spheric Guardian","floor":18.0,"turns":5.0},{"damage":15.0,"enemies":"Chosen","floor":22.0,"turns":4.0},{"damage":61.0,"enemies":"Book of Stabbing","floor":24.0,"turns":5.0},{"damage":50.0,"enemies":"Slavers","floor":28.0,"turns":4.0},{"damage":17,"enemies":"Shelled Parasite and Fungi","floor":29,"turns":2}],"seed_played":"-3380239765692615628","potions_obtained":[{"floor":0.0,"key":"Strength Potion"},{"floor":0.0,"key":"SkillPotion"},{"floor":0.0,"key":"EntropicBrew"},{"floor":11.0,"key":"BloodPotion"},{"floor":13.0,"key":"DistilledChaos"},{"floor":18.0,"key":"Ancient Potion"},{"floor":22.0,"key":"Dexterity Potion"}],"is_trial":false,"path_per_floor":["M","?","T","M","M","E","R","$","T","$","M","M","E","?","R","B",null,"M","?","?","?","M","R","E","R","T","R","E","M"],"character_chosen":"IRONCLAD","items_purchased":["PreservedInsect"],"campfire_rested":4,"item_purchase_floors":[8],"current_hp_per_floor":[80,80,80,80,80,54,54,54,54,54,62,62,45,45,69,43,80,47,47,47,47,38,62,9,33,33,57,13,0,0],"gold":235,"neow_bonus":"THREE_SMALL_POTIONS","is_daily":false,"chose_seed":false,"campfire_upgraded":1,"win_rate":0.0,"timestamp":1611228078,"path_taken":["M","?","?","M","?","E","R","$","T","?","M","M","E","?","R","BOSS","M","?","?","?","M","R","E","R","T","R","E","M"],"items_purchased_type":["Relic"],"build_version":"2020-12-22","purchased_purges":0,"victory":false,"max_hp_per_floor":[80,80,80,80,80,80,80,80,80,80,80,80,80,80,80,80,80,80,80,80,80,80,80,82,82,82,82,82,82,82],"card_choices":[{"not_picked":["Clash","Thunderclap"],"picked":"Iron Wave","floor":1.0},{"not_picked":["Bloodletting","Perfected Strike"],"picked":"Rupture","floor":4.0},{"not_picked":["Pommel Strike","Blood for Blood"],"picked":"Hemokinesis","floor":5.0},{"not_picked":["Warcry","Flex"],"picked":"Searing Blow","floor":6.0},{"not_picked":["Heavy Blade","Shockwave"],"picked":"Inflame","floor":11.0},{"not_picked":["Clash","Intimidate"],"picked":"Cleave","floor":12.0},{"not_picked":["Wild Strike","Armaments"],"picked":"Demon Form","floor":13.0},{"not_picked":["Perfected Strike","Clothesline","Shrug It Off"],"picked":"SKIP","floor":18.0},{"not_picked":["Body Slam","Sentinel","Bloodletting"],"picked":"SKIP","floor":22.0},{"not_picked":["Cleave","Burning Pact+1","Clothesline"],"picked":"Singing Bowl","floor":24.0},{"not_picked":["Second Wind+1","Flex+1"],"picked":"Demon Form","floor":28.0}],"player_experience":164030,"relics_obtained":[{"floor":3.0,"key":"Ancient Tea Set"},{"floor":6.0,"key":"Letter Opener"},{"floor":9.0,"key":"Bronze Scales"},{"floor":13.0,"key":"Smiling Mask"},{"floor":24.0,"key":"Singing Bowl"},{"floor":26.0,"key":"Vajra"},{"floor":28.0,"key":"Bag of Preparation"}],"event_choices":[{"damage_healed":0.0,"max_hp_gain":0.0,"max_hp_loss":0.0,"gold_gain":0.0,"event_name":"Shining Light","player_choice":"Ignored","floor":2.0,"gold_loss":0.0,"damage_taken":0.0},{"damage_healed":0.0,"max_hp_gain":0.0,"max_hp_loss":0.0,"gold_gain":0.0,"event_name":"The Woman in Blue","player_choice":"Bought 0 Potions","floor":14.0,"gold_loss":0.0,"damage_taken":0.0},{"cards_removed":["Perfected Strike"],"damage_healed":0.0,"max_hp_gain":0.0,"max_hp_loss":0.0,"gold_gain":0.0,"event_name":"Beggar","player_choice":"Gave Gold","floor":19.0,"gold_loss":75.0,"damage_taken":0.0},{"damage_healed":0.0,"max_hp_gain":0.0,"max_hp_loss":0.0,"gold_gain":0.0,"event_name":"Drug Dealer","player_choice":"Obtain J.A.X.","floor":20.0,"gold_loss":0.0,"damage_taken":0.0,"cards_obtained":["J.A.X."]},{"damage_healed":0.0,"max_hp_gain":0.0,"max_hp_loss":0.0,"gold_gain":0.0,"event_name":"Ghosts","player_choice":"Ignored","floor":21.0,"gold_loss":0.0,"damage_taken":0.0}],"is_beta":false,"boss_relics":[{"not_picked":["Cursed Key","Runic Cube"],"picked":"Pandora\u0027s Box"}],"items_purged_floors":[],"is_endless":false,"potions_floor_spawned":[1,11,13,18,22],"killed_by":"Shelled Parasite and Fungi","ascension_level":0}}