{"host":"4amcrcg6ktw8dbzk","time":1611213535,"event":{"mods":["ATMod(°¢èªMod)","BaseMod","Dota2Spire","Minty Spire (QoL Compilation)","MostiFishMod","Spicy Shops","StSLib","Waifu the Spire"],"gold_per_floor":[111,61,61,80,96,122,122,155,208,239,265,288,328,340,352,437,449,480,507,14,14,26,26,58,88,88,88,88,122,176,248,248,355,355,374,99,99,778,827,888,888,948,997,1071,1071,1113,1335,1421,1421,1576,1656,1656,1656,687,1363,2018],"floor_reached":57,"language":"ZHS","playtime":4053,"items_purged":["Strike_B","AT_RobotInSpace","Strike_B","Strike_B"],"score":3716,"play_id":"b1aae24a-1b80-4410-89a1-46e30678d58c","local_time":"20210121151855","is_ascension_mode":true,"campfire_choices":[{"floor":7.0,"key":"REST"},{"floor":15,"key":"REST"},{"data":"Recycle","floor":23,"key":"SMITH"},{"data":"Biased Cognition","floor":28,"key":"SMITH"},{"data":"AT_RightCognition","floor":32,"key":"SMITH"},{"data":"Heatsinks","floor":41,"key":"SMITH"},{"floor":49,"key":"RECALL"},{"data":"Coolheaded","floor":53,"key":"SMITH"}],"circlet_count":0,"master_deck":["AscendersBane","Strike_B","Defend_B","Defend_B","Defend_B","Zap","Dualcast","Gash","White Noise","Coolheaded+1","MostiFishMod:ATRI","Recycle+1","Coolheaded+1","AT_RightCognition+1","Turbo","Cold Snap","Biased Cognition+1","Heatsinks+1","Ball Lightning","Coolheaded+1","AT_RightCognition","White Noise","MostiFishMod:GatherIntelligence","Creative AI","Coolheaded","MostiFishMod:DeathFromBelow","AT_DarkMatter+1","AT_WarpDrive+1","AT_StudyProgram","Aggregate","Deep Breath","Core Surge"],"relics":["Cracked Core","DaveBox","AT_ATBox","BionicSphere","SynthV:TestCard","Pantograph","Blood Vial","MawBank","AT_BellDemon","Cables","OneHitWonderSystem","Dota2Spire:Satanic","Dota2Spire:AghanimScepter","Medical Kit","Runic Capacitor","Symbiotic Virus","Red Mask","Oddly Smooth Stone","Boot","Dead Branch","Dota2Spire:Mjollnir","Dota2Spire:HandOfMidas","White Beast Statue","ChiXiaoBlade","Lizard Tail","Dota2Spire:MagicBottle","AT_SunfireAegis","Dota2Spire:EtherealBlade","Smiling Mask","Question Card","AT_ArchangelStaff","AT_MibuBalloonWealth","Anchor","Singing Bowl","Juzu Bracelet","TungstenRod","Pen Nib","Dota2Spire:ArcaneBoots","TheAbacus","OriginationStaff","Ornamental Fan"],"acts_visited":["Exordium","TheCity","TheBeyond","TheEnding"],"potions_floor_usage":[13,29,40,55],"damage_taken":[{"damage":0.0,"enemies":"2 Louse","floor":1.0,"turns":2.0},{"damage":0.0,"enemies":"Cultist","floor":4.0,"turns":3.0},{"damage":0.0,"enemies":"Jaw Worm","floor":5.0,"turns":4.0},{"damage":34.0,"enemies":"3 Sentries","floor":6.0,"turns":17.0},{"damage":42.0,"enemies":"Gremlin Nob","floor":8.0,"turns":6.0},{"damage":0.0,"enemies":"3 Sentries","floor":10.0,"turns":9.0},{"damage":0.0,"enemies":"3 Louse","floor":11.0,"turns":4.0},{"damage":0.0,"enemies":"Blue Slaver","floor":12.0,"turns":4.0},{"damage":11,"enemies":"Gremlin Nob","floor":13,"turns":5},{"damage":0,"enemies":"Hexaghost","floor":16,"turns":10},{"damage":0,"enemies":"Spheric Guardian","floor":18,"turns":6},{"damage":0,"enemies":"Chosen","floor":19,"turns":3},{"damage":0,"enemies":"Snecko","floor":22,"turns":5},{"damage":0,"enemies":"Masked Bandits","floor":24,"turns":4},{"damage":0,"enemies":"Slavers","floor":25,"turns":4},{"damage":0,"enemies":"Book of Stabbing","floor":29,"turns":4},{"damage":0,"enemies":"Sentry and Sphere","floor":31,"turns":9},{"damage":0,"enemies":"Collector","floor":33,"turns":7},{"damage":0,"enemies":"3 Shapes","floor":35,"turns":3},{"damage":0,"enemies":"3 Darklings","floor":38,"turns":8},{"damage":0,"enemies":"Writhing Mass","floor":39,"turns":7},{"damage":0,"enemies":"Reptomancer","floor":40,"turns":10},{"damage":0,"enemies":"Nemesis","floor":42,"turns":5},{"damage":0,"enemies":"Transient","floor":44,"turns":6},{"damage":0,"enemies":"Maw","floor":46,"turns":4},{"damage":0,"enemies":"Giant Head","floor":48,"turns":7},{"damage":0,"enemies":"Awakened One","floor":50,"turns":8},{"damage":0,"enemies":"Donu and Deca","floor":51,"turns":4},{"damage":0,"enemies":"Shield and Spear","floor":55,"turns":3},{"damage":0,"enemies":"The Heart","floor":56,"turns":8}],"seed_played":"8184589949466492651","potions_obtained":[{"floor":5.0,"key":"CultistPotion"},{"floor":8.0,"key":"EssenceOfSteel"},{"floor":12.0,"key":"FearPotion"},{"floor":13,"key":"SkillPotion"},{"floor":18,"key":"DuplicationPotion"},{"floor":31,"key":"Block Potion"},{"floor":40,"key":"ColorlessPotion"},{"floor":55,"key":"AttackPotion"}],"is_trial":false,"path_per_floor":["M","$","?","M","M","E","R","E","T","E","M","M","E","T","R","B",null,"M","M","$","?","M","R","?","E","T","?","R","E","T","M","R","B",null,"M","$","?","M","M","E","R","E","T","M","?","M","?","E","R","B","B",null,"R","$","E","B",null],"character_chosen":"DEFECT","items_purchased":["Coolheaded","Medical Kit","Runic Capacitor","MostiFishMod:DeathFromBelow","Dota2Spire:ArcaneBoots","TheAbacus","AT_StudyProgram","OriginationStaff","Aggregate","Deep Breath"],"campfire_rested":2,"item_purchase_floors":[2,20,20,36,54,54,54,54,54,54],"current_hp_per_floor":[64,64,64,64,64,30,51,9,9,11,13,15,6,6,27,54,1,1,1,1,1,1,1,1,1,1,1,1,1,1,1,1,1,1,1,1,1,1,1,1,1,1,1,1,1,1,1,3,1,1,1,1,1,1,1,1],"gold":2018,"neow_bonus":"THREE_CARDS","is_daily":false,"chose_seed":false,"campfire_upgraded":5,"win_rate":0.0,"timestamp":1611213535,"path_taken":["M","$","?","M","?","E","R","E","T","E","?","M","E","?","R","BOSS","M","M","$","?","?","R","?","E","T","?","R","E","?","M","R","BOSS","M","$","?","M","M","E","R","E","T","M","?","M","?","E","R","BOSS","BOSS","R","$","E","BOSS"],"items_purchased_type":["Card","Relic","Relic","Card","Relic","Relic","Card","Relic","Card","Card"],"build_version":"2020-12-22","purchased_purges":4,"victory":true,"max_hp_per_floor":[71,71,71,71,71,71,71,71,71,71,71,71,71,71,71,71,1,1,1,1,1,1,1,1,1,1,1,1,1,1,1,1,1,1,1,1,1,1,1,1,1,1,1,1,1,1,1,3,1,1,1,1,1,1,1,1],"card_choices":[{"not_picked":["Heatsinks","Redo"],"picked":"Gash","floor":0.0},{"not_picked":["Auto Shields","Compile Driver"],"picked":"White Noise","floor":1.0},{"not_picked":["Melter","MostiFishMod:PushDownKick","Conserve Battery","AT_StudyProgram"],"picked":"Recycle","floor":4.0},{"not_picked":["Leap","Capacitor","AT_StudyProgram","Doom and Gloom"],"picked":"Coolheaded","floor":5.0},{"not_picked":["Barrage","MostiFishMod:PushDownKick","Redo","Meteor Strike","Streamline"],"picked":"SKIP","floor":6.0},{"not_picked":["Hologram","Coolheaded","Go for the Eyes","Streamline"],"picked":"AT_RightCognition","floor":8.0},{"not_picked":["Leap","Sweeping Beam","Gash","AT_ThunderBolt"],"picked":"Turbo","floor":10.0},{"not_picked":["AT_HeatAcrobatics","Barrage","Melter","Streamline","Redo"],"picked":"SKIP","floor":11.0},{"not_picked":["Compile Driver","Streamline","Redo","MostiFishMod:DawningShadow"],"picked":"Cold Snap","floor":12.0},{"not_picked":["Consume","Rebound","AT_HeatAcrobatics","Stack","AT_StudyProgram"],"picked":"SKIP","floor":13},{"not_picked":["Creative AI","All For One","Fission","MostiFishMod:Distribution"],"picked":"Biased Cognition","floor":16},{"not_picked":["AT_HeatAcrobatics","Static Discharge","BootSequence","Self Repair","MostiFishMod:PushDownKick"],"picked":"SKIP","floor":18},{"not_picked":["Reprogram+1","AT_HeatAcrobatics","Go for the Eyes","Ball Lightning+1"],"picked":"Heatsinks","floor":19},{"not_picked":["Heatsinks+1","Cold Snap","Steam","Gash"],"picked":"Ball Lightning","floor":22},{"not_picked":["Barrage","Leap","MostiFishMod:PushDownKick","AT_HeatAcrobatics"],"picked":"Coolheaded+1","floor":24},{"not_picked":["AT_RobotInSpace+1","Hologram","Hello World","Storm","Conserve Battery"],"picked":"SKIP","floor":25},{"not_picked":["MostiFishMod:GatherIntelligence","Blizzard","Rebound","MostiFishMod:DawningShadow"],"picked":"White Noise","floor":29},{"not_picked":["Undo","Storm","AT_RobotInSpace","FTL+1"],"picked":"MostiFishMod:GatherIntelligence","floor":31},{"not_picked":["MostiFishMod:StarOceanB","MostiFishMod:DawningShadow","Buffer","Multi-Cast"],"picked":"Creative AI","floor":33},{"not_picked":["Redo","Steam+1","Go for the Eyes","Loop"],"picked":"Coolheaded","floor":35},{"not_picked":["Chill","Ball Lightning+1","Lockon","MostiFishMod:FluxCapactior","Chaos"],"picked":"SKIP","floor":38},{"not_picked":["Hello World","Conserve Battery","Beam Cell","AT_HeatAcrobatics","Stack"],"picked":"SKIP","floor":39},{"not_picked":["Hologram","MostiFishMod:ActiveDefenseSystem","Coolheaded","Steam+1","Redo"],"picked":"SKIP","floor":40},{"not_picked":["Hologram","Lockon","Compile Driver","Redo","AT_HeatAcrobatics"],"picked":"SKIP","floor":42},{"not_picked":["Darkness","Steam","Leap+1","Loop+1","Redo"],"picked":"AT_DarkMatter+1","floor":44},{"not_picked":["Rebound","Electrodynamics","MostiFishMod:PushDownKick+1","Ball Lightning","Cold Snap+1"],"picked":"AT_WarpDrive+1","floor":46},{"not_picked":["FTL","AT_RobotInSpace","Turbo","Barrage+1","Ball Lightning+1","Beam Cell"],"picked":"Singing Bowl","floor":48},{"not_picked":["Streamline","Sweeping Beam","AT_ThunderBolt","Heatsinks+1","MostiFishMod:LinkProtocol+1"],"picked":"Core Surge","floor":55}],"player_experience":359441,"relics_obtained":[{"floor":1.0,"key":"SynthV:TestCard"},{"floor":6.0,"key":"Pantograph"},{"floor":8.0,"key":"Blood Vial"},{"floor":10.0,"key":"MawBank"},{"floor":13,"key":"AT_BellDemon"},{"floor":14,"key":"Cables"},{"floor":18,"key":"Dota2Spire:Satanic"},{"floor":19,"key":"Dota2Spire:AghanimScepter"},{"floor":22,"key":"Symbiotic Virus"},{"floor":24,"key":"Red Mask"},{"floor":25,"key":"Oddly Smooth Stone"},{"floor":26,"key":"Boot"},{"floor":29,"key":"Dead Branch"},{"floor":29,"key":"Dota2Spire:Mjollnir"},{"floor":30,"key":"Dota2Spire:HandOfMidas"},{"floor":31,"key":"White Beast Statue"},{"floor":35,"key":"Lizard Tail"},{"floor":38,"key":"Dota2Spire:MagicBottle"},{"floor":39,"key":"AT_SunfireAegis"},{"floor":40,"key":"Dota2Spire:EtherealBlade"},{"floor":40,"key":"Smiling Mask"},{"floor":42,"key":"Question Card"},{"floor":42,"key":"AT_ArchangelStaff"},{"floor":43,"key":"AT_MibuBalloonWealth"},{"floor":44,"key":"Anchor"},{"floor":45,"key":"Singing Bowl"},{"floor":46,"key":"Juzu Bracelet"},{"floor":48,"key":"TungstenRod"},{"floor":48,"key":"Pen Nib"},{"floor":55,"key":"Ornamental Fan"}],"event_choices":[{"damage_healed":0.0,"max_hp_gain":0.0,"max_hp_loss":0.0,"gold_gain":0.0,"cards_transformed":["Defend_B"],"event_name":"Transmorgrifier","player_choice":"Transformed","floor":3.0,"gold_loss":0.0,"damage_taken":0.0,"cards_obtained":["MostiFishMod:ATRI"]},{"damage_healed":0,"gold_gain":0,"player_choice":"Upgraded","damage_taken":0,"max_hp_gain":0,"max_hp_loss":0,"event_name":"Upgrade Shrine","floor":21,"gold_loss":0,"cards_upgraded":["Coolheaded"]},{"damage_healed":0,"gold_gain":0,"player_choice":"Fought Bandits","damage_taken":0,"max_hp_gain":0,"max_hp_loss":0,"event_name":"Masked Bandits","floor":24,"gold_loss":0},{"damage_healed":0,"gold_gain":0,"player_choice":"Read","damage_taken":0,"max_hp_gain":0,"max_hp_loss":0,"event_name":"The Library","floor":27,"gold_loss":0,"cards_obtained":["AT_RightCognition"]},{"damage_healed":0,"gold_gain":0,"player_choice":"Memory 1","damage_taken":0,"max_hp_gain":0,"max_hp_loss":0,"event_name":"SensoryStone","floor":37,"gold_loss":0},{"damage_healed":0,"gold_gain":0,"player_choice":"Relic","damage_taken":0,"max_hp_gain":0,"max_hp_loss":0,"event_name":"Wheel of Change","floor":45,"gold_loss":0},{"damage_healed":0,"gold_gain":222,"player_choice":"Wore Mask","damage_taken":0,"max_hp_gain":0,"max_hp_loss":0,"event_name":"Tomb of Lord Red Mask","floor":47,"gold_loss":0}],"is_beta":false,"boss_relics":[{"not_picked":["Velvet Choker","NightmareShop"],"picked":"OneHitWonderSystem"},{"not_picked":["Dota2Spire:RefresherOrb","RhineSuit"],"picked":"ChiXiaoBlade"}],"items_purged_floors":[20,20,36,54],"is_endless":false,"potions_floor_spawned":[5,8,11,12,13,18,19,24,25,31,33,35,38,39,40,42,44,46,48,55],"ascension_level":20}}