{"host":"npubv26u89aif4fa","time":1611220329,"event":{"mods":["Astrologer","BaseMod","Better Vampires","Better-Laid Plans","Colored Powertips","GifTheSpireLib","GungeonMod","HornydragonMod","Hubris","Jedi Mod","Minty Spire (QoL Compilation)","Quick Restart","Remilia（蕾米莉亚）","Replay The Spire","StSLib","Td1madao Mod","The Administrix","The Alterego","The Bug Knight","The Cursed","The Runesmith","Yuri Mod","残留之物"],"gold_per_floor":[114,134,144,226,226,226,259,259,305,342,363,383,417,446,446,582,582,614,647,206,252,52,124,124,183,207,207,279,279,279,279,279,429,429,456,456,456,456,498,628,378,378,378,2,2,69,110,165,0,72,72,72,47,123,173],"floor_reached":56,"language":"ZHS","playtime":3129,"items_purged":["Strike_R","Bash","Strike_R","Strike_R","Bite","Bite","jedi:MakeshiftSword","Feel No Pain"],"score":1742,"play_id":"0db855c5-1663-4425-abf1-aea28f81a7b9","local_time":"20210121171209","is_ascension_mode":true,"campfire_choices":[{"floor":8.0,"key":"RECALL"},{"data":"Inflame","floor":15.0,"key":"SMITH"},{"data":"jedi:controlledanger","floor":27.0,"key":"SMITH"},{"data":"jedi:fear","floor":32.0,"key":"SMITH"},{"data":"Madness","floor":52,"key":"SMITH"}],"circlet_count":0,"master_deck":["Defend_R+1","Defend_R+1","Inflame+1","Seeing Red","Intimidate","jedi:controlledanger+1","jedi:unlimitedpower","Bloodletting","Ghostly Armor","Pummel+1","jedi:fear+1","Brutality","jedi:unlimitedpower","Warcry","Feel No Pain+1","Berserk+1","Replay:Undeath\u0027s Touch+1","Deep Breath","Exhume","Delirium","Pommel Strike+1","hubris:StunningStrike+1","Ghostly Armor","Madness+1","Warcry","Shrug It Off+1","Feed","Flex"],"relics":["Burning Blood","Charon\u0027s Ashes","ScarletDevilRocket","DemoMod:MeltedRock","Replay:Bandana","DemoMod:PoisonVial","King of Hearts","hubris:Backtick","hubris:Potato","jedi:cryingmask","DollysMirror","Replay:Ringing Soul","Replay:PocketPolymizer","Juzu Bracelet","jedi:crownofsimplicity","hubris:BottledHeart","Astrolabe","ReplayTheSpireMod:Ring of Challenge","ReplayTheSpireMod:Ring of Collecting","Pen Nib","AntiCross","Membership Card","Bag of Preparation","Simple Rune","DemoMod:GlassGuonStoneRelic","Whetstone","Red Mask","DemoMod:Metronome"],"acts_visited":["Exordium","TheCity","TheBeyond","TheEnding"],"potions_floor_usage":[40,55,55],"damage_taken":[{"damage":2.0,"enemies":"2 Louse","floor":1.0,"turns":3.0},{"damage":3.0,"enemies":"Small Slimes","floor":2.0,"turns":3.0},{"damage":1.0,"enemies":"Cultist","floor":3.0,"turns":3.0},{"damage":16.0,"enemies":"HollowMod:MossKnight","floor":7.0,"turns":7.0},{"damage":20.0,"enemies":"Replay:BlueRogue","floor":10.0,"turns":7.0},{"damage":16.0,"enemies":"Blue Slaver","floor":11.0,"turns":3.0},{"damage":0.0,"enemies":"3 Louse","floor":12.0,"turns":2.0},{"damage":5.0,"enemies":"Large Slime","floor":13.0,"turns":4.0},{"damage":2.0,"enemies":"Gremlin Gang","floor":14.0,"turns":2.0},{"damage":42.0,"enemies":"The Guardian","floor":16.0,"turns":7.0},{"damage":12.0,"enemies":"3 Byrds","floor":18.0,"turns":3.0},{"damage":0.0,"enemies":"Spheric Guardian","floor":19.0,"turns":2.0},{"damage":2.0,"enemies":"Centurion and Healer","floor":21.0,"turns":2.0},{"damage":18.0,"enemies":"Slavers","floor":23.0,"turns":2.0},{"damage":14.0,"enemies":"Replay:Snechameleon","floor":25.0,"turns":3.0},{"damage":0.0,"enemies":"Slavers","floor":28.0,"turns":1.0},{"damage":0.0,"enemies":"hubris:MusketHawk","floor":33.0,"turns":1.0},{"damage":0.0,"enemies":"Orb Walker","floor":35.0,"turns":2.0},{"damage":0,"enemies":"3 Darklings","floor":39,"turns":1},{"damage":0,"enemies":"Giant Head","floor":40,"turns":2},{"damage":0,"enemies":"HollowMod:StalkingDevout","floor":46,"turns":3},{"damage":0,"enemies":"Sphere and 2 Shapes","floor":47,"turns":1},{"damage":0,"enemies":"Nemesis","floor":48,"turns":1},{"damage":0,"enemies":"Donu and Deca","floor":50,"turns":1},{"damage":0,"enemies":"Shield and Spear","floor":54,"turns":2},{"damage":0,"enemies":"The Heart","floor":55,"turns":6}],"seed_played":"-7125355276045915305","potions_obtained":[{"floor":2.0,"key":"Milkshake"},{"floor":11.0,"key":"EssenceOfSteel"},{"floor":12.0,"key":"Explosive Potion"},{"floor":13.0,"key":"ColorlessPotion"},{"floor":18.0,"key":"jedi:tentaclejuice"},{"floor":23.0,"key":"Strength Potion"},{"floor":25.0,"key":"Elixir"},{"floor":30.0,"key":"Death Potion"},{"floor":40,"key":"DuplicationPotion"},{"floor":47,"key":"SteroidPotion"}],"is_trial":false,"path_per_floor":["M","M","M","?","?","?","E","R","T","E","M","M","M","M","R","B",null,"M","M","$","M","$","E","?","E","T","R","E","?","?","?","R","B",null,"M","?","?","?","M","E","$","?","T","$","?","E","M","E","R","B",null,"R","$","E","B",null],"character_chosen":"IRONCLAD","items_purchased":["jedi:cryingmask","DollysMirror","Membership Card","Bag of Preparation","Flex"],"campfire_rested":0,"item_purchase_floors":[20,20,44,44,53],"current_hp_per_floor":[80,80,80,80,73,73,63,63,63,49,39,45,46,50,50,14,80,74,80,80,80,80,68,71,67,67,70,79,79,79,1,1,1,1,1,1,1,1,1,1,1,1,1,1,1,1,1,1,1,1,1,1,1,1,1],"gold":173,"neow_bonus":"ONE_RARE_RELIC","is_daily":false,"chose_seed":false,"campfire_upgraded":4,"win_rate":0.0,"timestamp":1611220329,"path_taken":["M","M","M","?","?","?","E","R","T","E","M","M","M","M","R","BOSS","M","?","$","M","$","E","?","E","T","R","E","?","?","?","R","BOSS","M","?","?","?","M","E","$","?","T","?","?","E","M","E","R","BOSS","R","$","E","BOSS"],"items_purchased_type":["Relic","Relic","Relic","Relic","Card"],"build_version":"2020-12-22","purchased_purges":8,"victory":true,"max_hp_per_floor":[80,80,80,80,80,80,80,80,80,80,80,80,80,80,80,80,80,80,80,80,80,80,80,73,73,73,76,79,79,79,1,1,1,1,1,1,1,1,1,1,1,1,1,1,1,1,1,1,1,1,1,1,1,1,1],"card_choices":[{"not_picked":["Pommel Strike","ReplayTheSpireMod:LeadingStrike"],"picked":"hubris:ReadiedAction","floor":1.0},{"not_picked":["Armaments","Twin Strike"],"picked":"Inflame","floor":2.0},{"not_picked":["Perfected Strike","Replay:Undeath\u0027s Touch"],"picked":"Seeing Red","floor":3.0},{"not_picked":["Reckless Charge","Clothesline"],"picked":"Intimidate","floor":4.0},{"not_picked":["Battle Trance","True Grit"],"picked":"jedi:controlledanger","floor":4.0},{"not_picked":["Second Wind","Hemokinesis"],"picked":"jedi:unlimitedpower","floor":7.0},{"not_picked":["Burning Pact","Armaments"],"picked":"Bloodletting","floor":10.0},{"not_picked":["Rampage","Abandon"],"picked":"Anger","floor":11.0},{"not_picked":["ReplayTheSpireMod:Strike From Hell","Pommel Strike"],"picked":"Ghostly Armor","floor":12.0},{"not_picked":["Inflame","Dual Wield"],"picked":"Pummel","floor":13.0},{"not_picked":["Rampage","Cleave"],"picked":"jedi:fear","floor":14.0},{"not_picked":["Impervious","Immolate"],"picked":"Brutality","floor":16.0},{"not_picked":["Body Slam","Clothesline","Wild Strike+1"],"picked":"SKIP","floor":18.0},{"not_picked":["Clash","Evolve","Armaments"],"picked":"SKIP","floor":19.0},{"not_picked":["Anger","Headbutt"],"picked":"Warcry","floor":21.0},{"not_picked":["DemoMod:WhiteBlade","Twin Strike+1","Dual Wield"],"picked":"SKIP","floor":23.0},{"not_picked":["Uppercut+1","Pommel Strike+1","jedi:MakeshiftSword"],"picked":"SKIP","floor":25.0},{"not_picked":["jedi:MakeshiftSword+1","ReplayTheSpireMod:Stacked+1"],"picked":"Feel No Pain+1","floor":28.0},{"not_picked":["Feel No Pain","Rage","Headbutt+1"],"picked":"SKIP","floor":35.0},{"not_picked":["Rage","Headbutt+1"],"picked":"Feel No Pain","floor":35.0},{"not_picked":["Sword Boomerang","Armaments"],"picked":"Pommel Strike+1","floor":39},{"not_picked":["jedi:fear+1","Second Wind"],"picked":"hubris:StunningStrike","floor":40},{"not_picked":["Impatience","ReplayTheSpireMod:Trickstab"],"picked":"Madness","floor":45},{"not_picked":["hubris:ReadiedAction","Body Slam","Rage"],"picked":"SKIP","floor":46},{"not_picked":["True Grit","Pummel"],"picked":"Warcry","floor":47},{"not_picked":["Flex","Brutality"],"picked":"Shrug It Off+1","floor":48},{"not_picked":["Bloodletting","Evolve+1","Searing Blow+1"],"picked":"SKIP","floor":54}],"player_experience":329218,"relics_obtained":[{"floor":4.0,"key":"ScarletDevilRocket"},{"floor":7.0,"key":"Replay:Bandana"},{"floor":9.0,"key":"DemoMod:PoisonVial"},{"floor":10.0,"key":"King of Hearts"},{"floor":23.0,"key":"Replay:Ringing Soul"},{"floor":25.0,"key":"Replay:PocketPolymizer"},{"floor":28.0,"key":"Juzu Bracelet"},{"floor":29.0,"key":"jedi:crownofsimplicity"},{"floor":38.0,"key":"ReplayTheSpireMod:Ring of Challenge"},{"floor":38.0,"key":"ReplayTheSpireMod:Ring of Collecting"},{"floor":40,"key":"Pen Nib"},{"floor":43,"key":"AntiCross"},{"floor":46,"key":"Simple Rune"},{"floor":48,"key":"Whetstone"},{"floor":54,"key":"DemoMod:Metronome"}],"event_choices":[{"cards_removed":["Strike_R"],"damage_healed":0.0,"max_hp_gain":0.0,"max_hp_loss":0.0,"gold_gain":0.0,"event_name":"Golden Wing","player_choice":"Card Removal","floor":5.0,"gold_loss":0.0,"damage_taken":7.0},{"damage_healed":0.0,"max_hp_gain":0.0,"max_hp_loss":0.0,"gold_gain":0.0,"event_name":"WeMeetAgain","player_choice":"Gave Potion","floor":6.0,"gold_loss":0.0,"damage_taken":0.0,"relics_obtained":["DemoMod:MeltedRock"]},{"damage_healed":0.0,"max_hp_gain":0.0,"max_hp_loss":10.0,"gold_gain":0.0,"event_name":"Vampires","player_choice":"Became a vampire","floor":24.0,"gold_loss":0.0,"damage_taken":0.0,"cards_obtained":["Bite","Bite"]},{"damage_healed":0.0,"max_hp_gain":0.0,"max_hp_loss":0.0,"gold_gain":0.0,"event_name":"Lab","player_choice":"Got Potions","floor":30.0,"gold_loss":0.0,"damage_taken":0.0},{"cards_removed":["Demon Form"],"damage_healed":0.0,"max_hp_gain":10.0,"max_hp_loss":0.0,"gold_gain":0.0,"event_name":"Bonfire Elementals","player_choice":"Offered Rare","floor":36.0,"gold_loss":0.0,"damage_taken":0.0},{"damage_healed":0.0,"max_hp_gain":0.0,"max_hp_loss":0.0,"gold_gain":0.0,"event_name":"Match and Keep!","player_choice":"2 cards matched","floor":37.0,"gold_loss":0.0,"damage_taken":0.0,"cards_obtained":["Deep Breath","Exhume"]},{"damage_healed":0,"gold_gain":0,"player_choice":"Memory 1","damage_taken":0,"max_hp_gain":0,"max_hp_loss":0,"event_name":"SensoryStone","floor":45,"gold_loss":0},{"damage_healed":0,"gold_gain":0,"player_choice":"Paid","damage_taken":0,"relics_obtained":["Red Mask"],"max_hp_gain":0,"max_hp_loss":0,"event_name":"Tomb of Lord Red Mask","floor":49,"gold_loss":165}],"is_beta":false,"boss_relics":[{"not_picked":["PlaceholderMod:LiveLive","Runic Dome"],"picked":"hubris:Backtick"},{"not_picked":["Coffee Dripper","Mark of Pain"],"picked":"Astrolabe"}],"items_purged_floors":[20,20,22,22,41,41,44,44],"is_endless":false,"potions_floor_spawned":[2,11,12,13,18,23,25,28,33,39,40,47],"ascension_level":1}}