{"host":"9slw7l0ws16384qq","time":1611259566,"event":{"mods":["A Penny For Your Troubles","BaseMod","Colored Map","Evolution","Hubris","Minty Spire (QoL Compilation)","Replay The Spire","Shedinja","StS++","StSLib","The Dragon Tamer","The Marked"],"gold_per_floor":[118,118,130,130,55,80,92,54,66,98,110,22,37,37,37,132,132,152,165,178,178,191,191,202,217,217,217,127,2,22,22,22,120,120,139,139,139,149,149,182,182,202,202,202,236,270,298,320,320,339],"floor_reached":51,"language":"FRA","playtime":3292,"items_purged":["Backflip","Backflip","Backflip"],"score":781,"play_id":"2bfcd7f3-0411-45df-a165-8cec82e7ca9e","local_time":"20210121210606","is_ascension_mode":false,"campfire_choices":[{"data":"Poisoned Stab","floor":7,"key":"SMITH"},{"data":"Poison Darts","floor":15,"key":"SMITH"},{"data":"Envenom","floor":23,"key":"SMITH"},{"data":"Poisoned Stab","floor":27,"key":"SMITH"},{"data":"Neutralize","floor":32,"key":"SMITH"},{"floor":49,"key":"REST"}],"circlet_count":0,"master_deck":["Poisoned Stab+1","Poisoned Stab+1","Poisoned Stab+1","Poisoned Stab+1","Backflip","Survivor","Neutralize+1","Poison Darts+1","Envenom+1","Corpse Explosion"],"relics":["Ring of the Snake","EVO:Axolotl","StSpp:SailingBoat","MawBank","Matryoshka","hubris:VirtuousBlindfold","Centennial Puzzle","Shuriken","hubris:Backtick","StSpp:XCola","Potion Belt","Replay:Bandana","hubris:MysteriousPyramids"],"acts_visited":["Exordium","TheCity","TheBeyond"],"potions_floor_usage":[6,16,30,50,50,50,50,50],"damage_taken":[{"damage":0,"enemies":"Jaw Worm","floor":1,"turns":2},{"damage":0,"enemies":"Small Slimes","floor":3,"turns":2},{"damage":10,"enemies":"3 Sentries","floor":6,"turns":6},{"damage":0,"enemies":"2 Louse","floor":10,"turns":2},{"damage":5,"enemies":"Large Slime","floor":13,"turns":4},{"damage":0,"enemies":"Slime Boss","floor":16,"turns":5},{"damage":1,"enemies":"Chosen","floor":18,"turns":3},{"damage":10,"enemies":"Shell Parasite","floor":19,"turns":3},{"damage":11,"enemies":"Centurion and Healer","floor":20,"turns":5},{"damage":0,"enemies":"Snecko","floor":22,"turns":3},{"damage":9,"enemies":"Sentry and Sphere","floor":24,"turns":3},{"damage":1,"enemies":"Centurion and Healer","floor":25,"turns":5},{"damage":6,"enemies":"Snake Plant","floor":30,"turns":3},{"damage":47,"enemies":"Collector","floor":33,"turns":6},{"damage":2,"enemies":"Orb Walker","floor":35,"turns":2},{"damage":0,"enemies":"3 Shapes","floor":38,"turns":2},{"damage":0,"enemies":"R_Hoarder","floor":40,"turns":5},{"damage":0,"enemies":"Jaw Worm Horde","floor":42,"turns":1},{"damage":0,"enemies":"Maw","floor":45,"turns":4},{"damage":0,"enemies":"Transient","floor":46,"turns":5},{"damage":7,"enemies":"Writhing Mass","floor":47,"turns":3},{"damage":3,"enemies":"Sphere and 2 Shapes","floor":48,"turns":3},{"damage":43,"enemies":"hubris:GrandSnecko","floor":50,"turns":5}],"seed_played":"5225008308617172906","potions_obtained":[{"floor":1,"key":"SkillPotion"},{"floor":14,"key":"LifebloodPotion"},{"floor":14,"key":"DuplicationPotion"},{"floor":14,"key":"StSpp:InhibitionPotion"},{"floor":16,"key":"BlessingOfTheForge"},{"floor":24,"key":"PowerPotion"},{"floor":30,"key":"Fruit Juice"},{"floor":33,"key":"PowerPotion"},{"floor":40,"key":"PowerPotion"},{"floor":45,"key":"Fire Potion"},{"floor":46,"key":"StSpp:SecondWindPotion"}],"is_trial":false,"path_per_floor":["M","?","M","?","$","E","R","?","T","M","?","$","M","?","R","B",null,"M","M","M","?","M","R","M","M","T","R","?","$","M","$","R","B",null,"M","?","$","M","$","E","?","M","T","?","M","M","M","M","R_BF","B",null],"character_chosen":"THE_SILENT","items_purchased":[],"campfire_rested":1,"item_purchase_floors":[],"current_hp_per_floor":[81,81,81,81,81,71,71,71,71,71,71,71,66,66,66,66,81,80,70,59,59,59,59,50,49,49,49,49,49,48,48,48,1,86,84,84,84,84,84,84,84,84,84,84,84,84,77,74,86,43],"gold":339,"neow_bonus":"TEN_PERCENT_HP_BONUS","is_daily":false,"chose_seed":false,"campfire_upgraded":5,"win_rate":0.0,"timestamp":1611259566,"path_taken":["M","?","M","?","$","E","R","?","T","M","?","$","?","?","R","BOSS","M","M","M","?","M","R","M","?","T","R","?","?","?","$","R","BOSS","M","?","$","M","$","E","?","M","T","?","M","M","M","M","R_BF","BOSS"],"items_purchased_type":[],"build_version":"2020-12-22","purchased_purges":3,"victory":true,"max_hp_per_floor":[81,81,81,81,81,81,81,81,81,81,81,81,81,81,81,81,81,81,81,81,81,81,81,81,81,81,81,81,81,86,86,86,86,86,86,86,86,86,86,86,86,86,86,86,86,86,86,86,86,86],"card_choices":[{"not_picked":["Riddle With Holes","Poisoned Stab","Prepared"],"picked":"SKIP","floor":1},{"not_picked":["Sucker Punch","Bane","ReplayTheSpireMod:Scrap Shanks"],"picked":"SKIP","floor":3},{"not_picked":["Phantasmal Killer","StSpp:Dive","StSpp:StrikeFirst"],"picked":"SKIP","floor":6},{"not_picked":["StSpp:Dive","ReplayTheSpireMod:Exploit Weakness","Dagger Spray"],"picked":"SKIP","floor":10},{"not_picked":["hubris:SlightOfHand","Fluid Movement","Backflip"],"picked":"SKIP","floor":13},{"not_picked":["After Image","Poison Darts"],"picked":"Envenom","floor":16},{"not_picked":["Reflex","Slice","Dagger Spray"],"picked":"SKIP","floor":18},{"not_picked":["Blade Dance+1","Cloak And Dagger","Dagger Spray+1"],"picked":"SKIP","floor":19},{"not_picked":["Bane","Poisoned Stab+1","Backflip"],"picked":"SKIP","floor":20},{"not_picked":["Deflect+1","Poisoned Stab+1","Choke+1"],"picked":"SKIP","floor":22},{"not_picked":["Flying Knee","StSpp:PoisonousPunch","StSpp:Dive"],"picked":"SKIP","floor":24},{"not_picked":["Flechettes","Flying Knee","Well Laid Plans"],"picked":"SKIP","floor":25},{"not_picked":["Dagger Throw","StSpp:Dive","Outmaneuver"],"picked":"SKIP","floor":30},{"not_picked":["StSpp:Landslide","Poison Darts"],"picked":"Corpse Explosion","floor":33},{"not_picked":["Backflip","Crippling Poison","Prepared"],"picked":"SKIP","floor":35},{"not_picked":["Caltrops","PiercingWail+1","Poisoned Stab+1"],"picked":"SKIP","floor":38},{"not_picked":["Bane","Backflip+1","Accuracy+1"],"picked":"SKIP","floor":40},{"not_picked":["Accuracy+1","Deadly Poison","Sucker Punch+1"],"picked":"SKIP","floor":42},{"not_picked":["Deadly Poison+1","Fluid Movement","Outmaneuver+1"],"picked":"SKIP","floor":45},{"not_picked":["Cloak And Dagger+1","Prepared+1","hubris:TrickCloak+1"],"picked":"SKIP","floor":46},{"not_picked":["Finisher+1","Crippling Poison+1","Bullet Time"],"picked":"SKIP","floor":47},{"not_picked":["Dagger Throw","Dodge and Roll","Slice+1"],"picked":"SKIP","floor":48}],"player_experience":1660570,"relics_obtained":[{"floor":6,"key":"MawBank"},{"floor":9,"key":"Matryoshka"},{"floor":26,"key":"Centennial Puzzle"},{"floor":26,"key":"Shuriken"},{"floor":40,"key":"Potion Belt"},{"floor":43,"key":"Replay:Bandana"},{"floor":43,"key":"hubris:MysteriousPyramids"}],"event_choices":[{"damage_healed":0,"gold_gain":0,"player_choice":"Got Potions","damage_taken":0,"max_hp_gain":0,"max_hp_loss":0,"event_name":"Lab","floor":14,"gold_loss":0},{"cards_removed":["Poisoned Stab"],"damage_healed":0,"gold_gain":0,"player_choice":"Card Removal","damage_taken":0,"max_hp_gain":0,"max_hp_loss":0,"event_name":"Wheel of Change","floor":21,"gold_loss":0},{"cards_removed":["Backflip"],"damage_healed":0,"gold_gain":0,"player_choice":"Upgrade and Remove","damage_taken":0,"max_hp_gain":0,"max_hp_loss":0,"event_name":"Designer","floor":28,"gold_loss":90,"cards_upgraded":["Poisoned Stab"]},{"damage_healed":0,"gold_gain":0,"player_choice":"Memory 1","damage_taken":0,"max_hp_gain":0,"max_hp_loss":0,"event_name":"SensoryStone","floor":36,"gold_loss":0}],"is_beta":false,"boss_relics":[{"not_picked":["Ectoplasm","Astrolabe"],"picked":"hubris:VirtuousBlindfold"},{"not_picked":["Empty Cage","Replay:Grab Bag"],"picked":"hubris:Backtick"}],"items_purged_floors":[5,12,29],"is_endless":false,"potions_floor_spawned":[1,16,22,24,30,33,40,45,46,47,48],"ascension_level":0}}