{"host":"msfr2axb1w9025n0","time":1611208531,"event":{"mods":["BaseMod","Colored Map","DeckTracker","Minty Spire (QoL Compilation)"],"gold_per_floor":[114,131,131,8,26,26,53,53,77,106,133,133,161,177,177,251,251,267,285,285,285,71,71,101,101,152,166,179,193,193,193],"floor_reached":30,"language":"ENG","playtime":1032,"items_purged":["Pain"],"score":467,"play_id":"959cb02d-c91e-4fc3-a56c-bdc6a2a4ed30","local_time":"20210121125531","is_ascension_mode":true,"campfire_choices":[{"data":"Cloak And Dagger","floor":6,"key":"SMITH"},{"data":"Cloak And Dagger","floor":8,"key":"SMITH"},{"data":"Footwork","floor":12,"key":"SMITH"},{"floor":15,"key":"REST"},{"data":"Ghostly","floor":23,"key":"SMITH"},{"floor":25,"key":"REST"}],"circlet_count":0,"master_deck":["AscendersBane","Strike_G","Strike_G","Strike_G","Defend_G","Defend_G","Defend_G","Defend_G","Survivor","Neutralize","Cloak And Dagger+1","Dagger Spray","Cloak And Dagger+1","Corpse Explosion","Footwork+1","Cloak And Dagger","Dodge and Roll","A Thousand Cuts","Bouncing Flask+1","Endless Agony+1","Quick Slash+1","Backstab","Distraction+1","Ghostly+1","Ghostly","Ghostly","Ghostly","Ghostly","Bullet Time","Footwork","Backflip+1","Leg Sweep","Escape Plan"],"relics":["Ring of the Snake","NeowsBlessing","WarpedTongs","Akabeko","Juzu Bracelet","Odd Mushroom","Pear","StoneCalendar","Astrolabe","Enchiridion","Strawberry","Smiling Mask"],"acts_visited":["Exordium","TheCity"],"potions_floor_usage":[7,11,24],"damage_taken":[{"damage":0,"enemies":"Jaw Worm","floor":1,"turns":1},{"damage":0,"enemies":"Cultist","floor":2,"turns":1},{"damage":0,"enemies":"2 Louse","floor":5,"turns":1},{"damage":21,"enemies":"Gremlin Nob","floor":7,"turns":5},{"damage":13,"enemies":"The Mushroom Lair","floor":10,"turns":3},{"damage":15,"enemies":"3 Sentries","floor":11,"turns":4},{"damage":22,"enemies":"Gremlin Nob","floor":13,"turns":5},{"damage":0,"enemies":"Exordium Wildlife","floor":14,"turns":3},{"damage":11,"enemies":"The Guardian","floor":16,"turns":15},{"damage":14,"enemies":"Spheric Guardian","floor":18,"turns":4},{"damage":12,"enemies":"Shell Parasite","floor":19,"turns":5},{"damage":21,"enemies":"Slavers","floor":24,"turns":3},{"damage":0,"enemies":"Snake Plant","floor":27,"turns":5},{"damage":1,"enemies":"Shelled Parasite and Fungi","floor":28,"turns":7},{"damage":3,"enemies":"Cultist and Chosen","floor":29,"turns":6},{"damage":22,"enemies":"Gremlin Leader","floor":30,"turns":4}],"seed_played":"4015777293502525268","potions_obtained":[{"floor":2,"key":"DistilledChaos"},{"floor":5,"key":"GhostInAJar"},{"floor":7,"key":"Regen Potion"},{"floor":13,"key":"Swift Potion"},{"floor":29,"key":"Strength Potion"}],"is_trial":false,"path_per_floor":["M","M","?","$","M","R","E","R","T","?","E","R","E","M","R","B",null,"M","M","?","?","$","R","E","R","T","M","M","M","E"],"character_chosen":"THE_SILENT","items_purchased":["Cloak And Dagger","Bullet Time","Footwork"],"campfire_rested":2,"item_purchase_floors":[4,22,22],"current_hp_per_floor":[63,63,63,63,63,63,42,42,42,29,36,36,14,14,38,27,67,53,41,40,24,24,24,10,24,24,24,23,20,0,0],"gold":193,"neow_bonus":"THREE_ENEMY_KILL","is_daily":false,"chose_seed":false,"campfire_upgraded":4,"win_rate":0.0,"timestamp":1611208531,"path_taken":["M","M","?","$","?","R","E","R","T","?","E","R","E","M","R","BOSS","M","M","?","?","$","R","E","R","T","M","M","M","E"],"items_purchased_type":["Card","Card","Card"],"build_version":"2020-12-22","purchased_purges":1,"victory":false,"max_hp_per_floor":[70,70,70,70,70,70,70,70,70,70,80,80,80,80,80,80,80,80,80,40,40,40,40,47,47,47,47,47,47,47,47],"card_choices":[{"not_picked":["Flying Knee","Backflip"],"picked":"Cloak And Dagger","floor":1},{"not_picked":["Quick Slash","Endless Agony"],"picked":"Dagger Spray","floor":2},{"not_picked":["Dagger Throw","Reflex","Riddle With Holes"],"picked":"SKIP","floor":5},{"not_picked":["Slice","Concentrate"],"picked":"Corpse Explosion","floor":7},{"not_picked":["Deadly Poison","Calculated Gamble"],"picked":"Footwork","floor":10},{"not_picked":["Dagger Spray","Setup"],"picked":"Cloak And Dagger","floor":11},{"not_picked":["Concentrate","Distraction"],"picked":"Dodge and Roll","floor":13},{"not_picked":["Concentrate","Sucker Punch","Prepared"],"picked":"SKIP","floor":14},{"not_picked":["Night Terror","Storm of Steel"],"picked":"A Thousand Cuts","floor":16},{"not_picked":["Dodge and Roll","Sucker Punch"],"picked":"Backstab","floor":18},{"not_picked":["Outmaneuver","Underhanded Strike+1"],"picked":"Distraction+1","floor":19},{"not_picked":["Deflect","Skewer"],"picked":"Backflip+1","floor":24},{"not_picked":["Sucker Punch","Masterful Stab","Quick Slash"],"picked":"SKIP","floor":27},{"not_picked":["Dodge and Roll","Riddle With Holes"],"picked":"Leg Sweep","floor":28},{"not_picked":["Underhanded Strike","Backflip"],"picked":"Escape Plan","floor":29}],"player_experience":258166,"relics_obtained":[{"floor":7,"key":"Akabeko"},{"floor":9,"key":"Juzu Bracelet"},{"floor":10,"key":"Odd Mushroom"},{"floor":11,"key":"Pear"},{"floor":13,"key":"StoneCalendar"},{"floor":21,"key":"Enchiridion"},{"floor":24,"key":"Strawberry"},{"floor":26,"key":"Smiling Mask"}],"event_choices":[{"damage_healed":0,"gold_gain":0,"player_choice":"Rummage","damage_taken":0,"relics_obtained":["WarpedTongs"],"max_hp_gain":0,"max_hp_loss":0,"event_name":"Accursed Blacksmith","floor":3,"gold_loss":0,"cards_obtained":["Pain"]},{"damage_healed":0,"gold_gain":0,"player_choice":"Fought Mushrooms","damage_taken":0,"max_hp_gain":0,"max_hp_loss":0,"event_name":"Mushrooms","floor":10,"gold_loss":0},{"damage_healed":0,"gold_gain":0,"player_choice":"Became a Ghost","damage_taken":0,"max_hp_gain":0,"max_hp_loss":40,"event_name":"Ghosts","floor":20,"gold_loss":0,"cards_obtained":["Ghostly","Ghostly","Ghostly","Ghostly","Ghostly"]},{"damage_healed":0,"gold_gain":0,"player_choice":"Obtained Book","damage_taken":16,"max_hp_gain":0,"max_hp_loss":0,"event_name":"Cursed Tome","floor":21,"gold_loss":0}],"is_beta":false,"boss_relics":[{"not_picked":["Empty Cage","HoveringKite"],"picked":"Astrolabe"}],"items_purged_floors":[4],"is_endless":false,"potions_floor_spawned":[2,5,7,10,13,14,18,29],"killed_by":"Gremlin Leader","ascension_level":13}}