{"host":"hjkuipvvowcpo8la","time":1611236533,"event":{"mods":["AchievementEnabler","BaseMod","Block Reminder","CapriCore","Colored Map","Colored Powertips","Highlight Path","Minty Spire (QoL Compilation)","Permanent Neow","Quick Restart","Rare Cards Sparkle","StSLib"],"gold_per_floor":[365,379,19,19,37,69,69,81,81,81,96,96,96,96,96,217,217,233,233,252,266,266,301,320,320,320,359,9,52,52,76,76,196,196,217,233,253,268,287,287,322,302,302,302,321,342,358,399,399,399,399,399,12,50,50],"floor_reached":56,"language":"ENG","playtime":2872,"items_purged":["Doubt","Normality","Normality"],"score":1524,"play_id":"9678e859-5007-4e38-8ac1-47fd9d978f92","local_time":"20210121144213","is_ascension_mode":true,"campfire_choices":[{"data":"Bash","floor":7.0,"key":"SMITH"},{"data":"True Grit","floor":10.0,"key":"SMITH"},{"data":"Anger","floor":13.0,"key":"SMITH"},{"data":"Disarm","floor":15.0,"key":"SMITH"},{"data":"Feed","floor":30.0,"key":"SMITH"},{"data":"Shockwave","floor":32.0,"key":"SMITH"},{"data":"Fiend Fire","floor":40.0,"key":"SMITH"},{"data":"Offering","floor":44.0,"key":"SMITH"},{"floor":49,"key":"RECALL"},{"data":"Limit Break","floor":52,"key":"SMITH"}],"circlet_count":0,"master_deck":["Strike_R","Strike_R","Strike_R","Strike_R","Strike_R","Defend_R","Defend_R","Defend_R","Defend_R","Bash+1","Pummel","Anger+1","True Grit+1","Combust+1","Disarm+1","Bludgeon+1","Fiend Fire+1","Shockwave+1","Dark Embrace+1","Pommel Strike+1","Spot Weakness","Dual Wield+1","Necronomicurse","Feed+1","Flame Barrier","Berserk+1","Havoc+1","Flame Barrier","Flame Barrier+1","Armaments+1","Offering+1","Disarm+1","Limit Break+1","Shockwave+1","Feel No Pain+1","Flame Barrier+1","Seeing Red+1","Infernal Blade+1","Shrug It Off","Bloodletting+1","Heavy Blade+1"],"relics":["Black Blood","Dead Branch","Frozen Egg 2","Dream Catcher","The Courier","Golden Idol","Cursed Key","Incense Burner","Necronomicon","Prayer Wheel","Membership Card","Mummified Hand","FossilizedHelix","Blood Vial","Sundial","Ornamental Fan","TungstenRod","Gambling Chip","HornCleat","Orrery","Lantern"],"acts_visited":["Exordium","TheCity","TheBeyond","TheEnding"],"potions_floor_usage":[48,48,55,55,55],"damage_taken":[{"damage":1.0,"enemies":"Jaw Worm","floor":1.0,"turns":5.0},{"damage":0.0,"enemies":"Small Slimes","floor":2.0,"turns":3.0},{"damage":6.0,"enemies":"Cultist","floor":5.0,"turns":2.0},{"damage":28.0,"enemies":"Gremlin Nob","floor":6.0,"turns":5.0},{"damage":8.0,"enemies":"2 Fungi Beasts","floor":8.0,"turns":4.0},{"damage":4.0,"enemies":"Exordium Wildlife","floor":11.0,"turns":3.0},{"damage":16.0,"enemies":"Hexaghost","floor":16.0,"turns":9.0},{"damage":0.0,"enemies":"Chosen","floor":18.0,"turns":4.0},{"damage":15.0,"enemies":"Shell Parasite","floor":20.0,"turns":3.0},{"damage":18.0,"enemies":"Sentry and Sphere","floor":21.0,"turns":4.0},{"damage":14.0,"enemies":"Book of Stabbing","floor":23.0,"turns":2.0},{"damage":0.0,"enemies":"Snecko","floor":24.0,"turns":4.0},{"damage":0.0,"enemies":"Slavers","floor":27.0,"turns":1.0},{"damage":0.0,"enemies":"Book of Stabbing","floor":29.0,"turns":2.0},{"damage":37.0,"enemies":"Automaton","floor":33.0,"turns":5.0},{"damage":11.0,"enemies":"3 Shapes","floor":35.0,"turns":2.0},{"damage":0.0,"enemies":"Orb Walker","floor":36.0,"turns":2.0},{"damage":8.0,"enemies":"Sphere and 2 Shapes","floor":37.0,"turns":6.0},{"damage":0.0,"enemies":"4 Shapes","floor":38.0,"turns":6.0},{"damage":3.0,"enemies":"Transient","floor":39.0,"turns":5.0},{"damage":11.0,"enemies":"Giant Head","floor":41.0,"turns":5.0},{"damage":0.0,"enemies":"Jaw Worm Horde","floor":45.0,"turns":4.0},{"damage":0.0,"enemies":"Sphere and 2 Shapes","floor":46.0,"turns":3.0},{"damage":0,"enemies":"Writhing Mass","floor":47,"turns":4},{"damage":0,"enemies":"Reptomancer","floor":48,"turns":1},{"damage":4,"enemies":"Time Eater","floor":50,"turns":9},{"damage":5,"enemies":"Shield and Spear","floor":54,"turns":3},{"damage":17,"enemies":"The Heart","floor":55,"turns":6}],"seed_played":"-2504620124925089599","potions_obtained":[{"floor":2.0,"key":"BlessingOfTheForge"},{"floor":6.0,"key":"Ancient Potion"},{"floor":8.0,"key":"Fire Potion"},{"floor":16.0,"key":"SteroidPotion"},{"floor":21.0,"key":"PowerPotion"},{"floor":22.0,"key":"Fruit Juice"},{"floor":22.0,"key":"FearPotion"},{"floor":24.0,"key":"SmokeBomb"},{"floor":27.0,"key":"DistilledChaos"},{"floor":39.0,"key":"SteroidPotion"},{"floor":42.0,"key":"Swift Potion"},{"floor":46.0,"key":"Fire Potion"}],"is_trial":false,"path_per_floor":["M","M","$","?","M","E","R","M","T","R","M","?","R","?","R","B",null,"M","?","M","M","?","E","M","?","T","E","$","E","R","T","R","B",null,"M","M","M","M","M","R","E","?","T","R","M","M","M","E","R","B",null,"R","$","E","B",null],"character_chosen":"IRONCLAD","items_purchased":["Dead Branch","Membership Card","Mummified Hand","Fruit Juice","GamblersBrew","Gambling Chip","HornCleat","Orrery","Strength Potion","SteroidPotion"],"campfire_rested":0,"item_purchase_floors":[3,28,28,28,28,53,53,53,53,53],"current_hp_per_floor":[80,80,80,68,68,46,46,44,44,44,46,46,46,46,46,36,74,74,74,65,53,58,50,56,40,40,46,51,57,57,57,57,28,84,84,84,88,92,92,92,92,92,92,92,92,96,96,96,96,96,96,96,96,96,91],"gold":50,"neow_bonus":"TWO_FIFTY_GOLD","is_daily":false,"chose_seed":false,"campfire_upgraded":9,"win_rate":0.0,"timestamp":1611236533,"path_taken":["M","M","$","?","M","E","R","M","T","R","M","?","R","?","R","BOSS","M","?","M","M","?","E","?","?","T","E","$","E","R","?","R","BOSS","M","M","M","M","M","R","E","?","T","R","M","?","M","E","R","BOSS","R","$","E","BOSS"],"items_purchased_type":["Relic","Relic","Relic","Potion","Potion","Relic","Relic","Relic","Potion","Potion"],"build_version":"2020-12-22","purchased_purges":3,"victory":true,"max_hp_per_floor":[80,80,80,80,80,80,80,80,80,80,80,80,80,74,74,74,74,74,74,74,74,79,79,79,79,79,79,84,84,84,84,84,84,84,84,84,88,92,92,92,92,92,92,92,92,96,96,96,96,96,96,96,96,96,96],"card_choices":[{"not_picked":["Feel No Pain","Perfected Strike"],"picked":"Pummel","floor":1.0},{"not_picked":["Body Slam","Blood for Blood"],"picked":"Anger","floor":2.0},{"not_picked":["Clothesline","Armaments"],"picked":"True Grit","floor":5.0},{"not_picked":["Fire Breathing+1","Bloodletting"],"picked":"Combust+1","floor":6.0},{"not_picked":["Sever Soul","Anger"],"picked":"Disarm","floor":8.0},{"not_picked":["Seeing Red","Headbutt"],"picked":"Bludgeon","floor":11.0},{"not_picked":["Reaper","Double Tap"],"picked":"Fiend Fire","floor":16.0},{"not_picked":["Perfected Strike+1","Clothesline+1"],"picked":"Shockwave","floor":18.0},{"not_picked":["Warcry+1","Havoc","Heavy Blade"],"picked":"SKIP","floor":20.0},{"not_picked":["Shrug It Off","Evolve+1"],"picked":"Pommel Strike+1","floor":21.0},{"not_picked":["Sever Soul","Rampage"],"picked":"Spot Weakness","floor":23.0},{"not_picked":["True Grit","Cleave"],"picked":"Dual Wield+1","floor":24.0},{"not_picked":["Wild Strike","Exhume"],"picked":"Feed","floor":27.0},{"not_picked":["Reckless Charge","Seeing Red"],"picked":"Flame Barrier","floor":29.0},{"not_picked":["Juggernaut+1","Feed"],"picked":"Berserk+1","floor":33.0},{"not_picked":["Uppercut+1","Warcry+1"],"picked":"Havoc+1","floor":35.0},{"not_picked":["Rage+1","True Grit"],"picked":"Flame Barrier","floor":35.0},{"not_picked":["Clash+1","Headbutt+1"],"picked":"Flame Barrier+1","floor":36.0},{"not_picked":["Dual Wield+1","Whirlwind","Headbutt"],"picked":"SKIP","floor":36.0},{"not_picked":["Spot Weakness","Reckless Charge"],"picked":"Armaments+1","floor":37.0},{"not_picked":["Bloodletting","Thunderclap","Wild Strike+1"],"picked":"SKIP","floor":37.0},{"not_picked":["Armaments","Twin Strike+1"],"picked":"Offering","floor":38.0},{"not_picked":["Headbutt","Wild Strike","Searing Blow+1"],"picked":"SKIP","floor":38.0},{"not_picked":["Intimidate+1","Havoc"],"picked":"Disarm+1","floor":39.0},{"not_picked":["Pommel Strike","Twin Strike"],"picked":"Limit Break","floor":39.0},{"not_picked":["Headbutt+1","Spot Weakness","Blood for Blood"],"picked":"SKIP","floor":41.0},{"not_picked":["Heavy Blade","Clothesline+1"],"picked":"Shockwave+1","floor":45.0},{"not_picked":["Intimidate","Shockwave","Twin Strike+1"],"picked":"SKIP","floor":45.0},{"not_picked":["Flex","Twin Strike+1"],"picked":"Feel No Pain+1","floor":46.0},{"not_picked":["Perfected Strike","Anger","Dual Wield+1"],"picked":"SKIP","floor":46.0},{"not_picked":["Fiend Fire","Uppercut"],"picked":"Flame Barrier+1","floor":47},{"not_picked":["Searing Blow+1","Warcry+1","Rampage"],"picked":"SKIP","floor":47},{"not_picked":["Heavy Blade","Body Slam+1"],"picked":"Seeing Red+1","floor":48},{"not_picked":["Thunderclap+1","Entrench+1"],"picked":"Infernal Blade+1","floor":53},{"not_picked":["Armaments","Perfected Strike+1"],"picked":"Shrug It Off","floor":53},{"not_picked":["Reckless Charge+1","Thunderclap+1"],"picked":"Bloodletting+1","floor":53},{"not_picked":["Sword Boomerang","Immolate"],"picked":"Heavy Blade+1","floor":54}],"player_experience":277570,"relics_obtained":[{"floor":6.0,"key":"Dream Catcher"},{"floor":9.0,"key":"The Courier"},{"floor":23.0,"key":"Incense Burner"},{"floor":25.0,"key":"Necronomicon"},{"floor":27.0,"key":"Prayer Wheel"},{"floor":29.0,"key":"FossilizedHelix"},{"floor":31.0,"key":"Blood Vial"},{"floor":41.0,"key":"Sundial"},{"floor":43.0,"key":"Ornamental Fan"},{"floor":48,"key":"TungstenRod"},{"floor":54,"key":"Lantern"}],"event_choices":[{"damage_healed":0.0,"max_hp_gain":0.0,"max_hp_loss":0.0,"gold_gain":0.0,"event_name":"Scrap Ooze","player_choice":"Success","floor":4.0,"gold_loss":0.0,"damage_taken":12.0,"relics_obtained":["Frozen Egg 2"]},{"damage_healed":0.0,"max_hp_gain":0.0,"max_hp_loss":0.0,"gold_gain":0.0,"event_name":"Living Wall","player_choice":"Grow","floor":12.0,"gold_loss":0.0,"damage_taken":0.0,"cards_upgraded":["Bludgeon"]},{"damage_healed":0.0,"max_hp_gain":0.0,"max_hp_loss":6.0,"gold_gain":0.0,"event_name":"Golden Idol","player_choice":"Lose Max HP","floor":14.0,"gold_loss":0.0,"damage_taken":0.0,"relics_obtained":["Golden Idol"]},{"damage_healed":0.0,"max_hp_gain":0.0,"max_hp_loss":0.0,"gold_gain":0.0,"event_name":"The Library","player_choice":"Read","floor":19.0,"gold_loss":0.0,"damage_taken":0.0,"cards_obtained":["Dark Embrace"]},{"damage_healed":0.0,"max_hp_gain":0.0,"max_hp_loss":0.0,"gold_gain":0.0,"event_name":"Lab","player_choice":"Got Potions","floor":22.0,"gold_loss":0.0,"damage_taken":0.0},{"damage_healed":0.0,"max_hp_gain":0.0,"max_hp_loss":0.0,"gold_gain":0.0,"event_name":"Cursed Tome","player_choice":"Obtained Book","floor":25.0,"gold_loss":0.0,"damage_taken":16.0},{"damage_healed":0.0,"max_hp_gain":0.0,"max_hp_loss":0.0,"gold_gain":0.0,"event_name":"The Woman in Blue","player_choice":"Bought 1 Potion","floor":42.0,"gold_loss":0.0,"damage_taken":0.0}],"is_beta":false,"boss_relics":[{"not_picked":["Calling Bell","Fusion Hammer"],"picked":"Cursed Key"},{"not_picked":["Black Star","Mark of Pain"],"picked":"Black Blood"}],"items_purged_floors":[3,28,53],"is_endless":false,"potions_floor_spawned":[2,6,8,16,18,21,24,27,35,39,41,45,46,47],"ascension_level":1}}