{"host":"yuhy0i501zzmn1iz","time":1611256181,"event":{"mods":["AchievementEnabler","AlwaysNeverKeys","BaseMod","Bestiary","Better Match","Better Third Choice","Curses Come First","Downfall","Minty Spire (QoL Compilation)","StSLib","slay the spire mod where everything is the same but ironclad has a cowboy hat"],"gold_per_floor":[113,123,137,137,137,137,167,186,258,16,26,26,36,47,47,143,193,205,224,240,155,37,37,312,326,326,4,35,52,52,72,72,72,72],"floor_reached":33,"language":"ENG","playtime":989,"items_purged":["Strike_B"],"score":388,"play_id":"235fa484-c8a0-4236-9a07-5af772aa01ee","local_time":"20210121140941","is_ascension_mode":true,"campfire_choices":[{"floor":6,"key":"REST"},{"floor":15,"key":"REST"},{"data":"Gash","floor":23,"key":"SMITH"},{"floor":32,"key":"REST"}],"circlet_count":0,"master_deck":["Strike_B","Strike_B","Defend_B","Defend_B","Defend_B","Defend_B","Zap","Dualcast","Storm","Go for the Eyes","Leap","Apotheosis+1","Ball Lightning","Redo","Go for the Eyes","Redo","All For One","Beam Cell","Scrape","Thunder Strike+1","Gash+1","Streamline","Ball Lightning","Conserve Battery","Go for the Eyes","Rip and Tear","Regret","Good Instincts","Dark Shackles","Turbo","Conserve Battery","Fusion+1","Steam Power"],"relics":["Velvet Choker","CaptainsWheel","The Courier","Cables","Tiny House","Smiling Mask","Bronze Scales","Pen Nib","Mummified Hand"],"acts_visited":["Exordium","TheCity"],"potions_floor_usage":[7,8,19,19,25,30,33,33],"damage_taken":[{"damage":0,"enemies":"2 Louse","floor":1,"turns":2},{"damage":2,"enemies":"Jaw Worm","floor":2,"turns":4},{"damage":1,"enemies":"Cultist","floor":3,"turns":4},{"damage":0,"enemies":"Lagavulin","floor":7,"turns":7},{"damage":8,"enemies":"Blue Slaver","floor":8,"turns":3},{"damage":27,"enemies":"Lots of Slimes","floor":11,"turns":3},{"damage":0,"enemies":"Exordium Wildlife","floor":13,"turns":3},{"damage":4,"enemies":"3 Louse","floor":14,"turns":3},{"damage":18,"enemies":"Slime Boss","floor":16,"turns":8},{"damage":12,"enemies":"Chosen","floor":18,"turns":3},{"damage":6,"enemies":"Spheric Guardian","floor":19,"turns":3},{"damage":17,"enemies":"Centurion and Healer","floor":20,"turns":5},{"damage":2,"enemies":"Snecko","floor":25,"turns":4},{"damage":24,"enemies":"Gremlin Leader","floor":28,"turns":6},{"damage":11,"enemies":"Snake Plant","floor":29,"turns":3},{"damage":0,"enemies":"Slavers","floor":30,"turns":1},{"damage":15,"enemies":"3 Cultists","floor":31,"turns":5},{"damage":52,"enemies":"Collector","floor":33,"turns":5}],"seed_played":"5988182498860090787","potions_obtained":[{"floor":3,"key":"Dexterity Potion"},{"floor":8,"key":"Fruit Juice"},{"floor":11,"key":"bronze:BurnAndBuffPotion"},{"floor":14,"key":"Fire Potion"},{"floor":16,"key":"Block Potion"},{"floor":17,"key":"LiquidBronze"},{"floor":25,"key":"SmokeBomb"},{"floor":28,"key":"Regen Potion"},{"floor":29,"key":"Weak Potion"}],"is_trial":false,"path_per_floor":["M","M","M","?","?","R","E","M","T","$","M","?","M","M","R","B",null,"M","M","M","?","$","R","?","M","T","$","E","M","E","M","R","B"],"character_chosen":"DEFECT","items_purchased":["Cables","Go for the Eyes","Go for the Eyes","Rip and Tear","Pen Nib","Good Instincts","Dark Shackles","Turbo","Conserve Battery"],"campfire_rested":3,"item_purchase_floors":[10,10,22,22,27,27,27,27,27],"current_hp_per_floor":[75,73,72,77,77,80,80,77,77,77,50,50,50,46,71,53,90,78,72,55,55,55,55,55,53,53,53,29,18,18,3,30,0,0],"gold":72,"neow_bonus":"BOSS_RELIC","is_daily":false,"chose_seed":false,"campfire_upgraded":1,"win_rate":0.0,"timestamp":1611256181,"path_taken":["M","M","M","?","?","R","E","M","T","?","M","?","M","M","R","BOSS","M","M","M","?","$","R","?","M","T","$","E","?","E","M","R","BOSS"],"items_purchased_type":["Relic","Card","Card","Card","Relic","Card","Card","Card","Card"],"build_version":"2020-12-22","purchased_purges":1,"victory":false,"max_hp_per_floor":[75,75,75,80,80,80,80,85,85,85,85,85,85,85,85,85,90,90,90,90,90,90,90,90,90,90,90,90,90,90,90,90,90,90],"card_choices":[{"not_picked":["Coolheaded","Skim"],"picked":"Storm","floor":1},{"not_picked":["Hologram","Double Energy"],"picked":"Go for the Eyes","floor":2},{"not_picked":["Steam","Hello World"],"picked":"Leap","floor":3},{"not_picked":["Glacier","Sweeping Beam"],"picked":"Ball Lightning","floor":7},{"not_picked":["Recycle","Stack"],"picked":"Redo","floor":8},{"not_picked":["Rebound","Hologram"],"picked":"Redo","floor":11},{"not_picked":["Turbo","Leap"],"picked":"Beam Cell","floor":13},{"not_picked":["Force Field","Loop"],"picked":"Scrape","floor":14},{"not_picked":["Multi-Cast","Buffer"],"picked":"Thunder Strike","floor":16},{"not_picked":["Skim","Storm"],"picked":"Gash","floor":17},{"not_picked":["Redo","Turbo"],"picked":"Streamline","floor":18},{"not_picked":["Glacier","Turbo"],"picked":"Ball Lightning","floor":19},{"not_picked":["Creative AI","Genetic Algorithm"],"picked":"Conserve Battery","floor":20},{"not_picked":["Conserve Battery","Chaos","Compile Driver"],"picked":"SKIP","floor":25},{"not_picked":["Stack","Compile Driver"],"picked":"Fusion+1","floor":28},{"not_picked":["Glacier","Coolheaded"],"picked":"Steam Power","floor":29},{"not_picked":["Streamline","Compile Driver","Undo+1"],"picked":"SKIP","floor":31}],"player_experience":326473,"relics_obtained":[{"floor":7,"key":"CaptainsWheel"},{"floor":9,"key":"The Courier"},{"floor":26,"key":"Bronze Scales"},{"floor":28,"key":"Mummified Hand"}],"event_choices":[{"damage_healed":0,"gold_gain":0,"player_choice":"Donut","damage_taken":0,"max_hp_gain":5,"max_hp_loss":0,"event_name":"Big Fish","floor":4,"gold_loss":0},{"damage_healed":77,"gold_gain":0,"player_choice":"Embrace","damage_taken":0,"max_hp_gain":0,"max_hp_loss":80,"event_name":"betterThird:BetterShining","floor":5,"gold_loss":0},{"damage_healed":0,"gold_gain":0,"cards_transformed":["Strike_B"],"player_choice":"Transformed","damage_taken":0,"max_hp_gain":0,"max_hp_loss":0,"event_name":"Transmorgrifier","floor":12,"gold_loss":0,"cards_obtained":["All For One"]},{"damage_healed":0,"gold_gain":0,"player_choice":"Obtained Relic","damage_taken":0,"relics_obtained":["Smiling Mask"],"max_hp_gain":0,"max_hp_loss":0,"event_name":"Addict","floor":21,"gold_loss":85},{"damage_healed":0,"gold_gain":275,"player_choice":"Desecrate","damage_taken":0,"max_hp_gain":0,"max_hp_loss":0,"event_name":"Golden Shrine","floor":24,"gold_loss":0,"cards_obtained":["Regret"]}],"is_beta":false,"boss_relics":[{"not_picked":["SacredBark","Runic Pyramid"],"picked":"Tiny House"}],"items_purged_floors":[22],"is_endless":false,"potions_floor_spawned":[3,8,11,14,16,25,28,29,30],"killed_by":"Collector","ascension_level":3}}