{"host":"dk10vuzdqf3wivcv","time":1611249291,"event":{"mods":["Aspiration","Astrologer","BaseMod","Colored Map","Conspire","Downfall","Friendly Minions","Hermit","Hubris","Infinite Spire","Minty Spire (QoL Compilation)","StSLib","SuperFastMode","Td1madao Mod","The Animator","The Gatherer","The Jungle"],"gold_per_floor":[99,111,123,137,151,151,151,279,290,90,117,135,155,155,167,272,272,172,172,184,184,197,213,213,238,238,249,249,259,259,275,292,397,397,397,413,433,451,451,464,464,483,483,499,53,85,102,114,134,231,231,231,245,259,270,270,270,296,296,296,313,313,347,382,478,493,594,594,594,612,632,632,632,632,662,679,679,698,733,733,733,746,763,860,860,860,872,872,892,912,912,938,972,991,1008,1026,1039,817,817,829,927,927,927,940,952,952,952,952,980,430,430,442,477,179,179,199,217,317,317,317,334,344,344,344,363,392,392,404,404,439,451,471,471,482,579,579,579,579,163,163,163,183,213,248,248,268,279,279,295,327,345,444,444,476,264,264,264,264,264],"floor_reached":157,"language":"ENG","playtime":8632,"items_purged":["champ:FancyFootwork","Injury","champ:Backstep","champ:DancingMaster"],"score":3760,"play_id":"234b8847-5dde-4bd9-bcdf-4ecd2c71c863","local_time":"20210121181451","is_ascension_mode":false,"campfire_choices":[{"floor":1.0,"key":"RECALL"},{"data":"champ:GladiatorForm","floor":10.0,"key":"SMITH"},{"data":"champ:Improvising","floor":18.0,"key":"SMITH"},{"data":"champ:ShieldWall","floor":26.0,"key":"SMITH"},{"data":"champ:Taunt","floor":30.0,"key":"SMITH"},{"data":"champ:FlashCut","floor":35.0,"key":"SMITH"},{"data":"champ:ShieldThrow","floor":52.0,"key":"SMITH"},{"data":"expansioncontent:StudyTheSpire","floor":69.0,"key":"SMITH"},{"data":"champ:PreemptiveStrike","floor":81.0,"key":"SMITH"},{"data":"champ:SkillfulDodge","floor":86,"key":"SMITH"},{"data":"champ:ShieldWall","floor":103,"key":"SMITH"},{"data":"champ:FlashCut","floor":108,"key":"SMITH"},{"data":"infinitespire:UltimateForm","floor":115,"key":"SMITH"},{"data":"champ:StrikeOfGenius","floor":120,"key":"SMITH"},{"floor":129,"key":"DIG"},{"floor":137,"key":"DIG"},{"floor":145,"key":"DIG"},{"floor":148,"key":"DIG"},{"floor":156,"key":"DIG"}],"circlet_count":0,"master_deck":["champ:Strike+1","champ:Strike","champ:Strike","champ:Defend+1","champ:Defend","champ:Defend","champ:Defend","champ:Taunt+1","champ:BringItOn","champ:GladiatorForm+1","champ:FlashCut+1","champ:Parry","champ:PreciseThrust+1","champ:ShieldWall+1","champ:FlashCut+1","champ:Improvising+1","infinitespire:NeuralNetwork","champ:Circumvent+1","champ:FlashCut+1","champ:Improvising","champ:FocusedDefense+1","champ:ShieldThrow+1","champ:DefensiveShout+1","champ:Endure+1","champ:IronFortress+1","infinitespire:UltimateForm+1","expansioncontent:StudyTheSpire+1","champ:StrikeOfGenius+1","champ:SkillfulDodge+1","champ:FocusedDefense","champ:SkillfulDodge+1","champ:Endure+1","champ:HoldFirm+1","infinitespire:SevenWalls","champ:PreemptiveStrike+1","Parasite","champ:FocusedDefense+1","champ:HoldFirm+1","champ:ShieldWall+1","expansioncontent:AwakenDeath","expansioncontent:Hexaburn","champ:Improvising","champ:IronFortress+1","infinitespire:Starlight+1","champ:ShieldWall","infinitespire:Execution+1","champ:SetATrap+1","champ:Improvising","champ:HoldFirm+1"],"relics":["champ:ChampionCrown","hubris:Icosahedron","CaptainsWheel","downfall:HeartBlessingBlue","downfall:HeartBlessingRed","infinitespire:PuzzleCube","hubris:Towel","aspiration:FutureDiary","downfall:HeartBlessingGreen","Lizard Tail","infinitespire:Beetle Shell","MutagenicStrength","Runic Pyramid","aspiration:Lifesprig","ClockworkSouvenir","Philosopher\u0027s Stone","Pear","Bronze Scales","hubris:ScarierMask","Toxic Egg 2","Happy Flower","Lee\u0027s Waffle","conspire:RunicOctahedron","Shuriken","hubris:SlimyHat","Busted Crown","Enchiridion","Strawberry","conspire:SpecialSausage","champ:FightingForDummies","SlaversCollar","Strawberry","Coffee Dripper","War Paint","Sundial","TheAbacus","Whetstone","Potion Belt","Lantern","aspiration:PoetsPen_weak","Shovel","HandDrill","Nunchaku","hubris:EvacipatedBox","SacredBark","infinitespire:Satchel","conspire:Dentures","Medical Kit","Regal Pillow","conspire:InfiniteJournal","expansioncontent:StudyCardRelic","Membership Card","infinitespire:EmpoweringShard"],"acts_visited":["Exordium","TheCity","TheBeyond","Exordium","TheCity","TheBeyond","Exordium","theJungle:Jungle","TheBeyond","TheEnding"],"potions_floor_usage":[90,93,101,101,105,116,118,118,118,130,135,143,144,146,149,152,152,157],"damage_taken":[{"damage":11.0,"enemies":"Cultist","floor":2.0,"turns":4.0},{"damage":11.0,"enemies":"Jaw Worm","floor":3.0,"turns":5.0},{"damage":25.0,"enemies":"conspire:RoseBush","floor":4.0,"turns":4.0},{"damage":32.0,"enemies":"Blue Slaver","floor":5.0,"turns":4.0},{"damage":33.0,"enemies":"Gremlin Nob","floor":8.0,"turns":4.0},{"damage":9.0,"enemies":"3 Louse","floor":9.0,"turns":4.0},{"damage":55.0,"enemies":"Lagavulin","floor":11.0,"turns":6.0},{"damage":13.0,"enemies":"Lots of Slimes","floor":12.0,"turns":5.0},{"damage":12.0,"enemies":"Exordium Wildlife","floor":13.0,"turns":5.0},{"damage":2.0,"enemies":"Blue Slaver","floor":15.0,"turns":4.0},{"damage":2.0,"enemies":"SI_SHIV_ARCHETYPE","floor":16.0,"turns":7.0},{"damage":10.0,"enemies":"Shell Parasite","floor":20.0,"turns":4.0},{"damage":2.0,"enemies":"conspire:FuzzyDice","floor":22.0,"turns":5.0},{"damage":10.0,"enemies":"conspire:HollyBat","floor":23.0,"turns":5.0},{"damage":0.0,"enemies":"Nightmare","floor":25.0,"turns":7.0},{"damage":0.0,"enemies":"Chosen and Byrds","floor":27.0,"turns":4.0},{"damage":0.0,"enemies":"Sentry and Sphere","floor":29.0,"turns":6.0},{"damage":10.0,"enemies":"Snecko","floor":31.0,"turns":4.0},{"damage":5.0,"enemies":"3 Cultists","floor":32.0,"turns":5.0},{"damage":0.0,"enemies":"DF_ARCHETYPE_CLAW","floor":33.0,"turns":7.0},{"damage":0.0,"enemies":"3 Shapes","floor":36.0,"turns":3.0},{"damage":10.0,"enemies":"3 Darklings","floor":37.0,"turns":5.0},{"damage":16.0,"enemies":"4 Shapes","floor":38.0,"turns":5.0},{"damage":25.0,"enemies":"Writhing Mass","floor":40.0,"turns":6.0},{"damage":10.0,"enemies":"Spire Growth","floor":42.0,"turns":4.0},{"damage":6.0,"enemies":"Transient","floor":44.0,"turns":5.0},{"damage":0.0,"enemies":"downfall:FleeingMerchant","floor":45.0,"turns":4.0},{"damage":47.0,"enemies":"Nightmare","floor":46.0,"turns":7.0},{"damage":30.0,"enemies":"4 Shapes","floor":47.0,"turns":4.0},{"damage":0.0,"enemies":"Spire Growth","floor":48.0,"turns":5.0},{"damage":10.0,"enemies":"Jaw Worm Horde","floor":49.0,"turns":4.0},{"damage":11.0,"enemies":"WA_ARCHETYPE_DIVINITY","floor":50.0,"turns":7.0},{"damage":0.0,"enemies":"2 Louse","floor":53.0,"turns":1.0},{"damage":1.0,"enemies":"Small Slimes","floor":54.0,"turns":2.0},{"damage":7.0,"enemies":"conspire:RoseBush","floor":55.0,"turns":2.0},{"damage":0.0,"enemies":"Gremlin Gang","floor":61.0,"turns":1.0},{"damage":0.0,"enemies":"conspire:MimicChest","floor":63.0,"turns":4.0},{"damage":24.0,"enemies":"3 Sentries","floor":64.0,"turns":4.0},{"damage":6.0,"enemies":"downfall:FleeingMerchant","floor":65.0,"turns":3.0},{"damage":0.0,"enemies":"Exordium Wildlife","floor":66.0,"turns":3.0},{"damage":34.0,"enemies":"The Guardian","floor":67.0,"turns":5.0},{"damage":0.0,"enemies":"Shell Parasite","floor":70.0,"turns":3.0},{"damage":0.0,"enemies":"Sentry and Sphere","floor":71.0,"turns":2.0},{"damage":0.0,"enemies":"Slavers","floor":75.0,"turns":1.0},{"damage":0.0,"enemies":"3 Cultists","floor":76.0,"turns":2.0},{"damage":0.0,"enemies":"Snake Plant","floor":78.0,"turns":2.0},{"damage":0.0,"enemies":"Book of Stabbing","floor":79.0,"turns":4.0},{"damage":0.0,"enemies":"Centurion and Healer","floor":82.0,"turns":3.0},{"damage":0.0,"enemies":"Cultist and Chosen","floor":83.0,"turns":2.0},{"damage":5.0,"enemies":"Automaton","floor":84.0,"turns":6.0},{"damage":5,"enemies":"3 Shapes","floor":87,"turns":3},{"damage":0,"enemies":"3 Darklings","floor":89,"turns":3},{"damage":0,"enemies":"Writhing Mass","floor":90,"turns":5},{"damage":0,"enemies":"Reptomancer","floor":92,"turns":4},{"damage":22,"enemies":"Nightmare","floor":93,"turns":7},{"damage":0,"enemies":"4 Shapes","floor":94,"turns":4},{"damage":28,"enemies":"Maw","floor":95,"turns":5},{"damage":41,"enemies":"Jaw Worm Horde","floor":96,"turns":3},{"damage":0,"enemies":"4 Shapes","floor":97,"turns":3},{"damage":0,"enemies":"Spire Growth","floor":100,"turns":4},{"damage":19,"enemies":"Time Eater","floor":101,"turns":6},{"damage":0,"enemies":"Cultist","floor":104,"turns":2},{"damage":0,"enemies":"Jaw Worm","floor":105,"turns":2},{"damage":0,"enemies":"Gremlin Nob","floor":109,"turns":1},{"damage":0,"enemies":"Small Slimes","floor":112,"turns":2},{"damage":0,"enemies":"3 Sentries","floor":113,"turns":3},{"damage":0,"enemies":"Blue Slaver","floor":116,"turns":2},{"damage":0,"enemies":"Exordium Wildlife","floor":117,"turns":2},{"damage":0,"enemies":"The Guardian","floor":118,"turns":3},{"damage":0,"enemies":"theJungle:GiantWrat","floor":121,"turns":3},{"damage":0,"enemies":"theJungle:Flameango_and_Byrd","floor":122,"turns":3},{"damage":0,"enemies":"theJungle:JungleHuntersEncounter","floor":125,"turns":3},{"damage":0,"enemies":"theJungle:Cassacara","floor":126,"turns":3},{"damage":0,"enemies":"Snake Plant","floor":128,"turns":1},{"damage":17,"enemies":"Nightmare","floor":130,"turns":5},{"damage":0,"enemies":"theJungle:2_Snecko_Cultists","floor":131,"turns":2},{"damage":0,"enemies":"theJungle:SlimyTreeVines","floor":132,"turns":3},{"damage":0,"enemies":"theJungle:JungleHuntersEncounter","floor":134,"turns":2},{"damage":69,"enemies":"theJungle:QueenSpyder","floor":135,"turns":4},{"damage":0,"enemies":"Orb Walker","floor":142,"turns":2},{"damage":0,"enemies":"Giant Head","floor":143,"turns":6},{"damage":0,"enemies":"Reptomancer","floor":144,"turns":5},{"damage":0,"enemies":"3 Darklings","floor":146,"turns":2},{"damage":0,"enemies":"Spire Growth","floor":147,"turns":4},{"damage":0,"enemies":"Transient","floor":149,"turns":5},{"damage":0,"enemies":"Giant Head","floor":150,"turns":6},{"damage":0,"enemies":"Jaw Worm Horde","floor":151,"turns":1},{"damage":0,"enemies":"infinitespire:LordOfFortification","floor":152,"turns":11},{"damage":0,"enemies":"ME_ARCHETYPE_MERCHANT","floor":154,"turns":7},{"damage":20,"enemies":"IC_STATUS_ARCHETYPE","floor":157,"turns":18}],"seed_played":"7782364148902798635","potions_obtained":[{"floor":4.0,"key":"Fire Potion"},{"floor":12.0,"key":"Dexterity Potion"},{"floor":13.0,"key":"hexamod:SoulburnPotion"},{"floor":15.0,"key":"hexamod:SoulburnPotion"},{"floor":21.0,"key":"Ancient Potion"},{"floor":21.0,"key":"Explosive Potion"},{"floor":21.0,"key":"SteroidPotion"},{"floor":22.0,"key":"SkillPotion"},{"floor":23.0,"key":"EssenceOfSteel"},{"floor":27.0,"key":"SteroidPotion"},{"floor":29.0,"key":"DuplicationPotion"},{"floor":37.0,"key":"Ancient Potion"},{"floor":42.0,"key":"hexamod:SoulburnPotion"},{"floor":47.0,"key":"Block Potion"},{"floor":48.0,"key":"Energy Potion"},{"floor":54.0,"key":"SkillPotion"},{"floor":61.0,"key":"Block Potion"},{"floor":66.0,"key":"champ:TechniquePotion"},{"floor":67.0,"key":"sneckomod:MuddlingPotion"},{"floor":71.0,"key":"hexamod:SoulburnPotion"},{"floor":84.0,"key":"sneckomod:MuddlingPotion"},{"floor":90,"key":"DistilledChaos"},{"floor":95,"key":"EssenceOfSteel"},{"floor":101,"key":"LiquidMemories"},{"floor":104,"key":"BlessingOfTheForge"},{"floor":109,"key":"AttackPotion"},{"floor":116,"key":"BlessingOfTheForge"},{"floor":117,"key":"hexamod:SoulburnPotion"},{"floor":121,"key":"champ:OpenerPotion"},{"floor":125,"key":"champ:UltimateStancePotion"},{"floor":128,"key":"BlessingOfTheForge"},{"floor":132,"key":"Swift Potion"},{"floor":142,"key":"champ:CounterPotion"},{"floor":144,"key":"Explosive Potion"},{"floor":146,"key":"Fire Potion"},{"floor":151,"key":"CultistPotion"},{"floor":154,"key":"BlessingOfTheForge"}],"is_trial":false,"path_per_floor":["R","M","M","M","M","?","T","E","M","R","E","M","M","?","M","B",null,"R","?","M","?","M","M","T","NM","R","M","?","M","R","M","M","B",null,"R","M","M","M","?","M","T","M","AVR","M","$","NM","M","M","M","B",null,"R","M","M","M","?","?","T","AVR","?","M","?","?","E","$","M","B",null,"R","M","M","?","AVR","?","E","M","?","M","E","?","R","M","M","B",null,"R","M","?","M","M","AVR","E","NM","M","M","M","M","$","?","M","B",null,"R","M","M","AVR","?","R","E","$","?","M","E","$","R","M","M","B",null,"R","M","M","?","?","M","E","AVR","M","R","NM","M","M","$","M","B",null,"R","?","$","?","$","M","E","E","R","M","M","R","M","E","M","B",null,"E","$","R","B"],"character_chosen":"THE_CHAMP","items_purchased":["expansioncontent:StudyTheSpire","Pear","hubris:SlimyHat","champ:HoldFirm+1","champ:ShieldWall","Sundial","TheAbacus","Whetstone","Potion Belt","Lantern","hubris:EvacipatedBox","conspire:Dentures","Medical Kit","Membership Card","Dexterity Potion","DuplicationPotion"],"campfire_rested":0,"item_purchase_floors":[45,45,65,98,98,110,110,110,114,114,133,139,139,155,155,155],"current_hp_per_floor":[99,98,97,92,80,80,80,62,53,63,28,15,3,3,3,3,109,109,82,82,82,80,80,80,80,80,80,80,80,80,80,80,80,109,109,109,109,103,103,88,88,88,88,87,97,60,40,40,40,29,119,119,119,118,116,116,116,116,126,126,126,126,126,102,96,96,87,126,126,126,126,110,117,143,143,143,143,143,143,143,143,143,143,138,143,143,138,130,130,130,137,137,115,115,87,46,46,46,36,36,17,150,150,150,150,150,150,150,150,150,150,150,150,150,150,150,150,150,150,150,150,150,70,70,70,70,70,70,70,68,83,101,82,97,48,150,150,115,115,115,115,130,145,150,150,150,150,150,150,150,150,150,150,150,150,150,130,130,130],"gold":264,"neow_bonus":"TEN_PERCENT_HP_BONUS","is_daily":false,"chose_seed":false,"campfire_upgraded":13,"win_rate":0.0,"timestamp":1611249291,"path_taken":["R","M","M","?","M","?","T","E","M","R","E","M","M","?","M","BOSS","R","?","M","?","M","?","T","NM","R","M","?","M","R","M","M","BOSS","R","M","M","M","?","?","T","M","AVR","M","$","NM","M","M","M","BOSS","R","M","M","M","?","?","T","AVR","?","?","?","?","E","?","M","BOSS","BOSS","R","M","M","?","AVR","?","E","?","?","M","E","?","R","?","M","BOSS","R","M","?","M","M","AVR","E","NM","M","M","M","M","?","?","M","BOSS","R","M","M","AVR","?","R","E","?","?","M","E","$","R","M","M","BOSS","R","M","M","?","?","M","E","AVR","M","R","NM","M","?","?","M","BOSS","R","?","?","?","$","?","E","E","R","M","M","R","M","E","M","BOSS","E","$","R","BOSS"],"items_purchased_type":["Card","Relic","Relic","Card","Card","Relic","Relic","Relic","Relic","Relic","Relic","Relic","Relic","Relic","Potion","Potion"],"build_version":"2020-12-22","purchased_purges":4,"victory":false,"max_hp_per_floor":[99,99,99,99,99,99,99,99,99,109,109,109,109,109,109,109,109,109,109,109,109,109,109,109,109,109,109,109,109,109,109,109,109,109,109,109,109,109,109,109,109,109,109,109,119,119,119,119,119,119,119,119,119,119,119,119,119,119,126,126,126,126,126,126,126,126,126,126,126,126,126,126,133,143,143,143,143,143,143,143,143,143,143,143,143,143,143,143,143,143,150,150,150,150,150,150,150,150,150,150,150,150,150,150,150,150,150,150,150,150,150,150,150,150,150,150,150,150,150,150,150,150,150,150,150,150,150,150,150,150,150,150,150,150,150,150,150,150,150,150,150,150,150,150,150,150,150,150,150,150,150,150,150,150,150,150,150,150,150],"card_choices":[{"not_picked":["champ:BringItOn","champ:Backstep"],"picked":"champ:FancyFootwork","floor":2.0},{"not_picked":["champ:RecklessLeap","champ:CrownThrow"],"picked":"champ:BringItOn","floor":3.0},{"not_picked":["champ:CrownThrow","champ:FlashCut"],"picked":"champ:GladiatorForm","floor":4.0},{"not_picked":["champ:BringItOn","champ:Encircle"],"picked":"champ:FlashCut","floor":5.0},{"not_picked":["champ:DefensiveShout","champ:FocusedBerserking"],"picked":"champ:Parry","floor":8.0},{"not_picked":["champ:CrownThrow","champ:HeartStrike"],"picked":"champ:PreciseThrust","floor":9.0},{"not_picked":["champ:DefensiveShout","champ:SetATrap"],"picked":"champ:ShieldWall","floor":11.0},{"not_picked":["champ:BladeFlurry","champ:FancyFootwork"],"picked":"champ:Backstep","floor":12.0},{"not_picked":["champ:DeathBlow","champ:RisingSlash","champ:EnGarde"],"picked":"SKIP","floor":13.0},{"not_picked":["champ:HeartStrike","champ:TornadoPunch"],"picked":"champ:FlashCut","floor":15.0},{"not_picked":["champ:SwordThrow","champ:UltimateStance"],"picked":"champ:Improvising","floor":16.0},{"not_picked":["infinitespire:TheBestDefense","infinitespire:Oblivion"],"picked":"infinitespire:NeuralNetwork","floor":19.0},{"not_picked":["champ:GladiatorStyle","champ:BladeFlurry","champ:AdrenalArmor"],"picked":"SKIP","floor":20.0},{"not_picked":["champ:UltimateStance","champ:Haymaker+1"],"picked":"champ:Circumvent+1","floor":22.0},{"not_picked":["champ:Shatter+1","champ:EndlessRage","champ:BerserkersShout"],"picked":"SKIP","floor":23.0},{"not_picked":["champ:CalledShot","champ:Backstep","champ:GutPunch+1"],"picked":"SKIP","floor":25.0},{"not_picked":["champ:GutPunch","champ:Haymaker"],"picked":"champ:FlashCut","floor":27.0},{"not_picked":["champ:BladeFlurry","champ:AdrenalArmor+1","champ:EnGarde"],"picked":"SKIP","floor":29.0},{"not_picked":["champ:FanOfKnives+1","champ:BerserkersShout"],"picked":"champ:Improvising","floor":31.0},{"not_picked":["champ:Backstep+1","champ:EnGarde+1"],"picked":"champ:FocusedDefense","floor":32.0},{"not_picked":["champ:HeavySlash","champ:LastStand"],"picked":"champ:ShieldThrow","floor":33.0},{"not_picked":["champ:RapidStrikes","champ:CalledShot+1"],"picked":"champ:DefensiveShout+1","floor":36.0},{"not_picked":["champ:TornadoPunch","champ:Lariat"],"picked":"champ:Endure+1","floor":37.0},{"not_picked":["champ:AdrenalArmor+1","champ:FocusedBerserking"],"picked":"champ:UltimateStance","floor":38.0},{"not_picked":["champ:Shatter","champ:ShieldSlam"],"picked":"champ:IronFortress+1","floor":40.0},{"not_picked":["champ:Circumvent","champ:DefensiveShout+1","champ:BringItOn+1"],"picked":"SKIP","floor":42.0},{"not_picked":["champ:FocusedBerserking","champ:Duel+1","champ:PerfectedStrike"],"picked":"SKIP","floor":44.0},{"not_picked":["champ:CrownThrow","champ:FanOfKnives+1","champ:RecklessLeap"],"picked":"SKIP","floor":45.0},{"not_picked":["champ:BladeFlurry+1","champ:AdrenalArmor"],"picked":"champ:StrikeOfGenius","floor":46.0},{"not_picked":["champ:EnGarde","champ:PerfectedStrike","champ:EnragedBash+1"],"picked":"SKIP","floor":47.0},{"not_picked":["champ:Haymaker+1","champ:EnGarde"],"picked":"champ:SkillfulDodge","floor":48.0},{"not_picked":["champ:EnGarde","champ:PreciseThrust","champ:PerfectedStrike+1"],"picked":"SKIP","floor":49.0},{"not_picked":["champ:Haymaker","champ:CalledShot","champ:FancyFootwork"],"picked":"SKIP","floor":53.0},{"not_picked":["champ:FancyFootwork","champ:GutPunch","champ:BringItOn"],"picked":"SKIP","floor":54.0},{"not_picked":["champ:StanceDance","champ:Devastate"],"picked":"champ:FocusedDefense","floor":55.0},{"not_picked":["champ:StanceDance+1","champ:GutPunch"],"picked":"champ:SkillfulDodge+1","floor":61.0},{"not_picked":["champ:CrookedStrike","champ:Encircle","champ:Circumvent+1"],"picked":"SKIP","floor":64.0},{"not_picked":["champ:CrookedStrike","champ:Encircle","champ:Circumvent+1"],"picked":"SKIP","floor":64.0},{"not_picked":["champ:CalledShot+1","champ:EndlessRage"],"picked":"champ:Endure+1","floor":65.0},{"not_picked":["champ:CrookedStrike","champ:Shatter","champ:BerserkersShout+1"],"picked":"SKIP","floor":66.0},{"not_picked":["champ:SteelEdge","champ:Improvising"],"picked":"champ:HoldFirm+1","floor":67.0},{"not_picked":["infinitespire:Punishment","hubris:Rewind"],"picked":"infinitespire:SevenWalls","floor":67.0},{"not_picked":["champ:DefensiveShout+1"],"picked":"SKIP","floor":70.0},{"not_picked":["champ:Haymaker"],"picked":"SKIP","floor":71.0},{"not_picked":["champ:CrownThrow"],"picked":"SKIP","floor":75.0},{"not_picked":["champ:CheapShot"],"picked":"SKIP","floor":76.0},{"not_picked":[],"picked":"champ:PreemptiveStrike","floor":78.0},{"not_picked":["champ:Backstep+1"],"picked":"SKIP","floor":79.0},{"not_picked":["champ:BladeFlurry"],"picked":"SKIP","floor":82.0},{"not_picked":["champ:Lariat+1"],"picked":"SKIP","floor":83.0},{"not_picked":["champ:Shatter+1"],"picked":"SKIP","floor":87},{"not_picked":["champ:EnGarde+1"],"picked":"SKIP","floor":89},{"not_picked":["champ:CrownThrow"],"picked":"SKIP","floor":90},{"not_picked":["champ:SteelEdge"],"picked":"SKIP","floor":92},{"not_picked":["champ:SteelEdge"],"picked":"SKIP","floor":92},{"not_picked":["champ:TornadoPunch"],"picked":"SKIP","floor":93},{"not_picked":["champ:TornadoPunch"],"picked":"SKIP","floor":93},{"not_picked":["champ:DeathBlow"],"picked":"SKIP","floor":94},{"not_picked":["champ:AdrenalArmor+1"],"picked":"SKIP","floor":95},{"not_picked":["champ:HeartStrike"],"picked":"SKIP","floor":96},{"not_picked":[],"picked":"champ:FocusedDefense+1","floor":97},{"not_picked":[],"picked":"expansioncontent:AwakenDeath","floor":99},{"not_picked":[],"picked":"expansioncontent:Hexaburn","floor":99},{"not_picked":["champ:PreciseThrust"],"picked":"SKIP","floor":100},{"not_picked":["champ:BringItOn+1"],"picked":"SKIP","floor":104},{"not_picked":["champ:AdrenalArmor+1"],"picked":"SKIP","floor":105},{"not_picked":["champ:Backstep+1"],"picked":"SKIP","floor":109},{"not_picked":["champ:Backstep+1"],"picked":"SKIP","floor":112},{"not_picked":["champ:GutPunch"],"picked":"SKIP","floor":113},{"not_picked":["champ:EndlessRage"],"picked":"SKIP","floor":116},{"not_picked":["champ:EndlessRage"],"picked":"SKIP","floor":117},{"not_picked":[],"picked":"champ:Improvising","floor":118},{"not_picked":[],"picked":"champ:IronFortress+1","floor":121},{"not_picked":["champ:FalseCounter+1"],"picked":"SKIP","floor":122},{"not_picked":["champ:BladeFlurry"],"picked":"SKIP","floor":125},{"not_picked":["champ:HeartStrike+1"],"picked":"SKIP","floor":126},{"not_picked":[],"picked":"champ:ShieldWall","floor":128},{"not_picked":["infinitespire:Oblivion","infinitespire:Punishment"],"picked":"infinitespire:Execution","floor":130},{"not_picked":["champ:BringItOn+1"],"picked":"SKIP","floor":130},{"not_picked":["champ:AdrenalArmor+1"],"picked":"SKIP","floor":131},{"not_picked":["champ:FalseCounter+1"],"picked":"SKIP","floor":132},{"not_picked":[],"picked":"champ:SetATrap+1","floor":134},{"not_picked":[],"picked":"champ:Improvising","floor":135},{"not_picked":["champ:TornadoPunch+1"],"picked":"SKIP","floor":142},{"not_picked":["champ:DancingMaster"],"picked":"SKIP","floor":143},{"not_picked":[],"picked":"champ:HoldFirm+1","floor":144},{"not_picked":["champ:StanceDance+1"],"picked":"SKIP","floor":146},{"not_picked":["champ:CrownThrow+1"],"picked":"SKIP","floor":147},{"not_picked":["champ:Haymaker+1"],"picked":"SKIP","floor":149},{"not_picked":["champ:GutPunch+1"],"picked":"SKIP","floor":150},{"not_picked":["champ:CrownThrow"],"picked":"SKIP","floor":151},{"not_picked":["champ:PreemptiveStrike"],"picked":"SKIP","floor":154}],"player_experience":175693,"relics_obtained":[{"floor":8.0,"key":"CaptainsWheel"},{"floor":11.0,"key":"infinitespire:PuzzleCube"},{"floor":24.0,"key":"Lizard Tail"},{"floor":25.0,"key":"infinitespire:Beetle Shell"},{"floor":41.0,"key":"aspiration:Lifesprig"},{"floor":46.0,"key":"Bronze Scales"},{"floor":58.0,"key":"Happy Flower"},{"floor":63.0,"key":"Shuriken"},{"floor":72.0,"key":"Enchiridion"},{"floor":129,"key":"Nunchaku"},{"floor":137,"key":"infinitespire:Satchel"},{"floor":145,"key":"Regal Pillow"},{"floor":148,"key":"conspire:InfiniteJournal"},{"floor":156,"key":"infinitespire:EmpoweringShard"}],"event_choices":[{"damage_healed":0.0,"max_hp_gain":0.0,"max_hp_loss":0.0,"gold_gain":0.0,"event_name":"Lab","player_choice":"Got Potions","floor":21.0,"gold_loss":0.0,"damage_taken":0.0},{"damage_healed":0.0,"max_hp_gain":0.0,"max_hp_loss":0.0,"gold_gain":0.0,"event_name":"Drug Dealer","player_choice":"Inject Mutagens","floor":28.0,"gold_loss":0.0,"damage_taken":0.0,"relics_obtained":["MutagenicStrength"]},{"damage_healed":0.0,"max_hp_gain":0.0,"max_hp_loss":0.0,"gold_gain":0.0,"event_name":"NoteForYourself","player_choice":"Ignored","floor":39.0,"gold_loss":0.0,"damage_taken":0.0},{"damage_healed":0.0,"max_hp_gain":0.0,"max_hp_loss":0.0,"gold_gain":0.0,"event_name":"conspire:Investor","player_choice":"Leave","floor":62.0,"gold_loss":0.0,"damage_taken":0.0},{"cards_removed":["champ:UltimateStance"],"damage_healed":16.0,"max_hp_gain":10.0,"max_hp_loss":0.0,"gold_gain":0.0,"event_name":"Bonfire Elementals","player_choice":"Offered Rare","floor":74.0,"gold_loss":0.0,"damage_taken":0.0},{"damage_healed":0,"gold_gain":0,"player_choice":"Full Heal","damage_taken":0,"max_hp_gain":0,"max_hp_loss":0,"event_name":"Wheel of Change","floor":107,"gold_loss":0},{"damage_healed":0,"gold_gain":0,"player_choice":"Ignored","damage_taken":0,"max_hp_gain":0,"max_hp_loss":0,"event_name":"NoteForYourself","floor":124,"gold_loss":0}],"is_beta":false,"boss_relics":[{"not_picked":["aspiration:DefectSkillbook","conspire:SpecialSausage"],"picked":"aspiration:FutureDiary"},{"not_picked":["Cursed Key","hubris:GrandSneckoEye"],"picked":"Runic Pyramid"},{"not_picked":["conspire:SeveredTorchhead","hubris:Backtick"],"picked":"hubris:ScarierMask"},{"not_picked":["Empty Cage","hubris:TerracottaHorce"],"picked":"Busted Crown"},{"not_picked":["hubris:VirtuousBlindfold","aspiration:DefectSkillbook"],"picked":"SlaversCollar"},{"not_picked":["hubris:CrackedHourglass","hubris:Backtick"],"picked":"Coffee Dripper"},{"not_picked":["hubris:Backtick","aspiration:SecretTechniqueScroll"],"picked":"aspiration:PoetsPen_weak"},{"not_picked":["aspiration:RitualDagger","Black Star","aspiration:WatcherSkillbook"],"picked":"SacredBark"},{"not_picked":["hubris:BlackHole","hubris:TerracottaHorce","Cursed Key"],"picked":"expansioncontent:StudyCardRelic"}],"items_purged_floors":[43,59,65,73],"is_endless":true,"potions_floor_spawned":[4,12,13,15,22,23,27,29,37,42,47,48,54,61,66,67,70,71,84,90,92,95,96,101,104,109,113,116,117,121,125,128,132,142,144,146,151,154],"killed_by":"IC_STATUS_ARCHETYPE","ascension_level":0}}