{"host":"qrt7o4dq2qslzw13","time":1611234928,"event":{"mods":["AchievementEnabler","BaseMod","Colored Map","Colored Powertips","Minty Spire (QoL Compilation)","Quick Restart","StSLib","SuperFastMode"],"gold_per_floor":[113,113,113,127,127,127,151,151,151,190,213,248,273,288,288,414,414,435,22,45,60,85,85,85,85,85,119,134,56,77,102,102,102,102],"floor_reached":33,"language":"ENG","playtime":845,"items_purged":[],"score":331,"play_id":"d3ea4811-1e09-4eeb-864d-0b71f2eac685","local_time":"20210121081528","is_ascension_mode":false,"campfire_choices":[{"data":"Eruption","floor":6.0,"key":"SMITH"},{"data":"Conclude","floor":8.0,"key":"SMITH"},{"floor":15.0,"key":"REST"},{"floor":23.0,"key":"REST"},{"floor":25.0,"key":"REST"},{"floor":32.0,"key":"REST"}],"circlet_count":0,"master_deck":["Strike_P","Strike_P","Strike_P","Strike_P+1","Defend_P","Defend_P","Defend_P+1","Defend_P+1","Eruption+1","Vigilance","ForeignInfluence+1","Injury","SandsOfTime","Pain","Conclude+1","Protect","Sanctity","TalkToTheHand","WaveOfTheHand","DevaForm","Establishment","Meditate+1","Adaptation","WindmillStrike","ThirdEye","FlyingSleeves","JustLucky","Wallop","Good Instincts","Deep Breath","Jack Of All Trades","Mind Blast","Purity","WheelKick+1","ClearTheMind","Pray","Collect+1","Crescendo"],"relics":["PureWater","NeowsBlessing","Golden Idol","WarpedTongs","Yang","Blue Candle","War Paint","SacredBark","White Beast Statue","Gremlin Horn","Calipers"],"acts_visited":["Exordium","TheCity"],"potions_floor_usage":[33,33],"damage_taken":[{"damage":0.0,"enemies":"Jaw Worm","floor":1.0,"turns":1.0},{"damage":0.0,"enemies":"Small Slimes","floor":4.0,"turns":1.0},{"damage":0.0,"enemies":"Cultist","floor":7.0,"turns":1.0},{"damage":8.0,"enemies":"3 Sentries","floor":10.0,"turns":4.0},{"damage":1.0,"enemies":"Looter","floor":11.0,"turns":3.0},{"damage":8.0,"enemies":"Lagavulin","floor":12.0,"turns":4.0},{"damage":8.0,"enemies":"Exordium Thugs","floor":13.0,"turns":3.0},{"damage":1.0,"enemies":"Red Slaver","floor":14.0,"turns":4.0},{"damage":31.0,"enemies":"The Guardian","floor":16.0,"turns":6.0},{"damage":24.0,"enemies":"Shell Parasite","floor":18.0,"turns":5.0},{"damage":11.0,"enemies":"Spheric Guardian","floor":20.0,"turns":4.0},{"damage":24.0,"enemies":"Shelled Parasite and Fungi","floor":21.0,"turns":4.0},{"damage":9.0,"enemies":"Centurion and Healer","floor":22.0,"turns":4.0},{"damage":10.0,"enemies":"Gremlin Leader","floor":27.0,"turns":6.0},{"damage":3.0,"enemies":"Sentry and Sphere","floor":28.0,"turns":2.0},{"damage":3.0,"enemies":"Cultist and Chosen","floor":30.0,"turns":5.0},{"damage":4.0,"enemies":"Snecko","floor":31.0,"turns":4.0},{"damage":39,"enemies":"Champ","floor":33,"turns":4}],"seed_played":"9089943650857307569","potions_obtained":[{"floor":1.0,"key":"PowerPotion"},{"floor":7.0,"key":"EntropicBrew"},{"floor":11.0,"key":"LiquidBronze"},{"floor":13.0,"key":"AttackPotion"},{"floor":20.0,"key":"EssenceOfSteel"},{"floor":21.0,"key":"Regen Potion"},{"floor":22.0,"key":"SteroidPotion"},{"floor":27.0,"key":"Fire Potion"},{"floor":28.0,"key":"SteroidPotion"},{"floor":30.0,"key":"StancePotion"}],"is_trial":false,"path_per_floor":["M","?","?","M","?","R","M","R","T","E","M","E","M","M","R","B",null,"M","$","M","M","M","R","?","R","T","E","M","$","M","M","R","B"],"character_chosen":"WATCHER","items_purchased":["Adaptation","WindmillStrike","White Beast Statue","ThirdEye","Pray"],"campfire_rested":4,"item_purchase_floors":[19,19,19,19,29],"current_hp_per_floor":[72,72,58,58,58,58,58,58,58,50,49,41,33,32,53,22,72,48,48,37,13,31,52,6,27,27,17,14,14,11,7,28,0,0],"gold":102,"neow_bonus":"THREE_ENEMY_KILL","is_daily":false,"chose_seed":false,"campfire_upgraded":2,"win_rate":0.0,"timestamp":1611234928,"path_taken":["M","?","?","M","?","R","M","R","T","E","M","E","M","M","R","BOSS","M","$","?","M","M","R","?","R","T","E","M","?","M","?","R","BOSS"],"items_purchased_type":["Card","Card","Relic","Card","Card"],"build_version":"2020-12-22","purchased_purges":0,"victory":false,"max_hp_per_floor":[72,72,72,72,72,72,72,72,72,72,72,72,72,72,72,72,72,72,72,72,72,72,72,72,72,72,72,72,72,72,72,72,72,72],"card_choices":[{"not_picked":["ClearTheMind","FollowUp"],"picked":"ForeignInfluence","floor":1.0},{"not_picked":["ThirdEye","Halt"],"picked":"SandsOfTime","floor":4.0},{"not_picked":["CarveReality","BowlingBash"],"picked":"Conclude","floor":7.0},{"not_picked":["EmptyBody","SashWhip"],"picked":"Protect","floor":10.0},{"not_picked":["CutThroughFate","PathToVictory"],"picked":"Sanctity","floor":11.0},{"not_picked":["DeceiveReality","FlurryOfBlows"],"picked":"TalkToTheHand","floor":12.0},{"not_picked":["Protect","BowlingBash"],"picked":"WaveOfTheHand","floor":13.0},{"not_picked":["ThirdEye","Consecrate"],"picked":"DevaForm","floor":14.0},{"not_picked":["SpiritShield","MasterReality"],"picked":"Establishment","floor":16.0},{"not_picked":["CutThroughFate","ClearTheMind"],"picked":"Meditate+1","floor":18.0},{"not_picked":["WheelKick","Nirvana"],"picked":"FlyingSleeves","floor":20.0},{"not_picked":["Evaluate+1","SashWhip"],"picked":"JustLucky","floor":21.0},{"not_picked":["EmptyFist","CarveReality"],"picked":"Wallop","floor":22.0},{"not_picked":["Evaluate","JustLucky"],"picked":"WheelKick+1","floor":27.0},{"not_picked":["JustLucky","Meditate"],"picked":"ClearTheMind","floor":28.0},{"not_picked":["Worship+1","FlurryOfBlows"],"picked":"Collect+1","floor":30.0},{"not_picked":["DeceiveReality","ThirdEye"],"picked":"Crescendo","floor":31.0}],"player_experience":573173,"relics_obtained":[{"floor":9.0,"key":"Yang"},{"floor":10.0,"key":"Blue Candle"},{"floor":12.0,"key":"War Paint"},{"floor":26.0,"key":"Gremlin Horn"},{"floor":27.0,"key":"Calipers"}],"event_choices":[{"damage_healed":0.0,"max_hp_gain":0.0,"max_hp_loss":0.0,"gold_gain":0.0,"event_name":"Golden Idol","player_choice":"Take Wound","floor":2.0,"gold_loss":0.0,"damage_taken":0.0,"relics_obtained":["Golden Idol"],"cards_obtained":["Injury"]},{"damage_healed":0.0,"max_hp_gain":0.0,"max_hp_loss":0.0,"gold_gain":0.0,"event_name":"Shining Light","player_choice":"Entered Light","floor":3.0,"gold_loss":0.0,"damage_taken":14.0,"cards_upgraded":["Strike_P","ForeignInfluence"]},{"damage_healed":0.0,"max_hp_gain":0.0,"max_hp_loss":0.0,"gold_gain":0.0,"event_name":"Accursed Blacksmith","player_choice":"Rummage","floor":5.0,"gold_loss":0.0,"damage_taken":0.0,"relics_obtained":["WarpedTongs"],"cards_obtained":["Pain"]},{"damage_healed":0.0,"max_hp_gain":0.0,"max_hp_loss":0.0,"gold_gain":0.0,"event_name":"Knowing Skull","player_choice":"CARD CARD CARD CARD CARD ","floor":24.0,"potions_obtained":[],"gold_loss":0.0,"damage_taken":46.0,"cards_obtained":["Good Instincts","Deep Breath","Jack Of All Trades","Mind Blast","Purity"]}],"is_beta":false,"boss_relics":[{"not_picked":["Coffee Dripper","Fusion Hammer"],"picked":"SacredBark"}],"items_purged_floors":[],"is_endless":false,"potions_floor_spawned":[1,7,11,13,20,21,22,27,28,30,31],"killed_by":"Champ","ascension_level":0}}