{"host":"2lvuisjyit3p3u01","time":1611253301,"event":{"mods":["Act Like it!","BaseMod","Bestiary","Better Synergies","CapriCore","Colored Map","Colored Powertips","Duelist Mod","GifTheSpireLib","Minty Spire (QoL Compilation)","Quick Restart","Replay The Spire","StSLib"],"gold_per_floor":[394,394,63,163,178,178,197,197,272,272,299,68,68,133,133,236,286,298,315,325,152,166,166,193,118,118,136,146,160,160,160,160,257,257,275,365,39,39,39,39,92,92,92,112,112,178,210,228,228,228],"floor_reached":51,"language":"ENG","playtime":2818,"items_purged":["theDuelist:CastleWalls","theDuelist:GravekeeperCurse","theDuelist:VampireCurse"],"score":920,"play_id":"2e3320a2-561b-4ba3-a1bd-6fcb6f8130b8","local_time":"20210121202141","is_ascension_mode":false,"campfire_choices":[{"data":"theDuelist:GravityLash","floor":6,"key":"SMITH"},{"data":"theDuelist:Mountain","floor":8,"key":"SMITH"},{"data":"theDuelist:YamataDragon","floor":10,"key":"SMITH"},{"data":"theDuelist:GenesisDragon","floor":15,"key":"SMITH"},{"data":"theDuelist:TyrantWing","floor":23,"key":"SMITH"},{"floor":30,"key":"REST"},{"data":"theDuelist:StardustDragon","floor":32,"key":"SMITH"},{"data":"theDuelist:DragonMastery","floor":40,"key":"SMITH"},{"data":"theDuelist:WingedDragonRa","floor":45,"key":"SMITH"},{"data":"theDuelist:CastleDragonSouls","floor":49,"key":"SMITH"}],"circlet_count":0,"master_deck":["theDuelist:BabyDragon+1","theDuelist:CaveDragon","theDuelist:CaveDragon","theDuelist:GoldenSparks","theDuelist:LesserDragon","theDuelist:LesserDragon","theDuelist:Sparks","theDuelist:YamataDragon+1","theDuelist:EvilMind+1","theDuelist:Mountain+1","theDuelist:GravityLash+1","theDuelist:WingedDragonRa+1","theDuelist:GenesisDragon+1","theDuelist:WaterDragon","theDuelist:GenesisDragon+1","theDuelist:ThunderDragon","theDuelist:GenesisDragon+1","theDuelist:GenesisDragon+1","theDuelist:TyrantWing+1","theDuelist:GenesisDragon+1","theDuelist:StardustDragon+1","theDuelist:GenesisDragon+1","theDuelist:GenesisDragon+1","theDuelist:GenesisDragon+1","theDuelist:GenesisDragon+1","theDuelist:GenesisDragon+1","theDuelist:GenesisDragon+1","theDuelist:GenesisDragon+1","theDuelist:BlizzardDragon+1","theDuelist:GenesisDragon+1","theDuelist:GenesisDragon+1","theDuelist:GenesisDragon+1","theDuelist:GenesisDragon+1","Finesse","theDuelist:GenesisDragon+1","theDuelist:GenesisDragon+1","theDuelist:GenesisDragon+1","theDuelist:GenesisDragon+1","theDuelist:GenesisDragon+1","theDuelist:GenesisDragon+1","theDuelist:DragonMastery+1","theDuelist:GenesisDragon+1","theDuelist:GenesisDragon+1","theDuelist:GenesisDragon+1","theDuelist:GenesisDragon+1","theDuelist:GenesisDragon+1","theDuelist:GenesisDragon+1","theDuelist:GenesisDragon+1","theDuelist:GenesisDragon+1","Shame","theDuelist:GenesisDragon+1","theDuelist:GenesisDragon+1","theDuelist:GenesisDragon+1","theDuelist:GenesisDragon+1","theDuelist:GenesisDragon+1","theDuelist:GenesisDragon+1","theDuelist:GenesisDragon+1","theDuelist:GenesisDragon+1","theDuelist:GenesisDragon+1","theDuelist:GenesisDragon+1","Decay","theDuelist:GenesisDragon+1","theDuelist:GenesisDragon+1","theDuelist:GenesisDragon+1","theDuelist:GenesisDragon+1","theDuelist:GenesisDragon+1","theDuelist:GenesisDragon+1","theDuelist:GenesisDragon+1","theDuelist:GenesisDragon+1","theDuelist:GenesisDragon+1","theDuelist:GenesisDragon+1","theDuelist:GenesisDragon+1","theDuelist:GenesisDragon+1","theDuelist:GenesisDragon+1","theDuelist:GenesisDragon+1","theDuelist:GenesisDragon+1","theDuelist:GenesisDragon+1","theDuelist:GenesisDragon+1","theDuelist:GenesisDragon+1","theDuelist:GenesisDragon+1","theDuelist:GenesisDragon+1","theDuelist:GenesisDragon+1","theDuelist:GenesisDragon+1","theDuelist:GenesisDragon+1","theDuelist:GenesisDragon+1","theDuelist:GenesisDragon+1","theDuelist:GenesisDragon+1","theDuelist:GenesisDragon+1","theDuelist:GenesisDragon+1","theDuelist:GenesisDragon+1","theDuelist:GenesisDragon+1","theDuelist:GenesisDragon+1","theDuelist:GenesisDragon+1","theDuelist:GenesisDragon+1","theDuelist:GenesisDragon+1","theDuelist:GenesisDragon+1","theDuelist:GenesisDragon+1","theDuelist:GenesisDragon+1","theDuelist:GenesisDragon+1","theDuelist:GenesisDragon+1","theDuelist:GenesisDragon+1","theDuelist:GenesisDragon+1","theDuelist:GenesisDragon+1","theDuelist:GenesisDragon+1","theDuelist:GenesisDragon+1","theDuelist:GenesisDragon+1","theDuelist:GenesisDragon+1","theDuelist:GenesisDragon+1","theDuelist:GenesisDragon+1","theDuelist:GenesisDragon+1","theDuelist:GenesisDragon+1","theDuelist:GenesisDragon+1","theDuelist:GenesisDragon+1","theDuelist:GenesisDragon+1","theDuelist:GenesisDragon+1","theDuelist:GenesisDragon+1","theDuelist:GenesisDragon+1","theDuelist:GenesisDragon+1","theDuelist:GenesisDragon+1","theDuelist:GenesisDragon+1","theDuelist:GenesisDragon+1","theDuelist:GenesisDragon+1","theDuelist:GenesisDragon+1","theDuelist:GenesisDragon+1","theDuelist:GenesisDragon+1","theDuelist:GenesisDragon+1","theDuelist:GenesisDragon+1","theDuelist:GenesisDragon+1","theDuelist:GenesisDragon+1","theDuelist:GenesisDragon+1","theDuelist:GenesisDragon+1","theDuelist:GenesisDragon+1","theDuelist:GenesisDragon+1","theDuelist:GenesisDragon+1","theDuelist:GenesisDragon+1","theDuelist:CastleDragonSouls+1","theDuelist:GenesisDragon+1","theDuelist:GenesisDragon+1","theDuelist:GenesisDragon+1","theDuelist:GenesisDragon+1","theDuelist:GenesisDragon+1","theDuelist:GenesisDragon+1","theDuelist:GenesisDragon+1","theDuelist:GenesisDragon+1","theDuelist:GenesisDragon+1","theDuelist:GenesisDragon+1","theDuelist:GenesisDragon+1","theDuelist:GenesisDragon+1","theDuelist:GenesisDragon+1","theDuelist:GenesisDragon+1","theDuelist:GenesisDragon+1","theDuelist:GenesisDragon+1","theDuelist:GenesisDragon+1","theDuelist:GenesisDragon+1","theDuelist:GenesisDragon+1","theDuelist:GenesisDragon+1","theDuelist:GenesisDragon+1","theDuelist:GenesisDragon+1","theDuelist:GenesisDragon+1","theDuelist:GenesisDragon+1","theDuelist:GenesisDragon+1","theDuelist:GenesisDragon+1","theDuelist:GenesisDragon+1","theDuelist:GenesisDragon+1","theDuelist:GenesisDragon+1","theDuelist:GenesisDragon+1","theDuelist:GenesisDragon+1","theDuelist:GenesisDragon+1","theDuelist:GenesisDragon+1","theDuelist:GenesisDragon+1"],"relics":["theDuelist:MillenniumPuzzle","theDuelist:CardPoolRelic","theDuelist:CardPoolBasicRelic","theDuelist:BoosterPackPoolRelic","theDuelist:CardPoolAddRelic","theDuelist:CardPoolMinusRelic","theDuelist:CardPoolSaveRelic","theDuelist:CardPoolOptionsRelic","Bottled Flame","Mercury Hourglass","Orichalcum","theDuelist:DuelistOrichalcum","Tiny House","ReplayTheSpireMod:CursedCoin","Replay:Rubber Ducky","theDuelist:SummonAnchor","theDuelist:GoldenScale","theDuelist:MillenniumScale","Cursed Key","Nunchaku","theDuelist:DuelistTeaSet","theDuelist:DragonRelicB","Du-Vu Doll","Bottled Tornado","Pet Ghost"],"acts_visited":["Exordium","TheCity","TheBeyond"],"potions_floor_usage":[16,27,33,33,47,50],"damage_taken":[{"damage":0,"enemies":"Jaw Worm","floor":1,"turns":2},{"damage":0,"enemies":"Cultist","floor":5,"turns":3},{"damage":0,"enemies":"2 Louse","floor":7,"turns":1},{"damage":13,"enemies":"Lagavulin","floor":11,"turns":4},{"damage":0,"enemies":"Blue Slaver","floor":14,"turns":1},{"damage":0,"enemies":"Slime Boss","floor":16,"turns":6},{"damage":15,"enemies":"2 Thieves","floor":18,"turns":3},{"damage":0,"enemies":"Spheric Guardian","floor":19,"turns":1},{"damage":0,"enemies":"Snake Plant","floor":20,"turns":2},{"damage":6,"enemies":"Cultist and Chosen","floor":22,"turns":4},{"damage":0,"enemies":"theDuelist:KaibaA2","floor":24,"turns":2},{"damage":12,"enemies":"Centurion and Healer","floor":27,"turns":3},{"damage":12,"enemies":"Snake Plant","floor":28,"turns":2},{"damage":0,"enemies":"Chosen and Byrds","floor":29,"turns":3},{"damage":7,"enemies":"Champ","floor":33,"turns":4},{"damage":0,"enemies":"3 Darklings","floor":35,"turns":3},{"damage":8,"enemies":"2 Orb Walkers","floor":41,"turns":2},{"damage":0,"enemies":"3 Shapes","floor":44,"turns":2},{"damage":0,"enemies":"Sphere and 2 Shapes","floor":46,"turns":3},{"damage":0,"enemies":"R_Hoarder","floor":47,"turns":2},{"damage":4,"enemies":"Writhing Mass","floor":48,"turns":2},{"damage":5,"enemies":"Time Eater","floor":50,"turns":4}],"seed_played":"567742155090216156","potions_obtained":[{"floor":11,"key":"theDuelist:BabyPotion"},{"floor":16,"key":"theDuelist:TokenPotionB"},{"floor":17,"key":"SmokeBomb"},{"floor":18,"key":"Reflective Coating"},{"floor":27,"key":"SneckoOil"},{"floor":35,"key":"theDuelist:TokenPotion"},{"floor":41,"key":"theDuelist:BabyPotion"},{"floor":47,"key":"theDuelist:DebuffArmorPotion"}],"is_trial":false,"path_per_floor":["M","?","$","?","M","R","M","R","T","R","E","$","?","M","R","B",null,"M","M","M","$","M","R","E","?","T","M","M","M","R","?","R","B",null,"M","?","$","?","?","R","?","?","T","M","R","M","E","M","R","B",null],"character_chosen":"THE_DUELIST","items_purchased":["Bottled Flame","theDuelist:Mountain","theDuelist:DuelistOrichalcum","ReplayTheSpireMod:CursedCoin","Replay:Rubber Ducky","theDuelist:TyrantWing","theDuelist:DuelistTeaSet","theDuelist:LavaBottle"],"campfire_rested":1,"item_purchase_floors":[3,3,12,21,21,21,37,37],"current_hp_per_floor":[72,72,72,72,72,72,72,72,72,72,59,59,59,59,59,59,77,62,62,62,62,56,56,56,56,56,54,42,42,68,68,68,61,87,87,87,87,81,81,81,73,73,73,73,73,73,73,69,69,64],"gold":228,"neow_bonus":"TWO_FIFTY_GOLD","is_daily":false,"chose_seed":false,"campfire_upgraded":9,"win_rate":0.0,"timestamp":1611253301,"path_taken":["M","?","$","?","?","R","M","R","T","R","E","$","?","M","R","BOSS","M","M","M","$","M","R","E","?","T","M","M","M","R","?","R","BOSS","M","?","$","?","?","R","?","?","T","M","R","M","E","?","R","BOSS"],"items_purchased_type":["Relic","Card","Relic","Relic","Relic","Card","Relic","Potion"],"build_version":"2020-12-22","purchased_purges":3,"victory":true,"max_hp_per_floor":[72,72,72,72,72,72,72,72,72,72,72,72,72,72,72,72,77,77,77,77,77,77,77,77,77,77,87,87,87,87,87,87,87,87,87,87,87,87,87,87,87,87,87,87,87,87,87,87,87,87],"card_choices":[{"not_picked":["theDuelist:DreadnoughtDreadnoid","theDuelist:DarkDriceratops","theDuelist:VeilDarkness","theDuelist:BlackBrutdrago"],"picked":"theDuelist:EvilMind","floor":1},{"not_picked":["theDuelist:SeismicShockwave","theDuelist:OceanDragonLord","theDuelist:BlueDuston","theDuelist:BerserkScales"],"picked":"theDuelist:GravityLash","floor":5},{"not_picked":["theDuelist:StampingDestruction","theDuelist:Earthquake","theDuelist:FangCritias","theDuelist:Dracocension","theDuelist:ArtifactIgnition"],"picked":"SKIP","floor":7},{"not_picked":["theDuelist:LostWorld","theDuelist:DoomkaiserDragon","theDuelist:BusterBladerDDS","theDuelist:BerserkScales"],"picked":"theDuelist:WingedDragonRa","floor":11},{"not_picked":["theDuelist:Sabersaurus","theDuelist:FireDarts","theDuelist:BeserkDragon","theDuelist:FiveHeaded"],"picked":"theDuelist:GenesisDragon","floor":14},{"not_picked":["theDuelist:TailSwipe","theDuelist:SeismicShockwave","theDuelist:DefensiveTactics","theDuelist:CyberDragonInfinity"],"picked":"theDuelist:WaterDragon","floor":16},{"not_picked":["theDuelist:InfernityDoomDragon+1","theDuelist:FireDarts"],"picked":"theDuelist:ThunderDragon","floor":18},{"not_picked":["theDuelist:BlackPtera","theDuelist:Anthrosaurus","theDuelist:ViceDragon","theDuelist:ScrapIronScarecrow","theDuelist:CyberLaserDragon"],"picked":"SKIP","floor":19},{"not_picked":["theDuelist:BattleguardKing","theDuelist:DarkCreator+1","theDuelist:HaneHane+1","theDuelist:Reload"],"picked":"theDuelist:DestructPotion","floor":20},{"not_picked":["theDuelist:QueenDragunDjinn","theDuelist:OceanDragonLord+1","theDuelist:CyberDragonInfinity","theDuelist:GravityLash"],"picked":"theDuelist:StardustDragon","floor":22},{"not_picked":["theDuelist:RedEyesZombie+1","theDuelist:GaiaDragonChamp","theDuelist:WingedDragonRa","theDuelist:ExploderDragonwing","theDuelist:BusterBladerDDS"],"picked":"SKIP","floor":24},{"not_picked":["theDuelist:LightningDarts","theDuelist:BlueBloodedOni","theDuelist:BlockGolem","theDuelist:MagicalStone+1","theDuelist:PreventRat"],"picked":"SKIP","floor":27},{"not_picked":["theDuelist:TwinBarrelDragon","theDuelist:LeviaDragon+1","theDuelist:CaveDragon","theDuelist:BlueEyes+1"],"picked":"theDuelist:BlizzardDragon+1","floor":28},{"not_picked":["Enlightenment","PanicButton","The Bomb"],"picked":"Finesse","floor":29},{"not_picked":["theDuelist:VoidOgreDragon","theDuelist:OceanDragonLord","theDuelist:FiveHeaded","theDuelist:BusterBladerDDS"],"picked":"theDuelist:DragonMastery","floor":33},{"not_picked":["theDuelist:BattleguardKing","theDuelist:LightningDarts","theDuelist:RainbowOverdragon","theDuelist:Raigeki+1","theDuelist:SmashingGround+1"],"picked":"SKIP","floor":35},{"not_picked":["theDuelist:BlackBrachios+1","theDuelist:DragonShield+1","theDuelist:FrozenFitzgerald","theDuelist:BarrelDragon","theDuelist:DoomkaiserDragon"],"picked":"SKIP","floor":44},{"not_picked":["theDuelist:MaskedDragon+1","theDuelist:Beatraptor+1","theDuelist:DreadnoughtDreadnoid+1","theDuelist:AquaDolphin+1","theDuelist:CyberDinosaur+1"],"picked":"SKIP","floor":46},{"not_picked":["theDuelist:TrihornedDragon","theDuelist:MadFlameKaiju+1","theDuelist:GiantRex+1","theDuelist:MadSwordBeast+1","theDuelist:BlackStego+1"],"picked":"SKIP","floor":47},{"not_picked":["theDuelist:WhiteHornDragon","theDuelist:TyrantWing","theDuelist:TotemDragon"],"picked":"theDuelist:CastleDragonSouls","floor":48}],"player_experience":312847,"relics_obtained":[{"floor":9,"key":"Mercury Hourglass"},{"floor":11,"key":"Orichalcum"},{"floor":24,"key":"theDuelist:SummonAnchor"},{"floor":26,"key":"theDuelist:GoldenScale"},{"floor":36,"key":"Nunchaku"},{"floor":41,"key":"Du-Vu Doll"},{"floor":43,"key":"Bottled Tornado"},{"floor":47,"key":"Pet Ghost"}],"event_choices":[{"damage_healed":0,"gold_gain":0,"player_choice":"Grow","damage_taken":0,"max_hp_gain":0,"max_hp_loss":0,"event_name":"Living Wall","floor":2,"gold_loss":0,"cards_upgraded":["theDuelist:BabyDragon"]},{"damage_healed":0,"gold_gain":100,"player_choice":"Pray","damage_taken":0,"max_hp_gain":0,"max_hp_loss":0,"event_name":"Golden Shrine","floor":4,"gold_loss":0},{"damage_healed":0,"gold_gain":0,"player_choice":"Leave","duelist":true,"damage_taken":0,"max_hp_gain":0,"max_hp_loss":0,"event_name":"Card Trader","floor":13,"gold_loss":0},{"cards_removed":["theDuelist:CastleWalls"],"damage_healed":0,"gold_gain":0,"player_choice":"Gave Gold","damage_taken":0,"max_hp_gain":0,"max_hp_loss":0,"event_name":"Beggar","floor":25,"gold_loss":75},{"damage_healed":0,"gold_gain":0,"player_choice":"Took item - Received: Millennium Scale","duelist":true,"damage_taken":0,"max_hp_gain":0,"max_hp_loss":0,"event_name":"Millennium Items","floor":31,"gold_loss":0},{"damage_healed":0,"gold_gain":0,"player_choice":"Dig - random Duelist relic","duelist":true,"damage_taken":0,"max_hp_gain":0,"max_hp_loss":0,"event_name":"Aknamkanon\u0027s Tomb","floor":38,"gold_loss":0},{"damage_healed":0,"gold_gain":0,"player_choice":"Fight","damage_taken":0,"max_hp_gain":0,"max_hp_loss":0,"event_name":"Mysterious Sphere","floor":41,"gold_loss":0},{"damage_healed":0,"gold_gain":0,"player_choice":"Leave","duelist":true,"damage_taken":0,"max_hp_gain":0,"max_hp_loss":0,"event_name":"Egyptian Village","floor":42,"gold_loss":0}],"is_beta":false,"boss_relics":[{"not_picked":["Philosopher\u0027s Stone","Fusion Hammer"],"picked":"Tiny House"},{"not_picked":["Honey Jar","Snecko Scales"],"picked":"Cursed Key"}],"items_purged_floors":[12,21,37],"is_endless":false,"potions_floor_spawned":[11,16,18,19,24,27,35,41,47],"ascension_level":0}}