{"host":"a1eatafr7pisesky","time":1611243637,"event":{"mods":["AchievementEnabler","BaseMod","Colored Map","Keyboard Shortcuts","Minty Spire (QoL Compilation)","Say the Spire","StSLib","SuperFastMode","everything is the same but u backflip on backflip"],"gold_per_floor":[110,185,31,46,46,77,94,127,182,34,58,73,73,84,84,186,186,197,197,157,143,143,174,174,174,200,200,200,231,244,271,288,288,383,383,399,95,113,129,42,42,59,91,91,41,41,55,55,103,103,103,103,103,28,56,56],"floor_reached":57,"language":"KOR","playtime":1655,"items_purged":["Strike_G","Strike_G","Strike_G","Defend_G"],"score":1827,"play_id":"ab05d54c-657c-4f53-aaf9-b21376f6c77c","local_time":"20210122004037","is_ascension_mode":true,"campfire_choices":[{"floor":13.0,"key":"REST"},{"floor":15.0,"key":"REST"},{"floor":24.0,"key":"REST"},{"floor":28.0,"key":"REST"},{"data":"Wraith Form v2","floor":33.0,"key":"SMITH"},{"data":"Accuracy","floor":41.0,"key":"SMITH"},{"floor":50.0,"key":"RECALL"},{"data":"Cloak And Dagger","floor":53.0,"key":"SMITH"}],"circlet_count":0,"master_deck":["AscendersBane","Defend_G","Defend_G","Defend_G","Defend_G","Survivor","Neutralize+1","Noxious Fumes","Riddle With Holes","Blade Dance","Accuracy+1","Accuracy","Crippling Poison","Wraith Form v2+1","Accuracy","Backstab+1","Blade Dance","Blade Dance","After Image","Cloak And Dagger+1","Cloak And Dagger+1","Blade Dance","Cloak And Dagger+1","Terror","Master of Strategy"],"relics":["Ring of the Snake","NeowsBlessing","OrangePellets","Sundial","PreservedInsect","Orichalcum","Odd Mushroom","Black Star","Smiling Mask","Strawberry","Pocketwatch","Darkstone Periapt","Gremlin Horn","Ice Cream","White Beast Statue","Lizard Tail","HornCleat","Prayer Wheel","Empty Cage","Kunai","Vajra","Happy Flower","Thread and Needle","Whetstone","Nunchaku"],"acts_visited":["Exordium","TheCity","TheBeyond","TheEnding"],"potions_floor_usage":[56,56],"damage_taken":[{"damage":0.0,"enemies":"Jaw Worm","floor":1.0,"turns":1.0},{"damage":0.0,"enemies":"Small Slimes","floor":4.0,"turns":1.0},{"damage":0.0,"enemies":"3 Sentries","floor":6.0,"turns":1.0},{"damage":0.0,"enemies":"2 Louse","floor":7.0,"turns":3.0},{"damage":32.0,"enemies":"Gremlin Nob","floor":8.0,"turns":4.0},{"damage":20.0,"enemies":"The Mushroom Lair","floor":11.0,"turns":4.0},{"damage":3.0,"enemies":"Looter","floor":12.0,"turns":3.0},{"damage":9.0,"enemies":"Gremlin Gang","floor":14.0,"turns":3.0},{"damage":33.0,"enemies":"Slime Boss","floor":16.0,"turns":12.0},{"damage":22.0,"enemies":"Chosen","floor":18.0,"turns":7.0},{"damage":0.0,"enemies":"2 Thieves","floor":21.0,"turns":4.0},{"damage":28.0,"enemies":"Book of Stabbing","floor":23.0,"turns":7.0},{"damage":21.0,"enemies":"Gremlin Leader","floor":26.0,"turns":5.0},{"damage":9.0,"enemies":"Slavers","floor":29.0,"turns":5.0},{"damage":13.0,"enemies":"Shelled Parasite and Fungi","floor":30.0,"turns":4.0},{"damage":9.0,"enemies":"Book of Stabbing","floor":31.0,"turns":4.0},{"damage":7.0,"enemies":"Snake Plant","floor":32.0,"turns":4.0},{"damage":21.0,"enemies":"Collector","floor":34.0,"turns":10.0},{"damage":12.0,"enemies":"3 Shapes","floor":36.0,"turns":5.0},{"damage":8.0,"enemies":"3 Darklings","floor":38.0,"turns":5.0},{"damage":3.0,"enemies":"4 Shapes","floor":39.0,"turns":4.0},{"damage":12.0,"enemies":"Transient","floor":42.0,"turns":5.0},{"damage":8.0,"enemies":"Nemesis","floor":43.0,"turns":5.0},{"damage":15.0,"enemies":"3 Darklings","floor":47.0,"turns":3.0},{"damage":18.0,"enemies":"2 Orb Walkers","floor":49.0,"turns":5.0},{"damage":22.0,"enemies":"Donu and Deca","floor":51.0,"turns":8.0},{"damage":29.0,"enemies":"Shield and Spear","floor":55.0,"turns":5.0},{"damage":15,"enemies":"The Heart","floor":56,"turns":10}],"seed_played":"6958887897439691772","potions_obtained":[{"floor":1.0,"key":"Fire Potion"},{"floor":7.0,"key":"Fire Potion"},{"floor":8.0,"key":"SpeedPotion"},{"floor":12.0,"key":"SkillPotion"},{"floor":16.0,"key":"Energy Potion"},{"floor":20.0,"key":"SpeedPotion"},{"floor":20.0,"key":"Weak Potion"},{"floor":20.0,"key":"Explosive Potion"},{"floor":21.0,"key":"DistilledChaos"},{"floor":26.0,"key":"AttackPotion"},{"floor":30.0,"key":"ColorlessPotion"},{"floor":31.0,"key":"Dexterity Potion"},{"floor":32.0,"key":"DuplicationPotion"},{"floor":34.0,"key":"Strength Potion"},{"floor":36.0,"key":"Strength Potion"},{"floor":38.0,"key":"EntropicBrew"},{"floor":49.0,"key":"PowerPotion"},{"floor":55.0,"key":"GhostInAJar"}],"is_trial":false,"path_per_floor":["M","?","$","M","?","E","M","E","T","$","?","M","R","M","R","B",null,"M","?","?","M","?","E","R","R","E","T","R","E","M","E","M","R","B",null,"M","$","M","M","$","R","M","E","T","$","?","M","?","?","R","B",null,"R","$","E","B",null],"character_chosen":"THE_SILENT","items_purchased":["OrangePellets","Accuracy","Kunai","Terror","DuplicationPotion"],"campfire_rested":4,"item_purchase_floors":[3,10,37,40,54],"current_hp_per_floor":[63,52,52,52,57,57,57,25,25,25,5,2,24,15,37,4,57,35,35,35,35,35,14,38,38,17,17,41,32,19,10,3,3,29,69,57,57,49,46,46,46,34,26,26,26,26,11,72,54,54,32,62,62,62,33,18],"gold":56,"neow_bonus":"THREE_ENEMY_KILL","is_daily":false,"chose_seed":false,"campfire_upgraded":3,"win_rate":0.0,"timestamp":1611243637,"path_taken":["M","?","$","M","?","E","M","E","T","$","?","M","R","?","R","BOSS","M","?","?","?","?","E","R","R","E","T","R","E","?","E","M","R","BOSS","M","$","M","M","$","R","M","E","T","$","?","M","?","?","R","BOSS","R","$","E","BOSS"],"items_purchased_type":["Relic","Card","Relic","Card","Potion"],"build_version":"2020-12-22","purchased_purges":4,"victory":true,"max_hp_per_floor":[70,70,70,70,75,75,75,75,75,75,75,75,75,75,75,75,75,75,75,75,75,75,82,82,82,82,82,82,82,82,82,82,82,82,82,82,82,82,82,82,82,82,82,82,82,82,82,72,72,72,72,72,72,72,72,72],"card_choices":[{"not_picked":["Bane","Acrobatics","Flying Knee"],"picked":"SKIP","floor":1.0},{"not_picked":["Dagger Throw","Bane"],"picked":"Noxious Fumes","floor":4.0},{"not_picked":["Bane","Concentrate","Dodge and Roll"],"picked":"SKIP","floor":6.0},{"not_picked":["Acrobatics","Choke"],"picked":"Riddle With Holes","floor":7.0},{"not_picked":["Backflip","Distraction"],"picked":"Blade Dance","floor":8.0},{"not_picked":["Expertise","Dagger Spray"],"picked":"Accuracy","floor":11.0},{"not_picked":["Prepared","Dagger Spray"],"picked":"Crippling Poison","floor":12.0},{"not_picked":["Outmaneuver","Masterful Stab","Deflect"],"picked":"SKIP","floor":14.0},{"not_picked":["Bullet Time","Grand Finale"],"picked":"Wraith Form v2","floor":16.0},{"not_picked":["Noxious Fumes","Sucker Punch"],"picked":"Accuracy","floor":18.0},{"not_picked":["Crippling Poison","Bane+1"],"picked":"Backstab","floor":21.0},{"not_picked":["Sucker Punch","Choke"],"picked":"Blade Dance","floor":23.0},{"not_picked":["Deadly Poison","Deflect+1"],"picked":"Blade Dance","floor":26.0},{"not_picked":["Outmaneuver","Distraction","Sucker Punch"],"picked":"SKIP","floor":29.0},{"not_picked":["Backflip","Caltrops+1"],"picked":"After Image","floor":30.0},{"not_picked":["Catalyst","Storm of Steel","Bane+1"],"picked":"SKIP","floor":31.0},{"not_picked":["Dagger Throw+1","Accuracy+1"],"picked":"Cloak And Dagger","floor":32.0},{"not_picked":["Slice","Sucker Punch+1","Prepared+1"],"picked":"SKIP","floor":32.0},{"not_picked":["Distraction+1","Blade Dance"],"picked":"Cloak And Dagger+1","floor":36.0},{"not_picked":["Dagger Throw","Setup","Deflect+1"],"picked":"SKIP","floor":36.0},{"not_picked":["Deflect","Heel Hook+1"],"picked":"Blade Dance","floor":38.0},{"not_picked":["Blur+1","Noxious Fumes+1","Slice+1"],"picked":"SKIP","floor":38.0},{"not_picked":["Dagger Spray+1","Escape Plan+1"],"picked":"Cloak And Dagger+1","floor":39.0},{"not_picked":["Distraction","Poisoned Stab+1","Choke+1"],"picked":"SKIP","floor":39.0},{"not_picked":["Flechettes+1","PiercingWail+1","Outmaneuver"],"picked":"SKIP","floor":42.0},{"not_picked":["Footwork+1","Deflect","Well Laid Plans+1"],"picked":"SKIP","floor":42.0},{"not_picked":["Riddle With Holes+1","Glass Knife","Quick Slash+1"],"picked":"SKIP","floor":43.0},{"not_picked":["Secret Technique","Enlightenment"],"picked":"Master of Strategy","floor":46.0},{"not_picked":["PiercingWail+1","Dagger Throw+1","Blade Dance+1"],"picked":"SKIP","floor":47.0},{"not_picked":["Well Laid Plans","Deflect+1","Backflip"],"picked":"SKIP","floor":47.0},{"not_picked":["Dagger Spray+1","Endless Agony","Skewer+1"],"picked":"SKIP","floor":55.0}],"player_experience":336839,"relics_obtained":[{"floor":6.0,"key":"Sundial"},{"floor":8.0,"key":"PreservedInsect"},{"floor":9.0,"key":"Orichalcum"},{"floor":11.0,"key":"Odd Mushroom"},{"floor":23.0,"key":"Strawberry"},{"floor":23.0,"key":"Pocketwatch"},{"floor":26.0,"key":"Darkstone Periapt"},{"floor":26.0,"key":"Gremlin Horn"},{"floor":27.0,"key":"Ice Cream"},{"floor":29.0,"key":"White Beast Statue"},{"floor":29.0,"key":"Lizard Tail"},{"floor":31.0,"key":"HornCleat"},{"floor":31.0,"key":"Prayer Wheel"},{"floor":43.0,"key":"Vajra"},{"floor":43.0,"key":"Happy Flower"},{"floor":49.0,"key":"Thread and Needle"},{"floor":55.0,"key":"Whetstone"},{"floor":55.0,"key":"Nunchaku"}],"event_choices":[{"damage_healed":0.0,"max_hp_gain":0.0,"max_hp_loss":0.0,"gold_gain":75.0,"event_name":"World of Goop","player_choice":"Gather Gold","floor":2.0,"gold_loss":0.0,"damage_taken":11.0},{"damage_healed":0.0,"max_hp_gain":5.0,"max_hp_loss":0.0,"gold_gain":0.0,"event_name":"Big Fish","player_choice":"Donut","floor":5.0,"gold_loss":0.0,"damage_taken":0.0},{"damage_healed":0.0,"max_hp_gain":0.0,"max_hp_loss":0.0,"gold_gain":0.0,"event_name":"Mushrooms","player_choice":"Fought Mushrooms","floor":11.0,"gold_loss":0.0,"damage_taken":0.0},{"damage_healed":0.0,"max_hp_gain":0.0,"max_hp_loss":0.0,"gold_gain":0.0,"event_name":"The Mausoleum","player_choice":"Opened","floor":19.0,"gold_loss":0.0,"damage_taken":0.0,"relics_obtained":["Smiling Mask"]},{"damage_healed":0.0,"max_hp_gain":0.0,"max_hp_loss":0.0,"gold_gain":0.0,"event_name":"The Woman in Blue","player_choice":"Bought 3 Potions","floor":20.0,"gold_loss":0.0,"damage_taken":0.0},{"damage_healed":0.0,"max_hp_gain":0.0,"max_hp_loss":0.0,"gold_gain":0.0,"event_name":"N\u0027loth","player_choice":"Ignored","floor":22.0,"gold_loss":0.0,"damage_taken":0.0},{"damage_healed":0.0,"max_hp_gain":0.0,"max_hp_loss":0.0,"gold_gain":0.0,"event_name":"SensoryStone","player_choice":"Memory 1","floor":46.0,"gold_loss":0.0,"damage_taken":0.0},{"damage_healed":72.0,"max_hp_gain":0.0,"max_hp_loss":10.0,"gold_gain":0.0,"event_name":"The Moai Head","player_choice":"Heal","floor":48.0,"gold_loss":0.0,"damage_taken":0.0},{"damage_healed":0.0,"max_hp_gain":0.0,"max_hp_loss":0.0,"gold_gain":0.0,"event_name":"Mysterious Sphere","player_choice":"Fight","floor":49.0,"gold_loss":0.0,"damage_taken":0.0}],"is_beta":false,"boss_relics":[{"not_picked":["Ring of the Serpent","Sozu"],"picked":"Black Star"},{"not_picked":["Calling Bell","Snecko Eye"],"picked":"Empty Cage"}],"items_purged_floors":[10,37,40,45],"is_endless":false,"potions_floor_spawned":[1,7,8,12,16,21,26,30,31,32,34,36,38,39,42,43,47,49,55],"ascension_level":10}}