{"host":"y3h3n3f7seyagppx","time":1611247089,"event":{"mods":["AlwaysNeverKeys","BaseMod","Better Vampires","Colored Powertips","DeckTracker","Emptier Cage","Minty Spire (QoL Compilation)","Permanent Neow","Quick Restart","Rare Cards Sparkle","Relic Sorter","Relic Stats","StSLib","Transform Curses"],"gold_per_floor":[111,124,139,155,172,205,205,238,284,302,302,318,318,352,352,426,426,438,454,379,396,13,46,66,95,95,95,130,130,147,175,175,252,252,266,279,71,88,103,134,134,166,166,180,180,208,228,228,228,228,228,228,228,11,44,44],"floor_reached":57,"language":"ENG","playtime":5243,"items_purged":["Bash","Strike_R"],"score":3067,"play_id":"e0f4a3b1-212f-42ed-a532-ba6d57f96f13","local_time":"20210121113809","is_ascension_mode":true,"campfire_choices":[{"data":"Uppercut","floor":7.0,"key":"SMITH"},{"floor":11.0,"key":"REST"},{"data":"Armaments","floor":15.0,"key":"SMITH"},{"floor":27,"key":"REST"},{"data":"Inflame","floor":29,"key":"SMITH"},{"floor":32,"key":"REST"},{"data":"Demon Form","floor":41,"key":"SMITH"},{"floor":45,"key":"DIG"},{"floor":49,"key":"REST"},{"floor":53,"key":"DIG"}],"circlet_count":0,"master_deck":["AscendersBane","Strike_R","Strike_R+1","Defend_R","Defend_R+1","Defend_R","Defend_R","Anger+1","Disarm","Armaments+1","Uppercut+1","Inflame+1","Corruption","Shockwave","Immolate","Havoc+1","Impervious","Flame Barrier+1","Havoc+1","Burning Pact+1","Hemokinesis+1","Flame Barrier+1","Demon Form+1","Impervious+1","Evolve+1","Shockwave+1","Dark Shackles+1","Battle Trance+1","Body Slam","Whirlwind+1","Sentinel+1","Body Slam+1","Heavy Blade+1","Impervious+1","True Grit+1","Reaper","Headbutt"],"relics":["Burning Blood","Bag of Preparation","Bag of Marbles","Lantern","Ancient Tea Set","Matryoshka","Black Star","PreservedInsect","Dream Catcher","Blood Vial","Toxic Egg 2","HornCleat","Anchor","Ornamental Fan","Regal Pillow","War Paint","Whetstone","Orichalcum","Philosopher\u0027s Stone","Shovel","Self Forming Clay","Potion Belt","Turnip","Paper Frog","Champion Belt","Bronze Scales","Boot","Pantograph","Bird Faced Urn","Art of War"],"acts_visited":["Exordium","TheCity","TheBeyond","TheEnding"],"potions_floor_usage":[46,56],"damage_taken":[{"damage":7.0,"enemies":"Cultist","floor":1.0,"turns":4.0},{"damage":14.0,"enemies":"Jaw Worm","floor":2.0,"turns":4.0},{"damage":10.0,"enemies":"2 Louse","floor":3.0,"turns":4.0},{"damage":0.0,"enemies":"2 Fungi Beasts","floor":4.0,"turns":4.0},{"damage":11.0,"enemies":"3 Louse","floor":5.0,"turns":5.0},{"damage":16.0,"enemies":"Lagavulin","floor":6.0,"turns":7.0},{"damage":37.0,"enemies":"3 Sentries","floor":8.0,"turns":9.0},{"damage":0.0,"enemies":"Gremlin Gang","floor":10.0,"turns":4.0},{"damage":7.0,"enemies":"Exordium Thugs","floor":12.0,"turns":4.0},{"damage":8.0,"enemies":"Lagavulin","floor":14.0,"turns":6.0},{"damage":39.0,"enemies":"Hexaghost","floor":16.0,"turns":10.0},{"damage":12.0,"enemies":"2 Thieves","floor":18.0,"turns":2.0},{"damage":0.0,"enemies":"Chosen","floor":19.0,"turns":3.0},{"damage":23.0,"enemies":"Shelled Parasite and Fungi","floor":21.0,"turns":6.0},{"damage":27,"enemies":"Book of Stabbing","floor":23,"turns":6},{"damage":9,"enemies":"Snake Plant","floor":24,"turns":4},{"damage":24,"enemies":"Gremlin Leader","floor":25,"turns":4},{"damage":0,"enemies":"Slavers","floor":28,"turns":1},{"damage":7,"enemies":"Cultist and Chosen","floor":30,"turns":4},{"damage":4,"enemies":"Book of Stabbing","floor":31,"turns":4},{"damage":51,"enemies":"Champ","floor":33,"turns":16},{"damage":2,"enemies":"3 Darklings","floor":35,"turns":4},{"damage":0,"enemies":"3 Shapes","floor":36,"turns":5},{"damage":0,"enemies":"3 Darklings","floor":38,"turns":3},{"damage":0,"enemies":"Jaw Worm Horde","floor":39,"turns":2},{"damage":8,"enemies":"Nemesis","floor":40,"turns":7},{"damage":9,"enemies":"Reptomancer","floor":42,"turns":4},{"damage":11,"enemies":"Sphere and 2 Shapes","floor":44,"turns":3},{"damage":4,"enemies":"Nemesis","floor":46,"turns":5},{"damage":29,"enemies":"Transient","floor":47,"turns":6},{"damage":34,"enemies":"Donu and Deca","floor":50,"turns":6},{"damage":30,"enemies":"Awakened One","floor":51,"turns":12},{"damage":2,"enemies":"Shield and Spear","floor":55,"turns":4},{"damage":57,"enemies":"The Heart","floor":56,"turns":8}],"seed_played":"-4671453303731670681","potions_obtained":[{"floor":3.0,"key":"Strength Potion"},{"floor":4.0,"key":"ColorlessPotion"},{"floor":8.0,"key":"LiquidMemories"},{"floor":12.0,"key":"Regen Potion"},{"floor":16.0,"key":"GamblersBrew"},{"floor":18.0,"key":"ElixirPotion"},{"floor":19.0,"key":"PowerPotion"},{"floor":21.0,"key":"FairyPotion"},{"floor":35,"key":"DistilledChaos"},{"floor":42,"key":"Strength Potion"},{"floor":44,"key":"ColorlessPotion"}],"is_trial":false,"path_per_floor":["M","M","M","M","M","E","R","E","T","M","R","M","?","E","R","B",null,"M","M","?","M","$","E","M","E","T","R","E","R","M","E","R","B",null,"M","M","$","M","M","E","R","E","T","M","R","E","M","?","R","B","B",null,"R","$","E","B",null],"character_chosen":"IRONCLAD","items_purchased":["PreservedInsect","Impervious","Dark Shackles+1","Reaper","SpeedPotion"],"campfire_rested":4,"item_purchase_floors":[22,22,37,54,54],"current_hp_per_floor":[67,59,55,61,56,46,46,15,15,21,43,42,42,55,55,22,62,56,62,62,45,45,24,23,7,7,29,37,37,38,42,75,30,64,70,75,75,75,75,73,73,72,72,69,69,73,52,52,75,47,25,63,63,63,69,26],"gold":44,"neow_bonus":"RANDOM_COMMON_RELIC","is_daily":false,"chose_seed":false,"campfire_upgraded":4,"win_rate":0.0,"timestamp":1611247089,"path_taken":["M","M","?","M","M","E","R","E","T","M","R","M","?","E","R","BOSS","M","?","?","M","?","E","M","E","T","R","E","R","M","E","R","BOSS","M","M","$","M","M","E","R","E","T","M","R","E","M","?","R","BOSS","BOSS","R","$","E","BOSS"],"items_purchased_type":["Relic","Card","Card","Card","Potion"],"build_version":"2020-12-22","purchased_purges":2,"victory":true,"max_hp_per_floor":[75,75,75,75,75,75,75,75,75,75,75,75,75,75,75,75,75,75,75,75,75,75,75,75,75,75,75,75,75,75,75,75,75,75,75,75,75,75,75,75,75,75,75,75,75,75,75,75,75,75,75,75,75,75,75,75],"relic_stats":{"Regal Pillow":12,"counters":[34,180],"Self Forming Clay":[114],"PreservedInsect":410,"Bag of Preparation":[68],"Whetstone":["Strike_R","Anger"],"War Paint":["Flame Barrier","Defend_R"],"Orichalcum":[48],"Boot":[0],"Burning Blood":189,"Blood Vial":26,"Dream Catcher":3,"Shovel":2,"Ornamental Fan":[76],"Bronze Scales":[207],"Pantograph":6,"Bird Faced Urn":[2],"Turnip":[7],"Black Star":8,"Art of War":[2],"Champion Belt":[28],"obtain_stats":[{"Lantern":8,"Regal Pillow":28,"Bag of Preparation":0,"Whetstone":31,"Ancient Tea Set":9,"Boot":46,"Burning Blood":0,"Blood Vial":23,"Dream Catcher":23,"Matryoshka":14,"HornCleat":25,"Shovel":40,"Pantograph":53,"Philosopher\u0027s Stone":34,"Toxic Egg 2":25,"Paper Frog":43,"Potion Belt":42,"Self Forming Clay":40,"PreservedInsect":22,"War Paint":28,"Orichalcum":31,"Anchor":26,"Ornamental Fan":26,"Bronze Scales":45,"Bird Faced Urn":55,"Turnip":42,"Bag of Marbles":6,"Black Star":17,"Art of War":55,"Champion Belt":43},{"Lantern":7,"Regal Pillow":18,"Bag of Preparation":0,"Whetstone":20,"Ancient Tea Set":7,"Boot":29,"Burning Blood":0,"Blood Vial":15,"Dream Catcher":15,"Matryoshka":10,"HornCleat":17,"Shovel":26,"Pantograph":32,"Philosopher\u0027s Stone":21,"Toxic Egg 2":17,"Paper Frog":27,"Potion Belt":27,"Self Forming Clay":26,"PreservedInsect":14,"War Paint":18,"Orichalcum":20,"Anchor":17,"Ornamental Fan":17,"Bronze Scales":28,"Bird Faced Urn":33,"Turnip":27,"Bag of Marbles":6,"Black Star":11,"Art of War":33,"Champion Belt":27},{"Lantern":37,"Regal Pillow":87,"Bag of Preparation":0,"Whetstone":95,"Ancient Tea Set":37,"Boot":144,"Burning Blood":0,"Blood Vial":78,"Dream Catcher":78,"Matryoshka":51,"HornCleat":86,"Shovel":132,"Pantograph":168,"Philosopher\u0027s Stone":111,"Toxic Egg 2":86,"Paper Frog":136,"Potion Belt":136,"Self Forming Clay":132,"PreservedInsect":72,"War Paint":87,"Orichalcum":95,"Anchor":86,"Ornamental Fan":86,"Bronze Scales":139,"Bird Faced Urn":172,"Turnip":136,"Bag of Marbles":28,"Black Star":61,"Art of War":172,"Champion Belt":136}]},"card_choices":[{"not_picked":["True Grit","Sentinel"],"picked":"Anger","floor":1.0},{"not_picked":["Perfected Strike","Anger"],"picked":"Disarm","floor":2.0},{"not_picked":["Sentinel","Headbutt"],"picked":"Armaments","floor":3.0},{"not_picked":["Pommel Strike","Clothesline"],"picked":"Uppercut","floor":4.0},{"not_picked":["Iron Wave","Perfected Strike"],"picked":"Inflame","floor":5.0},{"not_picked":["Rupture","Whirlwind","Clothesline"],"picked":"SKIP","floor":6.0},{"not_picked":["Armaments","Flex"],"picked":"Corruption","floor":8.0},{"not_picked":["Thunderclap","Wild Strike","Havoc"],"picked":"SKIP","floor":10.0},{"not_picked":["Iron Wave","Thunderclap"],"picked":"Shockwave","floor":12.0},{"not_picked":["Pommel Strike","Intimidate","Heavy Blade"],"picked":"SKIP","floor":14.0},{"not_picked":["Corruption","Offering"],"picked":"Immolate","floor":16.0},{"not_picked":["Perfected Strike","Clothesline"],"picked":"Havoc+1","floor":18.0},{"not_picked":["Headbutt","Rupture+1","Body Slam"],"picked":"SKIP","floor":19.0},{"not_picked":["Inflame","Havoc","Thunderclap"],"picked":"SKIP","floor":21.0},{"not_picked":["Body Slam","Sever Soul"],"picked":"Flame Barrier","floor":23},{"not_picked":["Havoc","Twin Strike","Pommel Strike"],"picked":"SKIP","floor":24},{"not_picked":["Wild Strike","Immolate","Iron Wave"],"picked":"SKIP","floor":25},{"not_picked":["Fire Breathing","Wild Strike"],"picked":"Havoc+1","floor":27},{"not_picked":["Carnage","Brutality"],"picked":"Burning Pact+1","floor":28},{"not_picked":["Perfected Strike","Combust"],"picked":"Hemokinesis+1","floor":30},{"not_picked":["Sword Boomerang","Cleave"],"picked":"Flame Barrier+1","floor":31},{"not_picked":["Seeing Red+1","Sword Boomerang"],"picked":"Demon Form","floor":32},{"not_picked":["Corruption","Berserk"],"picked":"Impervious+1","floor":33},{"not_picked":["Flex+1","Sever Soul+1"],"picked":"Evolve+1","floor":35},{"not_picked":["Carnage+1","Havoc+1"],"picked":"Shockwave+1","floor":36},{"not_picked":["Havoc+1","Rampage"],"picked":"Battle Trance+1","floor":38},{"not_picked":["Clash","Heavy Blade"],"picked":"Body Slam","floor":39},{"not_picked":["Sword Boomerang","Clothesline"],"picked":"Whirlwind+1","floor":40},{"not_picked":["Combust","Hemokinesis"],"picked":"Sentinel+1","floor":42},{"not_picked":["Hemokinesis","Wild Strike"],"picked":"Body Slam+1","floor":44},{"not_picked":["Clothesline+1","Shrug It Off+1"],"picked":"Heavy Blade+1","floor":46},{"not_picked":["Clothesline+1","Wild Strike"],"picked":"Impervious+1","floor":47},{"not_picked":["Warcry+1","Sword Boomerang"],"picked":"True Grit+1","floor":49},{"not_picked":["Headbutt","Body Slam","Havoc+1"],"picked":"SKIP","floor":55},{"not_picked":["Body Slam","Havoc+1"],"picked":"Headbutt","floor":55}],"player_experience":21410286,"relics_obtained":[{"floor":6.0,"key":"Bag of Marbles"},{"floor":8.0,"key":"Lantern"},{"floor":9.0,"key":"Ancient Tea Set"},{"floor":14.0,"key":"Matryoshka"},{"floor":23,"key":"Dream Catcher"},{"floor":23,"key":"Blood Vial"},{"floor":25,"key":"Toxic Egg 2"},{"floor":25,"key":"HornCleat"},{"floor":26,"key":"Anchor"},{"floor":26,"key":"Ornamental Fan"},{"floor":28,"key":"Regal Pillow"},{"floor":28,"key":"War Paint"},{"floor":31,"key":"Whetstone"},{"floor":31,"key":"Orichalcum"},{"floor":40,"key":"Shovel"},{"floor":40,"key":"Self Forming Clay"},{"floor":42,"key":"Potion Belt"},{"floor":42,"key":"Turnip"},{"floor":43,"key":"Paper Frog"},{"floor":43,"key":"Champion Belt"},{"floor":45,"key":"Bronze Scales"},{"floor":46,"key":"Boot"},{"floor":53,"key":"Pantograph"},{"floor":55,"key":"Bird Faced Urn"},{"floor":55,"key":"Art of War"}],"event_choices":[{"damage_healed":0.0,"max_hp_gain":0.0,"max_hp_loss":0.0,"gold_gain":0.0,"event_name":"Match and Keep!","player_choice":"0 cards matched","floor":13.0,"gold_loss":0.0,"damage_taken":0.0,"cards_obtained":[]},{"cards_removed":["Strike_R"],"damage_healed":0.0,"max_hp_gain":0.0,"max_hp_loss":0.0,"gold_gain":0.0,"event_name":"Beggar","player_choice":"Gave Gold","floor":20.0,"gold_loss":75.0,"damage_taken":0.0},{"cards_removed":["Strike_R"],"damage_healed":0,"gold_gain":0,"player_choice":"Removed Attack","damage_taken":0,"max_hp_gain":0,"max_hp_loss":0,"event_name":"Falling","floor":48,"gold_loss":0}],"is_beta":false,"boss_relics":[{"not_picked":["Runic Cube","SacredBark"],"picked":"Black Star"},{"not_picked":["Fusion Hammer","Calling Bell"],"picked":"Philosopher\u0027s Stone"}],"items_purged_floors":[22,37],"is_endless":false,"potions_floor_spawned":[3,4,8,10,12,16,18,19,21,28,30,33,35,40,42,44,55],"ascension_level":20}}