{"host":"5a3ojr29q3aeapfp","time":1611192975,"event":{"mods":["ATMod(∞¢Ë™Mod)","BaseMod","CapriCore","Colored Powertips","Downfall","GungeonMod","Hermit","Highlight Path","Koishi","Minty Spire (QoL Compilation)","Quick Restart","Remilia£®¿Ÿ√◊¿Ú—«£©","Spicy Shops","StSLib","The Cursed","The Immortal","The Marked","Youmu£®ªÍ∆«—˝√Œ£©","°æ“≈ŒÔø®≈∆°øREMEMod"],"gold_per_floor":[99,113,127,127,227,227,275,287,313,313,313,332,352,382,397,494,494,194,214,225,210,229,229,229,254,251,281,243,280,292,329,352,364,364,364],"floor_reached":33,"language":"ZHS","playtime":3661,"items_purged":[],"score":367,"play_id":"75697c01-82d1-4449-83e1-13771be0928d","local_time":"20210121093615","is_ascension_mode":false,"campfire_choices":[{"data":"Koishi:HeartAttack","floor":1.0,"key":"SMITH"},{"floor":11.0,"key":"RECALL"},{"data":"champ:HeavySlash","floor":18.0,"key":"SMITH"},{"data":"champ:Taunt","floor":23,"key":"SMITH"},{"data":"champ:CalledShot","floor":30,"key":"SMITH"}],"circlet_count":0,"master_deck":["champ:Strike","champ:Strike","champ:Strike","champ:Defend","champ:Defend","champ:Defend","champ:Defend","champ:Execute","champ:Taunt+1","Koishi:HeartAttack+1","champ:FlashCut","champ:CalledShot","champ:EnragedBash","champ:CalledShot+1","champ:EnGarde","champ:PreciseThrust","champ:BringItOn","champ:DefensiveShout","champ:ArenaPreparation","champ:HeavySlash+1","champ:TornadoPunch+1","champ:Parry","champ:GladiatorStyle+1","champ:HeavySlash","champ:EndlessRage+1","champ:GutPunch+1","champ:CrookedStrike+1","champ:StanceDance","champ:Shatter+1"],"relics":["champ:ChampionCrown","REME_ComplimentaryCards","CloakClasp","Darkstone Periapt","Happy Flower","Black Star","downfall:HeartBlessingRed","downfall:HeartBlessingBlue","downfall:HeartBlessingGreen","Mercury Hourglass","MawBank","Bottled Lightning","Frozen Egg 2","DemoMod:LamentConfigurum","champ:GladiatorsBookOfMartialProwess","MealTicket"],"acts_visited":["Exordium","TheCity"],"potions_floor_usage":[25,25,25,29,33,33,33],"damage_taken":[{"damage":17.0,"enemies":"Small Slimes","floor":2.0,"turns":4.0},{"damage":1.0,"enemies":"Jaw Worm","floor":3.0,"turns":1.0},{"damage":46.0,"enemies":"Jaw Worm","floor":5.0,"turns":6.0},{"damage":6.0,"enemies":"2 Louse","floor":8.0,"turns":3.0},{"damage":31.0,"enemies":"3 Sentries","floor":9.0,"turns":7.0},{"damage":11.0,"enemies":"Red Slaver","floor":12.0,"turns":2.0},{"damage":11.0,"enemies":"Exordium Wildlife","floor":13.0,"turns":3.0},{"damage":7.0,"enemies":"Lagavulin","floor":14.0,"turns":4.0},{"damage":10.0,"enemies":"Large Slime","floor":15.0,"turns":3.0},{"damage":60.0,"enemies":"DF_ARCHETYPE_STREAMLINE","floor":16.0,"turns":12.0},{"damage":33.0,"enemies":"3 Byrds","floor":19.0,"turns":7.0},{"damage":40.0,"enemies":"Sentry and Sphere","floor":20.0,"turns":5.0},{"damage":40.0,"enemies":"downfall:FleeingMerchant","floor":21.0,"turns":4.0},{"damage":6,"enemies":"Snake Plant","floor":22,"turns":3},{"damage":78,"enemies":"Gremlin Leader","floor":25,"turns":8},{"damage":20,"enemies":"downfall:FleeingMerchant","floor":26,"turns":4},{"damage":10,"enemies":"Centurion and Healer","floor":27,"turns":5},{"damage":20,"enemies":"Book of Stabbing","floor":29,"turns":6},{"damage":46,"enemies":"Slavers","floor":31,"turns":5},{"damage":22,"enemies":"Snecko","floor":32,"turns":4},{"damage":63,"enemies":"WA_ARCHETYPE_CALM","floor":33,"turns":8}],"seed_played":"-239325863982483937","potions_obtained":[{"floor":2.0,"key":"champ:CounterPotion"},{"floor":5.0,"key":"ColorlessPotion"},{"floor":9.0,"key":"bronze:BurnAndBuffPotion"},{"floor":10.0,"key":"EntropicBrew"},{"floor":10.0,"key":"Regen Potion"},{"floor":14.0,"key":"champ:OpenerPotion"},{"floor":20.0,"key":"DistilledChaos"},{"floor":27,"key":"Fire Potion"},{"floor":32,"key":"Fire Potion"}],"is_trial":false,"path_per_floor":["R","M","M","?","?","?","T","M","E","?","R","M","M","E","M","B",null,"R","M","M","$","M","R","T","E","$","M","?","E","R","E","M","B"],"character_chosen":"THE_CHAMP","items_purchased":[],"campfire_rested":0,"item_purchase_floors":[],"current_hp_per_floor":[99,92,91,91,65,65,65,64,58,58,58,52,51,63,63,28,99,109,96,81,76,75,75,75,62,62,62,99,84,84,38,26,0,0,0],"gold":364,"neow_bonus":"TEN_PERCENT_HP_BONUS","is_daily":false,"chose_seed":false,"campfire_upgraded":4,"win_rate":0.0,"timestamp":1611192975,"path_taken":["R","M","M","?","?","?","T","M","E","?","R","M","?","E","M","BOSS","R","M","M","$","M","R","T","E","$","M","?","E","R","E","M","BOSS"],"items_purchased_type":[],"build_version":"2020-12-22","purchased_purges":0,"victory":false,"max_hp_per_floor":[99,99,99,99,99,99,99,99,99,99,99,99,99,99,99,99,99,109,109,109,109,109,109,109,109,109,109,109,109,109,109,109,109,109,109],"card_choices":[{"not_picked":["champ:HeartStrike","champ:Lariat"],"picked":"champ:FlashCut","floor":2.0},{"not_picked":["champ:Circumvent","champ:ShieldWall"],"picked":"champ:CalledShot","floor":3.0},{"not_picked":["champ:BladeFlurry","champ:Lariat"],"picked":"champ:EnragedBash","floor":5.0},{"not_picked":["champ:RisingSlash","champ:Circumvent"],"picked":"champ:EnGarde","floor":8.0},{"not_picked":["champ:Lariat","champ:EnragedBash"],"picked":"champ:PreciseThrust","floor":9.0},{"not_picked":["champ:AdrenalArmor","champ:EnGarde","champ:PerfectedStrike"],"picked":"SKIP","floor":12.0},{"not_picked":["champ:FaceSlap","champ:PreciseThrust"],"picked":"champ:BringItOn","floor":13.0},{"not_picked":["champ:TornadoPunch","champ:Backstep"],"picked":"champ:DefensiveShout","floor":14.0},{"not_picked":["champ:FanOfKnives","champ:StanceDance"],"picked":"champ:ArenaPreparation","floor":15.0},{"not_picked":["champ:IgnorePain","champ:StrikeOfGenius"],"picked":"champ:HeavySlash","floor":16.0},{"not_picked":["champ:Encircle","champ:Haymaker","champ:BladeFlurry+1"],"picked":"SKIP","floor":19.0},{"not_picked":["champ:DeathBlow","champ:PreciseThrust"],"picked":"champ:TornadoPunch+1","floor":20.0},{"not_picked":["champ:StanceDance","champ:SetATrap"],"picked":"champ:Parry","floor":21},{"not_picked":["champ:ShieldWall","champ:Haymaker"],"picked":"champ:GladiatorStyle+1","floor":22},{"not_picked":["champ:Circumvent+1","champ:PreciseThrust"],"picked":"champ:HeavySlash","floor":25},{"not_picked":["champ:BringItOn+1","champ:Haymaker"],"picked":"champ:EndlessRage+1","floor":26},{"not_picked":["champ:CrownThrow","champ:PerfectedStrike"],"picked":"champ:GutPunch+1","floor":27},{"not_picked":["champ:Backstep","champ:Encircle"],"picked":"champ:CrookedStrike+1","floor":29},{"not_picked":["champ:IgnorePain","champ:AdrenalArmor"],"picked":"champ:StanceDance","floor":31},{"not_picked":["champ:BladeFlurry+1","champ:FalseCounter"],"picked":"champ:Shatter+1","floor":32}],"player_experience":167236,"relics_obtained":[{"floor":5.0,"key":"CloakClasp"},{"floor":9.0,"key":"Darkstone Periapt"},{"floor":14.0,"key":"Happy Flower"},{"floor":24,"key":"Mercury Hourglass"},{"floor":25,"key":"MawBank"},{"floor":25,"key":"Bottled Lightning"},{"floor":29,"key":"Frozen Egg 2"},{"floor":29,"key":"DemoMod:LamentConfigurum"},{"floor":31,"key":"champ:GladiatorsBookOfMartialProwess"},{"floor":31,"key":"MealTicket"}],"event_choices":[{"damage_healed":0.0,"max_hp_gain":0.0,"max_hp_loss":0.0,"gold_gain":0.0,"cards_transformed":["champ:Strike"],"event_name":"Living Wall","player_choice":"Change","floor":6.0,"gold_loss":0.0,"damage_taken":0.0,"cards_obtained":["champ:CalledShot"]},{"damage_healed":0.0,"max_hp_gain":0.0,"max_hp_loss":0.0,"gold_gain":0.0,"event_name":"Lab","player_choice":"Got Potions","floor":10.0,"gold_loss":0.0,"damage_taken":0.0}],"is_beta":false,"boss_relics":[{"not_picked":["Busted Crown","Astrolabe"],"picked":"Black Star"}],"items_purged_floors":[],"is_endless":false,"potions_floor_spawned":[2,5,9,13,14,19,20,27,32],"killed_by":"WA_ARCHETYPE_CALM","ascension_level":0}}