{"host":"5gfra4hjb6stk8c2","time":1611257968,"event":{"mods":["BaseMod","Minty Spire (QoL Compilation)","Quick Restart","SuperFastMode"],"gold_per_floor":[114,289,364,383,58,84,84,112,165,183,183,183,203,223,223,223,223],"floor_reached":16,"language":"ENG","playtime":297,"items_purged":["Doubt"],"score":143,"play_id":"d5da3816-a761-4c85-8856-acb27e12f995","local_time":"20210121163928","is_ascension_mode":true,"campfire_choices":[{"floor":7,"key":"REST"},{"floor":11,"key":"REST"},{"data":"Ragnarok","floor":15,"key":"SMITH"}],"circlet_count":0,"master_deck":["Strike_P+1","Strike_P","Strike_P","Strike_P","Defend_P+1","Defend_P","Defend_P","Defend_P","Eruption+1","Vigilance","Evaluate+1","FlurryOfBlows","Devotion+1","Ragnarok+1","Evaluate","Omniscience"],"relics":["PureWater","Whetstone","Frozen Egg 2","War Paint","Ice Cream","Omamori","Bag of Marbles"],"acts_visited":["Exordium"],"potions_floor_usage":[16],"damage_taken":[{"damage":0,"enemies":"Cultist","floor":1,"turns":3},{"damage":0,"enemies":"Small Slimes","floor":4,"turns":3},{"damage":35,"enemies":"Gremlin Nob","floor":6,"turns":3},{"damage":38,"enemies":"3 Sentries","floor":8,"turns":8},{"damage":0,"enemies":"2 Louse","floor":10,"turns":1},{"damage":0,"enemies":"Gremlin Gang","floor":13,"turns":1},{"damage":0,"enemies":"2 Fungi Beasts","floor":14,"turns":3},{"damage":32,"enemies":"Slime Boss","floor":16,"turns":6}],"seed_played":"3913591281364908988","potions_obtained":[{"floor":1,"key":"SmokeBomb"},{"floor":10,"key":"Explosive Potion"},{"floor":14,"key":"AttackPotion"}],"is_trial":false,"path_per_floor":["M","?","?","M","$","E","R","E","T","M","R","?","M","M","R","B"],"character_chosen":"WATCHER","items_purchased":["Frozen Egg 2"],"campfire_rested":2,"item_purchase_floors":[5],"current_hp_per_floor":[65,65,58,58,58,23,44,6,6,6,27,27,27,27,27,0,0],"gold":223,"neow_bonus":"RANDOM_COMMON_RELIC","is_daily":false,"chose_seed":false,"campfire_upgraded":1,"win_rate":0.0,"timestamp":1611257968,"path_taken":["M","?","?","M","$","E","R","E","T","?","R","?","?","M","R","BOSS"],"items_purchased_type":["Relic"],"build_version":"2020-12-22","purchased_purges":1,"victory":false,"max_hp_per_floor":[72,72,72,72,72,72,72,72,72,72,72,72,72,72,72,72,72],"card_choices":[{"not_picked":["SashWhip","JustLucky"],"picked":"Evaluate","floor":1},{"not_picked":["Nirvana","Sanctity"],"picked":"FlurryOfBlows","floor":4},{"not_picked":["WindmillStrike","SashWhip"],"picked":"Devotion+1","floor":6},{"not_picked":["Evaluate","SignatureMove"],"picked":"Ragnarok","floor":8},{"not_picked":["FollowUp","ForeignInfluence"],"picked":"Evaluate","floor":10},{"not_picked":["FlyingSleeves","WindmillStrike"],"picked":"Omniscience","floor":13},{"not_picked":["WaveOfTheHand","Crescendo","CrushJoints"],"picked":"SKIP","floor":14}],"player_experience":178598,"relics_obtained":[{"floor":6,"key":"War Paint"},{"floor":8,"key":"Ice Cream"},{"floor":9,"key":"Omamori"}],"event_choices":[{"damage_healed":0,"gold_gain":175,"player_choice":"AGREE","damage_taken":0,"max_hp_gain":0,"max_hp_loss":0,"event_name":"Liars Game","floor":2,"gold_loss":0,"cards_obtained":["Doubt"]},{"damage_healed":0,"gold_gain":75,"player_choice":"Touch","damage_taken":7,"max_hp_gain":0,"max_hp_loss":0,"event_name":"FaceTrader","floor":3,"gold_loss":0},{"damage_healed":0,"gold_gain":0,"player_choice":"Gave Potion","damage_taken":0,"relics_obtained":["Bag of Marbles"],"max_hp_gain":0,"max_hp_loss":0,"event_name":"WeMeetAgain","floor":12,"gold_loss":0}],"is_beta":false,"boss_relics":[],"items_purged_floors":[5],"is_endless":false,"potions_floor_spawned":[1,10,14],"killed_by":"Slime Boss","ascension_level":6}}