{"host":"dqv8oo4v229c1o2l","time":1611256679,"event":{"mods":["AchievementEnabler","BaseMod","Colored Map","Colored Powertips","Minty Spire (QoL Compilation)","Quick Restart","Rare Cards Sparkle","StSLib","Synergy Search"],"gold_per_floor":[109,109,123,123,123,123,156,156,183,204,245,228,240,252,264,405,417,450,462,474,471,483,535,571,583,595,607,619,644,681,718,730,862,937,973,985,997,1025,1100,1112,23,67,67,80,80,103,122,161,161,161,161,161,48,89,89,89],"floor_reached":55,"language":"ENG","playtime":3565,"items_purged":["Wireheading"],"score":1021,"play_id":"0c762627-8dd0-4193-8de4-ec5c976f125c","local_time":"20210121111759","is_ascension_mode":true,"campfire_choices":[{"data":"Eruption","floor":6.0,"key":"SMITH"},{"data":"Ragnarok","floor":15.0,"key":"SMITH"},{"floor":28.0,"key":"REST"},{"floor":32.0,"key":"REST"},{"floor":40.0,"key":"RECALL"},{"floor":45.0,"key":"REST"},{"floor":49.0,"key":"REST"},{"data":"ConjureBlade","floor":52.0,"key":"SMITH"}],"circlet_count":0,"master_deck":["Strike_P+1","Strike_P+1","Defend_P+1","Defend_P+1","Defend_P+1","Defend_P+1","Eruption+1","Vigilance","Wallop","PathToVictory","Ragnarok+1","Wallop+1","Evaluate+1","Vault+1","SandsOfTime","EmptyMind+1","Halt+1","Protect+1","JustLucky","PathToVictory+1","RitualDagger","FearNoEvil+1","CutThroughFate","CutThroughFate+1","CutThroughFate+1","ConjureBlade+1","CarveReality+1","ClearTheMind+1","Madness","Madness+1","Weave+1","FollowUp+1","CutThroughFate+1","Weave","Protect","CutThroughFate+1","FollowUp+1"],"relics":["PureWater","NeowsBlessing","Prayer Wheel","Golden Idol","Happy Flower","MawBank","SlaversCollar","The Courier","Tiny House","Unceasing Top","Strange Spoon","War Paint","Sundial","Akabeko","Turnip","Oddly Smooth Stone","Whetstone","Pen Nib","Shuriken","Smiling Mask","Singing Bowl","InkBottle"],"acts_visited":["Exordium","TheCity","TheBeyond","TheEnding"],"potions_floor_usage":[55],"damage_taken":[{"damage":0.0,"enemies":"2 Louse","floor":1.0,"turns":1.0},{"damage":0.0,"enemies":"Jaw Worm","floor":3.0,"turns":1.0},{"damage":0.0,"enemies":"Gremlin Nob","floor":7.0,"turns":1.0},{"damage":0.0,"enemies":"Small Slimes","floor":10.0,"turns":1.0},{"damage":15.0,"enemies":"3 Sentries","floor":11.0,"turns":7.0},{"damage":0.0,"enemies":"Slime Boss","floor":16.0,"turns":4.0},{"damage":11.0,"enemies":"Spheric Guardian","floor":18.0,"turns":3.0},{"damage":5.0,"enemies":"2 Thieves","floor":21.0,"turns":4.0},{"damage":5.0,"enemies":"Gremlin Leader","floor":23.0,"turns":6.0},{"damage":12.0,"enemies":"3 Cultists","floor":24.0,"turns":4.0},{"damage":9.0,"enemies":"Snake Plant","floor":29.0,"turns":5.0},{"damage":27.0,"enemies":"Sentry and Sphere","floor":30.0,"turns":7.0},{"damage":14.0,"enemies":"Centurion and Healer","floor":31.0,"turns":8.0},{"damage":14.0,"enemies":"Champ","floor":33.0,"turns":8.0},{"damage":0.0,"enemies":"Orb Walker","floor":35.0,"turns":4.0},{"damage":18.0,"enemies":"3 Shapes","floor":38.0,"turns":5.0},{"damage":0.0,"enemies":"Mind Bloom Boss Battle","floor":39.0,"turns":5.0},{"damage":37.0,"enemies":"Reptomancer","floor":42.0,"turns":6.0},{"damage":0.0,"enemies":"Transient","floor":44.0,"turns":6.0},{"damage":0.0,"enemies":"Jaw Worm Horde","floor":47.0,"turns":3.0},{"damage":28.0,"enemies":"Nemesis","floor":48.0,"turns":5.0},{"damage":6.0,"enemies":"Time Eater","floor":50.0,"turns":6.0},{"damage":44,"enemies":"Shield and Spear","floor":54,"turns":5},{"damage":58,"enemies":"The Heart","floor":55,"turns":2}],"seed_played":"-6417567661819933632","potions_obtained":[{"floor":3.0,"key":"Regen Potion"},{"floor":10.0,"key":"Weak Potion"},{"floor":23.0,"key":"Explosive Potion"},{"floor":30.0,"key":"LiquidBronze"},{"floor":31.0,"key":"Strength Potion"},{"floor":34.0,"key":"SpeedPotion"},{"floor":42.0,"key":"Strength Potion"},{"floor":54,"key":"Swift Potion"}],"is_trial":false,"path_per_floor":["M","?","M","$","?","R","E","?","T","M","E","?","$","?","R","B",null,"M","$","?","M","$","E","M","?","T","?","R","M","M","M","R","B",null,"M","?","?","M","?","R","$","E","T","M","R","T","M","E","R","B",null,"R","$","E","B"],"character_chosen":"WATCHER","items_purchased":["Weave","Strange Spoon","War Paint","Sundial","Akabeko","Turnip","Oddly Smooth Stone","Whetstone","Wireheading"],"campfire_rested":4,"item_purchase_floors":[41,41,41,41,41,41,41,41,53],"current_hp_per_floor":[72,65,65,65,65,65,65,65,65,65,50,50,50,77,77,77,77,66,66,66,61,61,56,44,38,38,38,61,52,25,25,48,34,82,82,82,72,54,54,54,54,17,17,17,41,41,41,15,40,34,84,84,84,42,0,0],"gold":89,"neow_bonus":"THREE_ENEMY_KILL","is_daily":false,"chose_seed":false,"campfire_upgraded":3,"win_rate":0.0,"timestamp":1611256679,"path_taken":["M","?","M","$","?","R","E","?","T","?","E","?","$","?","R","BOSS","M","?","?","M","$","E","M","?","T","?","R","?","?","M","R","BOSS","M","?","?","M","?","R","$","E","T","M","R","?","M","E","R","BOSS","R","$","E","BOSS"],"items_purchased_type":["Card","Relic","Relic","Relic","Relic","Relic","Relic","Relic","Card"],"build_version":"2020-12-22","purchased_purges":1,"victory":false,"max_hp_per_floor":[72,72,72,72,72,72,72,67,67,67,67,67,67,77,77,77,77,77,77,77,77,77,77,77,77,77,77,77,77,77,77,77,77,82,82,82,82,82,82,82,82,82,82,82,82,82,82,84,84,84,84,84,84,86,86,86],"card_choices":[{"not_picked":["EmptyFist","ClearTheMind"],"picked":"Wallop","floor":1.0},{"not_picked":["FlyingSleeves","Wireheading"],"picked":"PathToVictory","floor":3.0},{"not_picked":["Worship","EmptyBody"],"picked":"Ragnarok","floor":7.0},{"not_picked":["Wireheading","Protect"],"picked":"Wallop","floor":10.0},{"not_picked":["Prostrate","Crescendo"],"picked":"Evaluate","floor":10.0},{"not_picked":["Wallop","FlyingSleeves"],"picked":"Wish","floor":11.0},{"not_picked":["Establishment","Omniscience"],"picked":"Vault","floor":16.0},{"not_picked":["FollowUp+1","EmptyBody"],"picked":"SandsOfTime","floor":18.0},{"not_picked":["EmptyBody+1","BowlingBash"],"picked":"EmptyMind+1","floor":18.0},{"not_picked":["Adaptation","Conclude+1"],"picked":"Halt+1","floor":21.0},{"not_picked":["EmptyBody+1","ClearTheMind"],"picked":"Protect+1","floor":21.0},{"not_picked":["CrushJoints","Meditate"],"picked":"JustLucky","floor":23.0},{"not_picked":["ClearTheMind","CrushJoints"],"picked":"PathToVictory+1","floor":24.0},{"not_picked":["Crescendo","WheelKick","Meditate"],"picked":"SKIP","floor":24.0},{"not_picked":["Vengeance","Consecrate"],"picked":"FearNoEvil+1","floor":29.0},{"not_picked":["Worship+1","InnerPeace","Prostrate"],"picked":"SKIP","floor":29.0},{"not_picked":["Study","CrushJoints"],"picked":"CutThroughFate","floor":30.0},{"not_picked":["EmptyFist","Wireheading"],"picked":"CutThroughFate+1","floor":30.0},{"not_picked":["Wireheading+1","ClearTheMind"],"picked":"CutThroughFate+1","floor":31.0},{"not_picked":["Ragnarok","BowlingBash","EmptyBody"],"picked":"SKIP","floor":31.0},{"not_picked":["Brilliance","Wish"],"picked":"ConjureBlade","floor":33.0},{"not_picked":["ClearTheMind+1","Wallop"],"picked":"CarveReality","floor":34.0},{"not_picked":["Protect","SandsOfTime"],"picked":"ClearTheMind+1","floor":35.0},{"not_picked":["Pray","MentalFortress","Crescendo"],"picked":"SKIP","floor":35.0},{"not_picked":["Crescendo+1","FollowUp+1"],"picked":"Weave+1","floor":38.0},{"not_picked":["Consecrate+1","ThirdEye+1"],"picked":"FollowUp+1","floor":38.0},{"not_picked":["WindmillStrike+1","SashWhip"],"picked":"CutThroughFate+1","floor":39.0},{"not_picked":["Brilliance","EmptyBody+1","LikeWater"],"picked":"SKIP","floor":42.0},{"not_picked":["Pray+1","EmptyMind+1"],"picked":"Protect","floor":44.0},{"not_picked":["Worship","Evaluate"],"picked":"CutThroughFate+1","floor":44.0},{"not_picked":["Protect","Perseverance"],"picked":"FollowUp+1","floor":47.0},{"not_picked":["EmptyBody","Crescendo","FlyingSleeves+1"],"picked":"SKIP","floor":47.0},{"not_picked":["Crescendo","Evaluate+1","Protect"],"picked":"Singing Bowl","floor":48.0},{"not_picked":["Consecrate+1","Wireheading+1","CrushJoints+1"],"picked":"Singing Bowl","floor":54}],"player_experience":297112,"relics_obtained":[{"floor":7.0,"key":"Prayer Wheel"},{"floor":9.0,"key":"Happy Flower"},{"floor":11.0,"key":"MawBank"},{"floor":23.0,"key":"The Courier"},{"floor":39.0,"key":"Unceasing Top"},{"floor":42.0,"key":"Pen Nib"},{"floor":43.0,"key":"Shuriken"},{"floor":46.0,"key":"Smiling Mask"},{"floor":48.0,"key":"Singing Bowl"},{"floor":54,"key":"InkBottle"}],"event_choices":[{"cards_removed":["Strike_P"],"damage_healed":0.0,"max_hp_gain":0.0,"max_hp_loss":0.0,"gold_gain":0.0,"event_name":"Golden Wing","player_choice":"Card Removal","floor":2.0,"gold_loss":0.0,"damage_taken":7.0},{"damage_healed":0.0,"max_hp_gain":0.0,"max_hp_loss":0.0,"gold_gain":0.0,"cards_transformed":["Strike_P"],"event_name":"Living Wall","player_choice":"Change","floor":5.0,"gold_loss":0.0,"damage_taken":0.0,"cards_obtained":["SignatureMove"]},{"damage_healed":0.0,"max_hp_gain":0.0,"max_hp_loss":5.0,"gold_gain":0.0,"event_name":"Golden Idol","player_choice":"Lose Max HP","floor":8.0,"gold_loss":0.0,"damage_taken":0.0,"relics_obtained":["Golden Idol"]},{"damage_healed":0.0,"max_hp_gain":0.0,"max_hp_loss":0.0,"gold_gain":0.0,"event_name":"World of Goop","player_choice":"Left Gold","floor":12.0,"gold_loss":29.0,"damage_taken":0.0},{"cards_removed":["Wish"],"damage_healed":17.0,"max_hp_gain":10.0,"max_hp_loss":0.0,"gold_gain":0.0,"event_name":"Bonfire Elementals","player_choice":"Offered Rare","floor":14.0,"gold_loss":0.0,"damage_taken":0.0},{"damage_healed":0.0,"max_hp_gain":0.0,"max_hp_loss":0.0,"gold_gain":0.0,"event_name":"Back to Basics","player_choice":"Simplicity","floor":20.0,"gold_loss":0.0,"damage_taken":0.0,"cards_upgraded":["Strike_P","Strike_P","Defend_P","Defend_P","Defend_P","Defend_P"]},{"damage_healed":0.0,"max_hp_gain":0.0,"max_hp_loss":0.0,"gold_gain":0.0,"event_name":"Nest","player_choice":"Joined the Cult","floor":25.0,"gold_loss":0.0,"damage_taken":6.0,"cards_obtained":["RitualDagger"]},{"damage_healed":0.0,"max_hp_gain":0.0,"max_hp_loss":0.0,"gold_gain":0.0,"event_name":"The Mausoleum","player_choice":"Ignored","floor":27.0,"gold_loss":0.0,"damage_taken":0.0},{"cards_removed":["SignatureMove"],"damage_healed":0.0,"max_hp_gain":0.0,"max_hp_loss":0.0,"gold_gain":0.0,"event_name":"Falling","player_choice":"Removed Attack","floor":36.0,"gold_loss":0.0,"damage_taken":0.0},{"damage_healed":0.0,"max_hp_gain":0.0,"max_hp_loss":0.0,"gold_gain":0.0,"event_name":"Winding Halls","player_choice":"Embrace Madness","floor":37.0,"gold_loss":0.0,"damage_taken":10.0,"cards_obtained":["Madness","Madness"]},{"damage_healed":0.0,"max_hp_gain":0.0,"max_hp_loss":0.0,"gold_gain":0.0,"event_name":"MindBloom","player_choice":"Fight","floor":39.0,"gold_loss":0.0,"damage_taken":0.0}],"is_beta":false,"boss_relics":[{"not_picked":["Sozu","Black Star"],"picked":"SlaversCollar"},{"not_picked":["Runic Dome","Fusion Hammer"],"picked":"Tiny House"}],"items_purged_floors":[53],"is_endless":false,"potions_floor_spawned":[3,10,23,30,31,42,44,47,54],"killed_by":"The Heart","ascension_level":3}}