{"host":"qgpqu878cmwvz894","time":1611227052,"event":{"mods":["AchievementEnabler","BaseMod","Colored Map","Minty Spire (QoL Compilation)","Rare Cards Sparkle","SuperFastMode"],"gold_per_floor":[110,110,128,70,86,86,101,128,152,166,166,166],"floor_reached":11,"language":"KOR","playtime":865,"items_purged":[],"score":79,"play_id":"e7a84c76-1546-4df3-b865-12cf05b5fb80","local_time":"20210121200412","is_ascension_mode":true,"campfire_choices":[{"floor":6,"key":"RECALL"}],"circlet_count":0,"master_deck":["Strike_R","Strike_R","Strike_R","Strike_R","Strike_R","Defend_R","Defend_R","Defend_R","Defend_R","Bash","Seeing Red","Flex","Burning Pact","Sentinel","Dual Wield+1","Inflame"],"relics":["Burning Blood","Centennial Puzzle","Dream Catcher","Toxic Egg 2"],"acts_visited":["Exordium"],"potions_floor_usage":[3,8],"damage_taken":[{"damage":0,"enemies":"Small Slimes","floor":1,"turns":3},{"damage":6,"enemies":"Jaw Worm","floor":3,"turns":3},{"damage":1,"enemies":"Cultist","floor":5,"turns":3},{"damage":10,"enemies":"Looter","floor":7,"turns":3},{"damage":31,"enemies":"Gremlin Nob","floor":8,"turns":4},{"damage":30,"enemies":"Gremlin Gang","floor":10,"turns":9},{"damage":30,"enemies":"3 Sentries","floor":11,"turns":5}],"seed_played":"8077471802891762178","potions_obtained":[{"floor":1,"key":"SteroidPotion"},{"floor":3,"key":"Fire Potion"}],"is_trial":false,"path_per_floor":["M","?","M","?","M","R","M","E","T","M","E"],"character_chosen":"IRONCLAD","items_purchased":[],"campfire_rested":0,"item_purchase_floors":[],"current_hp_per_floor":[88,76,76,76,81,81,77,52,52,28,0,0],"gold":166,"neow_bonus":"TEN_PERCENT_HP_BONUS","is_daily":false,"chose_seed":false,"campfire_upgraded":0,"win_rate":0.0,"timestamp":1611227052,"path_taken":["M","?","M","?","M","R","M","E","T","?","E"],"items_purchased_type":[],"build_version":"2020-12-22","purchased_purges":0,"victory":false,"max_hp_per_floor":[88,88,88,88,88,88,88,88,88,88,88,88],"card_choices":[{"not_picked":["Uppercut","Combust"],"picked":"Seeing Red","floor":1},{"not_picked":["Whirlwind","Cleave"],"picked":"Flex","floor":3},{"not_picked":["Iron Wave","Twin Strike"],"picked":"Burning Pact","floor":5},{"not_picked":["Armaments","Warcry"],"picked":"Sentinel","floor":7},{"not_picked":["Thunderclap","Pommel Strike"],"picked":"Dual Wield+1","floor":8},{"not_picked":["Fire Breathing","Clothesline"],"picked":"Inflame","floor":10}],"player_experience":105784,"relics_obtained":[{"floor":8,"key":"Toxic Egg 2"}],"event_choices":[{"damage_healed":0,"gold_gain":0,"player_choice":"Success","damage_taken":12,"relics_obtained":["Centennial Puzzle"],"max_hp_gain":0,"max_hp_loss":0,"event_name":"Scrap Ooze","floor":2,"gold_loss":0},{"damage_healed":0,"gold_gain":0,"player_choice":"Paid Gold","damage_taken":0,"relics_obtained":["Dream Catcher"],"max_hp_gain":0,"max_hp_loss":0,"event_name":"WeMeetAgain","floor":4,"gold_loss":58}],"is_beta":false,"boss_relics":[],"items_purged_floors":[],"is_endless":false,"potions_floor_spawned":[1,3],"killed_by":"3 Sentries","ascension_level":1}}