{"host":"ELF","time":1611246323,"event":{"mods":["BaseMod","Bestiary","Minty Spire (QoL Compilation)","Relic Stats","Slay the Relics Exporter"],"gold_per_floor":[118,118,193,193,214,250,250,276,303,303,150,150,188,275,287,389,401,431,443,505,517,546,558,583,607,619,631,631],"floor_reached":27,"language":"ENG","playtime":1328,"items_purged":["Injury"],"score":434,"play_id":"3bc3f915-594f-48cf-ac39-88665321effc","local_time":"20210121102523","is_ascension_mode":true,"campfire_choices":[{"floor":7,"key":"REST"},{"floor":10,"key":"REST"},{"floor":12,"key":"REST"},{"floor":15,"key":"REST"},{"floor":23,"key":"REST"}],"circlet_count":0,"master_deck":["AscendersBane","Strike_G","Strike_G","Strike_G","Strike_G","Strike_G+1","Defend_G+1","Defend_G+1","Defend_G","Defend_G","Defend_G","Survivor","Neutralize","Dash+1","Well Laid Plans","Dagger Spray","Noxious Fumes","Noxious Fumes","A Thousand Cuts","Dash","Night Terror","Decay","Footwork","Blade Dance","PiercingWail","Predator+1","Parasite"],"relics":["Ring of the Snake","Nunchaku","Bloody Idol","Whetstone","Anchor","Juzu Bracelet","MawBank","Dream Catcher","Cursed Key","War Paint"],"acts_visited":["Exordium","TheCity"],"potions_floor_usage":[13,13,18,24],"damage_taken":[{"damage":3.0,"enemies":"Cultist","floor":1.0,"turns":5.0},{"damage":2.0,"enemies":"Jaw Worm","floor":5.0,"turns":4.0},{"damage":42.0,"enemies":"Gremlin Nob","floor":6.0,"turns":5.0},{"damage":20,"enemies":"Lagavulin","floor":13,"turns":6},{"damage":21,"enemies":"3 Sentries","floor":14,"turns":7},{"damage":38,"enemies":"The Guardian","floor":16,"turns":12},{"damage":20,"enemies":"Chosen","floor":18,"turns":6},{"damage":10,"enemies":"Shell Parasite","floor":22,"turns":7},{"damage":60,"enemies":"Cultist and Chosen","floor":24,"turns":7},{"damage":3,"enemies":"Centurion and Healer","floor":25,"turns":8},{"damage":36,"enemies":"Shelled Parasite and Fungi","floor":27,"turns":6}],"seed_played":"2024061402945224138","potions_obtained":[{"floor":5.0,"key":"Fire Potion"},{"floor":6,"key":"Poison Potion"},{"floor":13,"key":"Swift Potion"},{"floor":18,"key":"SkillPotion"},{"floor":25,"key":"LiquidBronze"}],"is_trial":false,"path_per_floor":["M","?","?","?","M","E","R","T","T","R","$","R","E","?","R","B",null,"M","?","?","?","M","R","M","M","T","M"],"character_chosen":"THE_SILENT","items_purchased":["Noxious Fumes"],"campfire_rested":5,"item_purchase_floors":[11],"current_hp_per_floor":[56,56,45,50,48,6,27,27,27,48,48,69,49,28,49,11,56,36,36,36,36,36,62,12,19,24,0,0],"gold":631,"neow_bonus":"RANDOM_COMMON_RELIC","is_daily":false,"chose_seed":false,"campfire_upgraded":0,"win_rate":0.0,"timestamp":1611246323,"path_taken":["M","?","?","?","M","E","R","?","T","R","$","R","E","?","R","BOSS","M","?","?","?","M","R","M","M","T","M"],"items_purchased_type":["Card"],"build_version":"2020-12-18","purchased_purges":1,"victory":false,"max_hp_per_floor":[66,66,66,71,71,71,71,71,71,71,71,71,71,71,71,71,71,71,71,71,71,71,71,71,71,71,71,71],"relic_stats":{"Nunchaku":[12],"Dream Catcher":2,"counters":[11,73],"Bloody Idol":45,"Juzu Bracelet":2,"Whetstone":["Dash","Strike_G"],"War Paint":["Defend_G","Defend_G"],"MawBank":168,"Cursed Key":1,"obtain_stats":[{"Nunchaku":0,"Anchor":8,"Dream Catcher":14,"Golden Idol":2,"Bloody Idol":21,"Juzu Bracelet":9,"Whetstone":6,"War Paint":26,"MawBank":13,"Cursed Key":17,"Ring of the Snake":0},{"Nunchaku":0,"Anchor":3,"Dream Catcher":5,"Golden Idol":1,"Bloody Idol":7,"Juzu Bracelet":3,"Whetstone":3,"War Paint":10,"MawBank":4,"Cursed Key":6,"Ring of the Snake":0},{"Nunchaku":0,"Anchor":14,"Dream Catcher":27,"Golden Idol":5,"Bloody Idol":45,"Juzu Bracelet":14,"Whetstone":14,"War Paint":67,"MawBank":20,"Cursed Key":39,"Ring of the Snake":0}],"Ring of the Snake":[22]},"card_choices":[{"not_picked":["Acrobatics","Blur"],"picked":"Dash","floor":1.0},{"not_picked":["Underhanded Strike","Concentrate"],"picked":"Well Laid Plans","floor":5.0},{"not_picked":["All Out Attack","Poisoned Stab"],"picked":"Dagger Spray","floor":6},{"not_picked":["Quick Slash","Cloak And Dagger"],"picked":"Noxious Fumes","floor":13},{"not_picked":["Flechettes","Finisher"],"picked":"A Thousand Cuts","floor":14},{"not_picked":["Cloak And Dagger","Masterful Stab"],"picked":"Dash","floor":15},{"not_picked":["Storm of Steel","Envenom"],"picked":"Night Terror","floor":16},{"not_picked":["Escape Plan+1","Choke","Prepared"],"picked":"SKIP","floor":18},{"not_picked":["Reflex","Slice"],"picked":"Footwork","floor":22},{"not_picked":["All Out Attack","Underhanded Strike+1"],"picked":"Blade Dance","floor":23},{"not_picked":["Eviscerate","Accuracy"],"picked":"PiercingWail","floor":24},{"not_picked":["Skewer","Backflip+1"],"picked":"Predator+1","floor":25}],"player_experience":3252256,"relics_obtained":[{"floor":6,"key":"Whetstone"},{"floor":8,"key":"Anchor"},{"floor":9,"key":"Juzu Bracelet"},{"floor":13,"key":"MawBank"},{"floor":14,"key":"Dream Catcher"},{"floor":26,"key":"War Paint"}],"event_choices":[{"damage_healed":0.0,"max_hp_gain":0.0,"max_hp_loss":0.0,"gold_gain":0.0,"event_name":"Golden Idol","player_choice":"Take Wound","floor":2.0,"gold_loss":0.0,"damage_taken":0.0,"relics_obtained":["Golden Idol"],"cards_obtained":["Injury"]},{"damage_healed":0.0,"max_hp_gain":0.0,"max_hp_loss":0.0,"gold_gain":75.0,"event_name":"World of Goop","player_choice":"Gather Gold","floor":3.0,"gold_loss":0.0,"damage_taken":11.0},{"damage_healed":0.0,"max_hp_gain":5.0,"max_hp_loss":0.0,"gold_gain":0.0,"event_name":"Big Fish","player_choice":"Donut","floor":4.0,"gold_loss":0.0,"damage_taken":0.0},{"damage_healed":0,"gold_gain":0,"player_choice":"Searched \u00271\u0027 times","damage_taken":0,"max_hp_gain":0,"max_hp_loss":0,"event_name":"Dead Adventurer","floor":14,"gold_loss":0},{"damage_healed":0,"gold_gain":0,"player_choice":"Cursed","damage_taken":0,"max_hp_gain":0,"max_hp_loss":0,"event_name":"Wheel of Change","floor":19,"gold_loss":0,"cards_obtained":["Decay"]},{"damage_healed":0,"gold_gain":50,"player_choice":"Stole From Cult","damage_taken":0,"max_hp_gain":0,"max_hp_loss":0,"event_name":"Nest","floor":20,"gold_loss":0},{"damage_healed":0,"gold_gain":0,"player_choice":"Gave Idol","damage_taken":0,"relics_obtained":["Bloody Idol"],"max_hp_gain":0,"max_hp_loss":0,"event_name":"Forgotten Altar","floor":21,"relics_lost":["Golden Idol"],"gold_loss":0}],"is_beta":true,"boss_relics":[{"not_picked":["Philosopher\u0027s Stone","SacredBark"],"picked":"Cursed Key"}],"items_purged_floors":[11],"is_endless":false,"potions_floor_spawned":[5,6,13,18,25],"killed_by":"Shelled Parasite and Fungi","ascension_level":20}}