{"host":"zx8rmvlb08usbkpl","time":1611265634,"event":{"mods":["BaseMod","BetterRewards","Colored Powertips","Downfall","GifTheSpireLib","Marisa????????","Minty Spire (QoL Compilation)","Quick Restart","StSLib","Stuff the Spire","The Bug Knight","The Senshi"],"gold_per_floor":[99,119,119,139,158,58,58,84,84,104,139,154,154,168,184,279,279,279,279,297,149,164,3,28,53,53,14,14,14],"floor_reached":28,"language":"ENG","playtime":3155,"items_purged":["Defend_G"],"score":248,"play_id":"0229d8fa-02d1-46e7-9424-261fc841f911","local_time":"20210121164713","daily_mods":["Heirloom","DeadlyEvents","Elite Swarm","Lethality"],"is_ascension_mode":false,"campfire_choices":[{"floor":1.0,"key":"RECALL"},{"floor":9,"key":"REST"},{"data":"expansioncontent:YouAreMine","floor":18,"key":"SMITH"}],"circlet_count":0,"master_deck":["Strike_G","Strike_G","Strike_G","Strike_G","Strike_G","Defend_G","Defend_G","Defend_G","Defend_G","Survivor","Neutralize","Acrobatics","Tactician","Noxious Fumes","Cloak And Dagger+1","expansioncontent:YouAreMine+1","Phantasmal Killer","Storm of Steel","Blur","PiercingWail","Outmaneuver","Phantasmal Killer","Tactician+1","StuffTheSpire:BrainWave","Calculated Gamble+1","Burst","Footwork","downfall:Bewildered","Noxious Fumes+1","Sucker Punch"],"relics":["StuffTheSpire:OccultApparatus","Girya","Paper Crane","Bronze Scales","sneckomod:SneckoTalon","War Paint","Art of War","sneckomod:BabySnecko"],"acts_visited":["Exordium","TheCity"],"potions_floor_usage":[11,16,16,16,28],"damage_taken":[{"damage":2.0,"enemies":"Jaw Worm","floor":2.0,"turns":2.0},{"damage":9.0,"enemies":"2 Louse","floor":4.0,"turns":4.0},{"damage":2.0,"enemies":"Small Slimes","floor":5.0,"turns":3.0},{"damage":15,"enemies":"downfall:FleeingMerchant","floor":6,"turns":4},{"damage":13,"enemies":"Lagavulin","floor":8,"turns":6},{"damage":0,"enemies":"3 Louse","floor":10,"turns":3},{"damage":5,"enemies":"Gremlin Nob","floor":11,"turns":4},{"damage":11,"enemies":"Exordium Wildlife","floor":12,"turns":3},{"damage":5,"enemies":"Large Slime","floor":14,"turns":3},{"damage":12,"enemies":"2 Fungi Beasts","floor":15,"turns":3},{"damage":11,"enemies":"WA_ARCHETYPE_RETAIN","floor":16,"turns":3},{"damage":0,"enemies":"Chosen","floor":19,"turns":1},{"damage":21,"enemies":"Sentry and Sphere","floor":20,"turns":4},{"damage":5,"enemies":"Snecko","floor":22,"turns":4},{"damage":9,"enemies":"downfall:FleeingMerchant","floor":23,"turns":4},{"damage":11,"enemies":"HollowMod:Nosk","floor":25,"turns":8},{"damage":0,"enemies":"downfall:FleeingMerchant","floor":27,"turns":4},{"damage":32,"enemies":"Shelled Parasite and Fungi","floor":28,"turns":2}],"seed_played":"-8507635603317100619","potions_obtained":[{"floor":4.0,"key":"PowerPotion"},{"floor":10,"key":"DistilledChaos"},{"floor":11,"key":"Swift Potion"},{"floor":14,"key":"bronze:BurnAndBuffPotion"},{"floor":20,"key":"GamblersBrew"}],"is_trial":true,"path_per_floor":["R","M","?","M","M","$","T","E","R","M","E","M","?","M","M","B",null,"R","M","M","?","M","$","T","E","?","$","M"],"character_chosen":"THE_SILENT","items_purchased":["expansioncontent:YouAreMine","Footwork","Sucker Punch"],"campfire_rested":1,"item_purchase_floors":[6,23,27],"current_hp_per_floor":[70,68,68,59,57,42,42,29,50,50,45,34,34,29,17,6,70,70,70,49,49,44,35,35,24,24,24,0,0],"gold":14,"neow_bonus":"","is_daily":false,"chose_seed":false,"campfire_upgraded":1,"win_rate":0.0,"timestamp":1611265633,"path_taken":["R","M","?","M","M","$","T","E","R","M","E","M","?","M","M","BOSS","R","M","M","?","M","$","T","E","?","$","?"],"items_purchased_type":["Card","Card","Card"],"build_version":"2020-12-22","purchased_purges":1,"victory":false,"max_hp_per_floor":[70,70,70,70,70,70,70,70,70,70,70,70,70,70,70,70,70,70,70,70,70,70,70,70,70,70,70,70,70],"card_choices":[{"not_picked":["StuffTheSpire:ClusterCrunch","Dodge and Roll"],"picked":"Acrobatics","floor":2.0},{"not_picked":["Crippling Poison","Footwork"],"picked":"Tactician","floor":4.0},{"not_picked":["Cloak And Dagger","Deflect"],"picked":"Noxious Fumes","floor":5},{"not_picked":["Flechettes","Choke"],"picked":"Cloak And Dagger","floor":6},{"not_picked":["Glass Knife","Envenom"],"picked":"Phantasmal Killer","floor":8},{"not_picked":["Acrobatics","Endless Agony","StuffTheSpire:Python"],"picked":"SKIP","floor":10},{"not_picked":["Die Die Die","Doppelganger"],"picked":"Storm of Steel","floor":11},{"not_picked":["StuffTheSpire:Python","Quick Slash"],"picked":"Blur","floor":12},{"not_picked":["Poisoned Stab","Deadly Poison"],"picked":"PiercingWail","floor":14},{"not_picked":["Flechettes","Deadly Poison"],"picked":"Outmaneuver","floor":15},{"not_picked":["Storm of Steel","Grand Finale"],"picked":"Phantasmal Killer","floor":16},{"not_picked":["Heel Hook","Terror"],"picked":"Tactician","floor":19},{"not_picked":["Bane","Dagger Spray+1","StuffTheSpire:ClusterCrunch"],"picked":"SKIP","floor":20},{"not_picked":["Dagger Spray+1","Quick Slash"],"picked":"Calculated Gamble+1","floor":22},{"not_picked":["Prepared","Slice"],"picked":"Burst","floor":23},{"not_picked":["Doppelganger","Wraith Form v2","Burst"],"picked":"SKIP","floor":25},{"not_picked":["StuffTheSpire:BumpUp","Underhanded Strike"],"picked":"Noxious Fumes+1","floor":27}],"player_experience":951508,"relics_obtained":[{"floor":8,"key":"Paper Crane"},{"floor":11,"key":"Bronze Scales"},{"floor":24,"key":"War Paint"},{"floor":25,"key":"Art of War"}],"event_choices":[],"is_beta":false,"boss_relics":[{"not_picked":["WristBlade","SlaversCollar"],"picked":"sneckomod:SneckoTalon"}],"items_purged_floors":[23],"is_endless":true,"potions_floor_spawned":[4,10,11,14,15,20],"killed_by":"Shelled Parasite and Fungi","ascension_level":0}}