{"host":"lf8w6lk2ipwfzeol","time":1611241111,"event":{"mods":["ATMod(阿瑾Mod)","Act Like it!","BaseMod","BetterRewards","Downfall","Hermit","Minty Spire (QoL Compilation)","Quick Restart","Robot Space Explorer","Spicy Shops","StSLib","TestMod","The Cursed","The Hierophant","The Marked","The Runesmith","The Servant 0.9.4","Youmu（魂魄妖梦）"],"gold_per_floor":[120,120,135,135,151,151,168,203,203,251,251,266,6,28,28,160,160,181,181,200,217,217,255,275,275,275,301,431,460,385,41,41,175,175,204,537,537,558,578,628,652,669,669,690,1090,1090,1120,1133,1133,1140,1140,1140,412,450,459],"floor_reached":56,"language":"ZHS","playtime":2324,"items_purged":["Injury","Strike_YM"],"score":1488,"play_id":"af1a27a0-9f8d-423e-8778-7ae3aeca9ba7","local_time":"20210121225831","is_ascension_mode":false,"campfire_choices":[{"data":"AT_EmpoweredMortalDraw","floor":6,"key":"SMITH"},{"floor":15,"key":"RECALL"},{"data":"1","floor":25,"key":"LIFT"},{"data":"2","floor":32,"key":"LIFT"},{"data":"3","floor":46,"key":"LIFT"},{"data":"StrangeHalfBody","floor":49,"key":"SMITH"},{"data":"GreatEnlightenmentAppearingAndDisappearing","floor":52,"key":"SMITH"}],"circlet_count":0,"master_deck":["Strike_YM","Strike_YM","Strike_YM","Defend_YM","Defend_YM","Defend_YM","Defend_YM","SlashOfPresentWorld","WheelOfPainOfLivingAndDead+1","AT_EmpoweredMortalDraw+1","SlashOfMeditation","SlashOfDepartureFromHesitation","TenKingsRetributionOnThePreta","HumanGodSword","SlashOfMeditation","GreatEnlightenmentAppearingAndDisappearing+1","LifeCuttingSword","CherryBlossomSword","CrescentMoonSlash+1","ConstancyOfTheConventionalTruth","AT_EmpoweredMortalDraw+1","HellGodSword","SpiderLilyBurial+1","ObsessionSword+1","IrresoluteSoul","HeavenGodSword","StrangeHalfBody+1","HellFireSword"],"relics":["HalfPhantom","testmod-DeterminationOfClimber","testmod-ThousandKnives","Pen Nib","AT_EbonyIvory","Mercury Hourglass","Pear","Girya","AT_ImmortalShieldbow","Runesmith:Nanobots","FencingExperience","testmod-CardMagician","Bag of Preparation","Roukanken","Smiling Mask","testmod-ConstraintPeriapt","testmod-Justice","Calipers","Philosopher\u0027s Stone","AT_ATBox","AT_GoldPhoenixTree","Bottled Tornado","Strange Spoon","War Paint","Lantern","AT_ChloranthyRing","AT_BellowingDragoncrestRing"],"acts_visited":["Exordium","TheCity","TheBeyond","TheEnding"],"potions_floor_usage":[42,55,55],"damage_taken":[{"damage":1,"enemies":"Jaw Worm","floor":1,"turns":2},{"damage":0,"enemies":"2 Louse","floor":3,"turns":2},{"damage":0,"enemies":"Cultist","floor":5,"turns":2},{"damage":3,"enemies":"Red Slaver","floor":7,"turns":2},{"damage":0,"enemies":"3 Sentries","floor":8,"turns":1},{"damage":14,"enemies":"Gremlin Nob","floor":10,"turns":3},{"damage":0,"enemies":"2 Fungi Beasts","floor":12,"turns":1},{"damage":0,"enemies":"Lots of Slimes","floor":14,"turns":1},{"damage":0,"enemies":"Slime Boss","floor":16,"turns":4},{"damage":0,"enemies":"Spheric Guardian","floor":18,"turns":1},{"damage":9,"enemies":"3 Byrds","floor":20,"turns":3},{"damage":0,"enemies":"Centurion and Healer","floor":21,"turns":2},{"damage":5,"enemies":"Slavers","floor":23,"turns":3},{"damage":0,"enemies":"3 Cultists","floor":24,"turns":2},{"damage":0,"enemies":"Colosseum Slavers","floor":28,"turns":1},{"damage":15,"enemies":"Colosseum Nobs","floor":28,"turns":3},{"damage":0,"enemies":"Snecko","floor":29,"turns":2},{"damage":18,"enemies":"Collector","floor":33,"turns":3},{"damage":0,"enemies":"3 Shapes","floor":35,"turns":2},{"damage":6,"enemies":"Orb Walker","floor":38,"turns":3},{"damage":0,"enemies":"3 Darklings","floor":39,"turns":1},{"damage":0,"enemies":"Giant Head","floor":40,"turns":3},{"damage":0,"enemies":"Writhing Mass","floor":41,"turns":2},{"damage":5,"enemies":"4 Shapes","floor":42,"turns":1},{"damage":0,"enemies":"Sphere and 2 Shapes","floor":44,"turns":3},{"damage":0,"enemies":"Transient","floor":47,"turns":5},{"damage":0,"enemies":"Spire Growth","floor":48,"turns":2},{"damage":0,"enemies":"Donu and Deca","floor":50,"turns":4},{"damage":30,"enemies":"Shield and Spear","floor":54,"turns":2},{"damage":44,"enemies":"The Heart","floor":55,"turns":4}],"seed_played":"-4116517119158116273","potions_obtained":[{"floor":5,"key":"Strength Potion"},{"floor":8,"key":"Dexterity Potion"},{"floor":12,"key":"SneckoOil"},{"floor":38,"key":"FairyPotion"},{"floor":44,"key":"BlessingOfTheForge"}],"is_trial":false,"path_per_floor":["M","?","M","?","M","R","M","E","T","E","T","M","$","M","R","B",null,"M","?","M","M","?","E","M","R","T","T","?","M","?","$","R","B",null,"M","?","?","M","M","E","M","M","T","M","?","R","M","M","R","B",null,"R","$","E","B",null],"character_chosen":"YOUMU","items_purchased":["SlashOfMeditation","Pen Nib","AT_EbonyIvory","Mercury Hourglass","FencingExperience","Calipers","Strange Spoon","War Paint","Lantern","AT_ChloranthyRing","HellFireSword"],"campfire_rested":0,"item_purchase_floors":[0,0,0,0,13,31,53,53,53,53,53],"current_hp_per_floor":[40,40,40,50,51,51,50,50,50,40,40,40,40,43,43,48,85,85,85,79,82,82,81,83,83,83,83,72,76,76,76,76,68,85,85,85,85,81,82,85,85,81,81,83,83,83,85,85,85,85,85,85,85,57,80],"gold":459,"neow_bonus":"","is_daily":false,"chose_seed":false,"campfire_upgraded":3,"win_rate":0.0,"timestamp":1611241111,"path_taken":["M","?","M","?","M","R","M","E","T","E","?","?","?","M","R","BOSS","M","?","M","M","?","E","?","R","T","?","?","M","?","?","R","BOSS","M","?","?","M","M","E","M","M","T","M","?","R","M","M","R","BOSS","R","$","E","BOSS"],"items_purchased_type":["Card","Relic","Relic","Relic","Relic","Relic","Relic","Relic","Relic","Relic","Card"],"build_version":"2020-12-22","purchased_purges":2,"victory":true,"max_hp_per_floor":[75,75,75,85,85,85,85,85,85,85,85,85,85,85,85,85,85,85,85,85,85,85,85,85,85,85,85,85,85,85,85,85,85,85,85,85,85,85,85,85,85,85,85,85,85,85,85,85,85,85,85,85,85,85,85],"card_choices":[{"not_picked":["CherryBlossomFlashing","SwordOfBindingDesires"],"picked":"SlashOfDepartureFromHesitation","floor":1},{"not_picked":["SanzenSekai","LifeCuttingSword"],"picked":"TenKingsRetributionOnThePreta","floor":3},{"not_picked":["HellGodSword","HumanKnowledgeSword"],"picked":"HumanGodSword","floor":5},{"not_picked":["SpiderLilyBurial","BloodOfAsura","SwordOfBindingDesires"],"picked":"SKIP","floor":7},{"not_picked":["LowerRealmReflectionSlash","SwordOfBindingDesires"],"picked":"SlashOfMeditation","floor":8},{"not_picked":["ThreeKonsSevenHakus","SlashOfDepartureFromHesitation"],"picked":"GreatEnlightenmentAppearingAndDisappearing","floor":10},{"not_picked":["CrescentMoonSlash","HumanKnowledgeSword","SpiritCuttingSword"],"picked":"SKIP","floor":12},{"not_picked":["CherryBlossomFlashing","LowerRealmReflectionSlash"],"picked":"LifeCuttingSword","floor":14},{"not_picked":["WickedSoul","FastingOfTheYoungPreta"],"picked":"CherryBlossomSword","floor":16},{"not_picked":["TwoHundredYojanaInOneSlash","SwordOfBindingDesires"],"picked":"CrescentMoonSlash+1","floor":18},{"not_picked":["HumanGodSword","DispleasureOfTheSevenHakus"],"picked":"ConstancyOfTheConventionalTruth","floor":20},{"not_picked":["ConstancyOfTheConventionalTruth","DispleasureOfTheSevenHakus","CherryBlossomFlashing"],"picked":"SKIP","floor":21},{"not_picked":["HumanKnowledgeSword","SwordExtraction"],"picked":"HellGodSword","floor":23},{"not_picked":["LowerRealmReflectionSlash","SanzenSekai+1"],"picked":"SpiderLilyBurial","floor":24},{"not_picked":["LowerRealmReflectionSlash+1","PreachingAvici"],"picked":"ObsessionSword+1","floor":29},{"not_picked":["GreatEnlightenmentAppearingAndDisappearing","VoidnessSword"],"picked":"IrresoluteSoul","floor":33},{"not_picked":["AsTheSilentNirvana+1","CherryBlossomFlashing+1","LifeCuttingSword+1"],"picked":"SKIP","floor":35},{"not_picked":["TwoHundredYojanaInOneSlash","ConstancyOfTheConventionalTruth","CherryBlossomFlashing"],"picked":"SKIP","floor":38},{"not_picked":["FantasyOfEnteringEnlightenment+1","SwordOfBindingDesires+1"],"picked":"HeavenGodSword","floor":39},{"not_picked":["LifeCuttingSword","TenKingsRetributionOnThePreta+1","FlashingScatteredFlowers+1"],"picked":"SKIP","floor":40},{"not_picked":["TwoHundredYojanaInOneSlash","CrescentMoonSlash+1","LowerRealmReflectionSlash+1"],"picked":"SKIP","floor":41},{"not_picked":["SpiritCuttingSword+1","ThreeKonsSevenHakus+1","LowerRealmReflectionSlash+1"],"picked":"SKIP","floor":42},{"not_picked":["DispleasureOfTheSevenHakus+1","HumanGodSword+1","ConstancyOfTheConventionalTruth+1"],"picked":"SKIP","floor":44},{"not_picked":["CrescentMoonSlash+1","SwordExtraction+1"],"picked":"StrangeHalfBody","floor":47},{"not_picked":["SanzenSekai","DispleasureOfTheSevenHakus+1","FantasyOfEnteringEnlightenment+1"],"picked":"SKIP","floor":48},{"not_picked":["PhosphoricSlash+1","TwoHundredYojanaInOneSlash","SanzenSekai"],"picked":"SKIP","floor":54}],"player_experience":145699,"relics_obtained":[{"floor":8,"key":"Girya"},{"floor":10,"key":"AT_ImmortalShieldbow"},{"floor":11,"key":"Runesmith:Nanobots"},{"floor":23,"key":"Bag of Preparation"},{"floor":26,"key":"Roukanken"},{"floor":27,"key":"Smiling Mask"},{"floor":28,"key":"testmod-ConstraintPeriapt"},{"floor":28,"key":"testmod-Justice"},{"floor":40,"key":"AT_GoldPhoenixTree"},{"floor":43,"key":"Bottled Tornado"},{"floor":54,"key":"AT_BellowingDragoncrestRing"}],"event_choices":[{"damage_healed":0,"gold_gain":0,"player_choice":"Take Wound","damage_taken":0,"relics_obtained":["Golden Idol"],"max_hp_gain":0,"max_hp_loss":0,"event_name":"Golden Idol","floor":2,"gold_loss":0,"cards_obtained":["Injury"]},{"damage_healed":0,"gold_gain":0,"player_choice":"Box","damage_taken":0,"relics_obtained":["Pear"],"max_hp_gain":0,"max_hp_loss":0,"event_name":"Big Fish","floor":4,"gold_loss":0,"cards_obtained":["Regret"]},{"damage_healed":0,"gold_gain":0,"player_choice":"Ignored","damage_taken":0,"max_hp_gain":0,"max_hp_loss":0,"event_name":"Ghosts","floor":19,"gold_loss":0},{"damage_healed":0,"gold_gain":0,"player_choice":"Copied","damage_taken":0,"max_hp_gain":0,"max_hp_loss":0,"event_name":"Duplicator","floor":22,"gold_loss":0,"cards_obtained":["AT_EmpoweredMortalDraw"]},{"damage_healed":0,"gold_gain":0,"player_choice":"Fight","damage_taken":0,"max_hp_gain":0,"max_hp_loss":0,"event_name":"Colosseum","floor":28,"gold_loss":0},{"damage_healed":0,"gold_gain":0,"player_choice":"Fought Nobs","damage_taken":0,"max_hp_gain":0,"max_hp_loss":0,"event_name":"Colosseum","floor":28,"gold_loss":0},{"cards_removed":["Regret"],"damage_healed":0,"gold_gain":0,"player_choice":"Gave Gold","damage_taken":0,"max_hp_gain":0,"max_hp_loss":0,"event_name":"Beggar","floor":30,"gold_loss":75},{"damage_healed":0,"gold_gain":333,"player_choice":"Gave Idol","damage_taken":0,"max_hp_gain":0,"max_hp_loss":0,"event_name":"The Moai Head","floor":36,"relics_lost":["Golden Idol"],"gold_loss":0},{"damage_healed":0,"gold_gain":0,"player_choice":"Swap Relic","damage_taken":0,"relics_obtained":["AT_ATBox"],"max_hp_gain":0,"max_hp_loss":0,"event_name":"给自己的盒子","floor":37,"relics_lost":["AT_ATBox"],"gold_loss":0},{"damage_healed":0,"gold_gain":400,"player_choice":"Sell","damage_taken":0,"max_hp_gain":0,"max_hp_loss":0,"event_name":"恩洛斯的盘子","floor":45,"relics_lost":["testmod-TestBox"],"gold_loss":0}],"is_beta":false,"boss_relics":[{"not_picked":["SlaversCollar","bronze:MakeshiftBattery"],"picked":"testmod-CardMagician"},{"not_picked":["testmod-SaigiyounoYou","Fusion Hammer"],"picked":"Philosopher\u0027s Stone"}],"items_purged_floors":[31,53],"is_endless":false,"potions_floor_spawned":[5,8,12,14,18,21,24,33,38,41,44,47,48,54],"ascension_level":0}}