{"host":"7sni158j623xchr2","time":1611201741,"event":{"mods":["BaseMod","Colored Map","Highlight Path","Minty Spire (QoL Compilation)","Permanent Neow","Potion Indicator Mod","Rare Cards Sparkle","Relic Sorter","Relic Stats","StSLib","everything is the same but u backflip on backflip"],"gold_per_floor":[119,119,137,151,168,203,203,203,203],"floor_reached":8,"language":"ENG","playtime":265,"items_purged":[],"score":67,"play_id":"97a0412d-9313-4e50-8e72-818a3aaddb05","local_time":"20210120220221","is_ascension_mode":true,"campfire_choices":[{"data":"Eruption","floor":7,"key":"SMITH"}],"circlet_count":0,"master_deck":["Strike_P","Strike_P","Strike_P","Strike_P","Defend_P","Defend_P","Defend_P","Defend_P","Eruption+1","Vigilance","MentalFortress","FollowUp","Weave","Halt","Halt"],"relics":["Runic Pyramid","Oddly Smooth Stone"],"acts_visited":["Exordium"],"potions_floor_usage":[5,5],"damage_taken":[{"damage":0,"enemies":"2 Louse","floor":1,"turns":3},{"damage":0,"enemies":"Cultist","floor":3,"turns":4},{"damage":2,"enemies":"Jaw Worm","floor":4,"turns":3},{"damage":27,"enemies":"Exordium Thugs","floor":5,"turns":4},{"damage":13,"enemies":"Lagavulin","floor":6,"turns":5},{"damage":34,"enemies":"Gremlin Nob","floor":8,"turns":3}],"seed_played":"8659046111257681066","potions_obtained":[{"floor":1,"key":"BlessingOfTheForge"},{"floor":4,"key":"SneckoOil"}],"is_trial":false,"path_per_floor":["M","?","M","M","M","E","R","E"],"character_chosen":"WATCHER","items_purchased":[],"campfire_rested":0,"item_purchase_floors":[],"current_hp_per_floor":[72,72,72,70,43,30,30,0,0],"gold":203,"neow_bonus":"BOSS_RELIC","is_daily":false,"chose_seed":false,"campfire_upgraded":1,"win_rate":0.0,"timestamp":1611201741,"path_taken":["M","?","M","?","M","E","R","E"],"items_purchased_type":[],"build_version":"2020-12-22","purchased_purges":0,"victory":false,"max_hp_per_floor":[72,72,72,72,72,72,72,72,72],"relic_stats":{"counters":[6,22],"obtain_stats":[{"Oddly Smooth Stone":6,"PureWater":0,"Runic Pyramid":0},{"Oddly Smooth Stone":5,"PureWater":0,"Runic Pyramid":0},{"Oddly Smooth Stone":19,"PureWater":0,"Runic Pyramid":0}]},"card_choices":[{"not_picked":["Protect","PathToVictory"],"picked":"MentalFortress","floor":1},{"not_picked":["WreathOfFlame","Indignation"],"picked":"FollowUp","floor":3},{"not_picked":["Perseverance","WindmillStrike"],"picked":"Weave","floor":4},{"not_picked":["DeceiveReality","FlurryOfBlows"],"picked":"Halt","floor":5},{"not_picked":["FlyingSleeves","Sanctity"],"picked":"Halt","floor":6}],"player_experience":1657260,"relics_obtained":[{"floor":6,"key":"Oddly Smooth Stone"}],"event_choices":[{"damage_healed":0,"gold_gain":0,"player_choice":"0 cards matched","damage_taken":0,"max_hp_gain":0,"max_hp_loss":0,"event_name":"Match and Keep!","floor":2,"gold_loss":0,"cards_obtained":[]}],"is_beta":false,"boss_relics":[],"items_purged_floors":[],"is_endless":false,"potions_floor_spawned":[1,4],"killed_by":"Gremlin Nob","ascension_level":3}}