{"host":"ujnw6e0uhhe703dz","time":1611188716,"event":{"mods":["Act Like it!","BaseMod","Beaked The Cultist","Block Reminder","Colored Powertips","Conspire","Friendly Minions","Hubris","JesterMod","Marked Mod","Minty Spire (QoL Compilation)","Relic Stats","SacredBarkPlus","Shop Mod","Spicy Shops","StSLib","The Runesmith","Transform Curses","Uncapped"],"gold_per_floor":[115,115,115,131,142,156,182,182,182,182,202,217,243,308,308,432,432,456,630,643,643,643,676,701,721,744,744,764,783,799,799,799,919,919,939,939,939,958,979,1015,1015,1035,1058,1079,1135,1135,1173,1196,1196,1196,1196,1196,1196,1231,1231,1231],"floor_reached":55,"language":"ENG","playtime":3877,"items_purged":["Injury","jesterMod:Strike"],"score":878,"play_id":"a1737d9f-ea0c-4baa-9359-0919fa645f12","local_time":"20210121002516","is_ascension_mode":false,"campfire_choices":[{"data":"jesterMod:Precipitation","floor":10,"key":"SMITH"},{"floor":15,"key":"REST"},{"data":"jesterMod:Disposophobia","floor":27,"key":"SMITH"},{"data":"jesterMod:Flee","floor":32,"key":"SMITH"},{"floor":46,"key":"RECALL"},{"floor":49,"key":"REST"},{"data":"jesterMod:Mending","floor":52,"key":"SMITH"}],"circlet_count":0,"master_deck":["jesterMod:Strike","jesterMod:Strike","jesterMod:Strike","jesterMod:Sickle","jesterMod:Defend","jesterMod:Defend+1","jesterMod:Defend","jesterMod:Defend+1","jesterMod:Dodge","jesterMod:Prankster","jesterMod:Prankster","jesterMod:Precipitation+1","jesterMod:Precipitation","jesterMod:SelfMockery","jesterMod:Dilapidation","jesterMod:Juggler+1","jesterMod:Dilapidation","jesterMod:Precipitation","jesterMod:Unleash","jesterMod:JugglerBlade","jesterMod:Flee+1","jesterMod:Disposophobia+1","jesterMod:Pause","jesterMod:Mending+1","jesterMod:Precipitation","jesterMod:Dilapidation","jesterMod:Unleash+1","Pain","jesterMod:Pause"],"relics":["jesterMod:JesterCap","hubris:Spice","Golden Idol","Ice Cream","Odd Mushroom","HornCleat","hubris:NiceRug","Frozen Eye","War Paint","Ancient Tea Set","hubris:Icosahedron","WarpedTongs","Centennial Puzzle"],"acts_visited":["Exordium","TheCity","TheBeyond","TheEnding"],"potions_floor_usage":[14,14,23,28,33,40,45,50,50,55],"damage_taken":[{"damage":0,"enemies":"Cultist","floor":1,"turns":6},{"damage":1,"enemies":"2 Louse","floor":4,"turns":4},{"damage":0,"enemies":"Small Slimes","floor":5,"turns":6},{"damage":11,"enemies":"3 Louse","floor":6,"turns":4},{"damage":20,"enemies":"3 Sentries","floor":7,"turns":9},{"damage":0,"enemies":"conspire:2 RoseBushes","floor":11,"turns":4},{"damage":7,"enemies":"Blue Slaver","floor":12,"turns":4},{"damage":12,"enemies":"The Mushroom Lair","floor":13,"turns":4},{"damage":14,"enemies":"Gremlin Nob","floor":14,"turns":4},{"damage":25,"enemies":"The Guardian","floor":16,"turns":12},{"damage":9,"enemies":"Spheric Guardian","floor":18,"turns":4},{"damage":73,"enemies":"hubris:Merchant","floor":19,"turns":6},{"damage":0,"enemies":"Shell Parasite","floor":20,"turns":4},{"damage":4,"enemies":"Book of Stabbing","floor":23,"turns":5},{"damage":0,"enemies":"conspire:HollyBat","floor":24,"turns":5},{"damage":0,"enemies":"Centurion and Healer","floor":25,"turns":4},{"damage":0,"enemies":"Snecko","floor":28,"turns":3},{"damage":0,"enemies":"Cultist and Chosen","floor":29,"turns":4},{"damage":0,"enemies":"Shelled Parasite and Fungi","floor":30,"turns":3},{"damage":10,"enemies":"hubris:MusketHawk","floor":33,"turns":4},{"damage":0,"enemies":"Orb Walker","floor":35,"turns":3},{"damage":0,"enemies":"3 Shapes","floor":38,"turns":3},{"damage":0,"enemies":"3 Darklings","floor":39,"turns":5},{"damage":7,"enemies":"Reptomancer","floor":40,"turns":6},{"damage":1,"enemies":"Transient","floor":42,"turns":5},{"damage":1,"enemies":"Jaw Worm Horde","floor":44,"turns":3},{"damage":55,"enemies":"2 Orb Walkers","floor":45,"turns":6},{"damage":2,"enemies":"beaked:SuperParasite","floor":47,"turns":4},{"damage":1,"enemies":"3 Darklings","floor":48,"turns":3},{"damage":5,"enemies":"Donu and Deca","floor":50,"turns":7},{"damage":30,"enemies":"Shield and Spear","floor":54,"turns":6},{"damage":51,"enemies":"The Heart","floor":55,"turns":9}],"seed_played":"2946546686013541306","potions_obtained":[{"floor":1,"key":"SteroidPotion"},{"floor":7,"key":"BlessingOfTheForge"},{"floor":11,"key":"Strength Potion"},{"floor":18,"key":"Swift Potion"},{"floor":19,"key":"Weak Potion"},{"floor":19,"key":"SpeedPotion"},{"floor":23,"key":"Explosive Potion"},{"floor":25,"key":"Regen Potion"},{"floor":29,"key":"DuplicationPotion"},{"floor":35,"key":"EssenceOfSteel"},{"floor":37,"key":"Regen Potion"},{"floor":44,"key":"SpeedPotion"},{"floor":45,"key":"Strength Potion"},{"floor":54,"key":"SkillPotion"}],"is_trial":false,"path_per_floor":["M","?","?","M","M","M","E","?","T","R","M","M","?","?","R","B",null,"M","$","M","?","$","E","M","M","T","R","M","M","M","?","R","B",null,"M","?","?","M","M","E","?","M","T","M","?","R","E","M","R","B",null,"R","$","E","B"],"character_chosen":"THE_JESTER","items_purchased":["jesterMod:Precipitation"],"campfire_rested":2,"item_purchase_floors":[19],"current_hp_per_floor":[77,77,77,76,76,65,53,53,53,53,53,46,34,20,45,20,93,84,11,11,11,11,7,7,7,7,7,16,16,16,16,16,6,61,61,61,61,61,61,54,54,53,53,52,6,6,4,3,18,13,53,53,53,23,0,0],"gold":1231,"neow_bonus":"TEN_PERCENT_HP_BONUS","is_daily":false,"chose_seed":false,"campfire_upgraded":4,"win_rate":0.0,"timestamp":1611188716,"path_taken":["M","?","?","M","M","?","E","?","T","R","M","M","?","?","R","BOSS","M","$","M","?","$","E","M","M","T","R","M","M","M","?","R","BOSS","M","?","?","M","?","E","?","?","T","M","?","R","E","M","R","BOSS","R","$","E","BOSS"],"items_purchased_type":["Card"],"build_version":"2020-12-22","purchased_purges":2,"victory":false,"max_hp_per_floor":[77,77,77,77,77,77,85,85,85,85,85,85,85,85,85,85,93,93,61,61,61,61,61,61,61,61,61,61,61,61,61,61,61,61,61,61,61,61,61,61,61,61,61,61,53,53,53,53,53,53,53,53,53,45,45,45],"relic_stats":{"Centennial Puzzle":[12],"counters":[32,159],"Golden Idol":261,"War Paint":["jesterMod:Defend","jesterMod:Defend"],"obtain_stats":[{"Ice Cream":9,"Golden Idol":8,"jesterMod:JesterCap":0,"Odd Mushroom":13,"War Paint":19,"Ancient Tea Set":23,"WarpedTongs":41,"Frozen Eye":19,"Centennial Puzzle":47,"HornCleat":14,"hubris:Icosahedron":31,"hubris:Spice":7,"hubris:NiceRug":19},{"Ice Cream":5,"Golden Idol":5,"jesterMod:JesterCap":0,"Odd Mushroom":8,"War Paint":12,"Ancient Tea Set":14,"WarpedTongs":24,"Frozen Eye":12,"Centennial Puzzle":28,"HornCleat":9,"hubris:Icosahedron":19,"hubris:Spice":5,"hubris:NiceRug":12},{"Ice Cream":29,"Golden Idol":29,"jesterMod:JesterCap":0,"Odd Mushroom":41,"War Paint":67,"Ancient Tea Set":76,"WarpedTongs":116,"Frozen Eye":67,"Centennial Puzzle":134,"HornCleat":45,"hubris:Icosahedron":95,"hubris:Spice":29,"hubris:NiceRug":67}],"WarpedTongs":[43]},"card_choices":[{"not_picked":["jesterMod:Disposophobia","jesterMod:RecklessStrike"],"picked":"jesterMod:Prankster","floor":1},{"not_picked":["jesterMod:Schizophrenia","jesterMod:JackInTheBox"],"picked":"jesterMod:Prankster","floor":4},{"not_picked":["jesterMod:ButterKnife","jesterMod:Taunt","jesterMod:QuickStrike"],"picked":"SKIP","floor":5},{"not_picked":["jesterMod:Patience","jesterMod:Exasperation"],"picked":"jesterMod:Precipitation","floor":6},{"not_picked":["jesterMod:SwiftDodge","jesterMod:OblivionStrike"],"picked":"jesterMod:Precipitation","floor":7},{"not_picked":["jesterMod:QuickStrike","jesterMod:Rebuff"],"picked":"jesterMod:SelfMockery","floor":11},{"not_picked":["jesterMod:OblivionStrike","jesterMod:MudBall","jesterMod:Tinker"],"picked":"SKIP","floor":12},{"not_picked":["jesterMod:PerfectDodge","jesterMod:SmokeScreen"],"picked":"jesterMod:Dilapidation","floor":14},{"not_picked":["jesterMod:Pillage","jesterMod:Squander"],"picked":"jesterMod:Juggler","floor":16},{"not_picked":["jesterMod:QuickStrike+1","jesterMod:Rebuff"],"picked":"jesterMod:Dilapidation","floor":18},{"not_picked":[],"picked":"jesterMod:Unleash","floor":19},{"not_picked":["jesterMod:MudBall"],"picked":"SKIP","floor":19},{"not_picked":["jesterMod:Talion"],"picked":"SKIP","floor":19},{"not_picked":["jesterMod:Hide"],"picked":"SKIP","floor":19},{"not_picked":["Good Instincts"],"picked":"SKIP","floor":19},{"not_picked":["Violence"],"picked":"SKIP","floor":19},{"not_picked":["jesterMod:Contradiction+1","jesterMod:Rebuff","hubris:SpiceAddiction"],"picked":"SKIP","floor":20},{"not_picked":["jesterMod:Disposophobia","hubris:SpiceAddiction"],"picked":"jesterMod:JugglerBlade","floor":23},{"not_picked":["jesterMod:Trance","jesterMod:Patience+1"],"picked":"jesterMod:Flee","floor":24},{"not_picked":["jesterMod:Dilapidation","jesterMod:SelfMockery+1"],"picked":"jesterMod:Disposophobia","floor":25},{"not_picked":["hubris:SpiceAddiction","jesterMod:PerfectDodge"],"picked":"jesterMod:Pause","floor":28},{"not_picked":["jesterMod:BouncingKnife","hubris:SpiceAddiction"],"picked":"jesterMod:Mending","floor":29},{"not_picked":["jesterMod:Talion+1","jesterMod:OblivionStrike","jesterMod:SelfMockery"],"picked":"SKIP","floor":30},{"not_picked":["jesterMod:DancingMad","jesterMod:Rebuff"],"picked":"jesterMod:Precipitation","floor":35},{"not_picked":["jesterMod:QuickStrike+1","jesterMod:Feint","jesterMod:RecklessStrike+1"],"picked":"SKIP","floor":38},{"not_picked":["jesterMod:Loot","jesterMod:SmokeScreen+1"],"picked":"jesterMod:Dilapidation","floor":39},{"not_picked":["jesterMod:Frenzy+1","hubris:SpiceAddiction"],"picked":"jesterMod:Unleash+1","floor":40},{"not_picked":["jesterMod:Schizophrenia","hubris:SpiceAddiction","jesterMod:Juggler"],"picked":"SKIP","floor":42},{"not_picked":["jesterMod:SwiftDodge+1","jesterMod:QuickStrike","jesterMod:DesperateStrike+1"],"picked":"SKIP","floor":44},{"not_picked":["hubris:SpiceAddiction","jesterMod:SmokeScreen+1","jesterMod:JackInTheBox"],"picked":"SKIP","floor":47},{"not_picked":["jesterMod:SmokeScreen+1","jesterMod:SelfMockery+1","jesterMod:Prankster+1"],"picked":"SKIP","floor":48},{"not_picked":["jesterMod:Anticipation","jesterMod:ExperimentalTreatment"],"picked":"jesterMod:Pause","floor":54}],"player_experience":477760,"relics_obtained":[{"floor":7,"key":"hubris:Spice"},{"floor":9,"key":"Ice Cream"},{"floor":13,"key":"Odd Mushroom"},{"floor":14,"key":"HornCleat"},{"floor":19,"key":"hubris:Spice"},{"floor":19,"key":"hubris:Spice"},{"floor":19,"key":"Frozen Eye"},{"floor":19,"key":"War Paint"},{"floor":19,"key":"hubris:Spice"},{"floor":19,"key":"hubris:Spice"},{"floor":23,"key":"Ancient Tea Set"},{"floor":45,"key":"hubris:Spice"},{"floor":47,"key":"Centennial Puzzle"},{"floor":54,"key":"hubris:Spice"}],"event_choices":[{"damage_healed":0,"gold_gain":0,"player_choice":"Leave","damage_taken":0,"max_hp_gain":0,"max_hp_loss":0,"event_name":"conspire:Investor","floor":2,"gold_loss":0},{"damage_healed":0,"gold_gain":0,"player_choice":"Ignored","damage_taken":0,"max_hp_gain":0,"max_hp_loss":0,"event_name":"NoteForYourself","floor":3,"gold_loss":0},{"damage_healed":0,"gold_gain":0,"player_choice":"Take Wound","damage_taken":0,"relics_obtained":["Golden Idol"],"max_hp_gain":0,"max_hp_loss":0,"event_name":"Golden Idol","floor":8,"gold_loss":0,"cards_obtained":["Injury"]},{"damage_healed":0,"gold_gain":0,"player_choice":"Fought Mushrooms","damage_taken":0,"max_hp_gain":0,"max_hp_loss":0,"event_name":"Mushrooms","floor":13,"gold_loss":0},{"damage_healed":0,"gold_gain":30,"player_choice":"Searched \u00273\u0027 times","damage_taken":0,"max_hp_gain":0,"max_hp_loss":0,"event_name":"Dead Adventurer","floor":14,"gold_loss":0},{"damage_healed":0,"gold_gain":0,"player_choice":"Ignored","damage_taken":0,"max_hp_gain":0,"max_hp_loss":0,"event_name":"Tomb of Lord Red Mask","floor":36,"gold_loss":0},{"damage_healed":0,"gold_gain":0,"player_choice":"Got Potions","damage_taken":0,"max_hp_gain":0,"max_hp_loss":0,"event_name":"Lab","floor":37,"gold_loss":0},{"damage_healed":0,"gold_gain":0,"player_choice":"Rummage","damage_taken":0,"relics_obtained":["WarpedTongs"],"max_hp_gain":0,"max_hp_loss":0,"event_name":"Accursed Blacksmith","floor":41,"gold_loss":0,"cards_obtained":["Pain"]},{"damage_healed":0,"gold_gain":0,"player_choice":"Fight","damage_taken":0,"max_hp_gain":0,"max_hp_loss":0,"event_name":"Mysterious Sphere","floor":45,"gold_loss":0}],"is_beta":false,"boss_relics":[{"not_picked":["hubris:CrackedHourglass","Snecko Eye"],"picked":"hubris:Spice"},{"not_picked":["Velvet Choker","hubris:BlackHole","hubris:Spice"]}],"items_purged_floors":[19,19],"is_endless":false,"potions_floor_spawned":[1,7,11,12,18,20,23,25,29,35,39,44,45,47,54],"killed_by":"The Heart","ascension_level":0}}