{"host":"usrgk25etjl0nf5i","time":1611204908,"event":{"mods":["2.2 Compatiblity","BaseMod","Downfall","Hubris","Minty Spire (QoL Compilation)","StSLib","SuperFastMode"],"gold_per_floor":[110,122,122,182,196,196,2,36,36,52,52,86,136,146,146,242,242,252,263,313,388,438,438,438],"floor_reached":23,"language":"ENG","playtime":843,"items_purged":[],"score":283,"play_id":"c364e6f6-bd43-4e9e-9f4b-f17b9ea5a08b","local_time":"20210120205508","is_ascension_mode":true,"campfire_choices":[{"data":"Eruption","floor":6,"key":"SMITH"},{"data":"WindmillStrike","floor":11,"key":"SMITH"},{"floor":15,"key":"REST"}],"circlet_count":0,"master_deck":["Strike_P","Strike_P","Strike_P","Strike_P","Defend_P","Defend_P","Defend_P","Eruption+1","Vigilance","Protect","WindmillStrike+1","WheelKick","Wireheading","FlyingSleeves","SandsOfTime","Consecrate","FlurryOfBlows","EmptyFist","Wish","Protect","WindmillStrike","Writhe","FollowUp+1"],"relics":["PureWater","SsserpentHead","Ancient Tea Set","WingedGreaves","Dead Branch","StrikeDummy","hubris:TerracottaHorce","Lantern","Red Mask","Bag of Preparation"],"acts_visited":["Exordium","TheCity"],"potions_floor_usage":[8,8,16,16],"damage_taken":[{"damage":0,"enemies":"Jaw Worm","floor":1,"turns":4},{"damage":0,"enemies":"Cultist","floor":2,"turns":4},{"damage":1,"enemies":"Small Slimes","floor":4,"turns":4},{"damage":14,"enemies":"3 Louse","floor":5,"turns":2},{"damage":0,"enemies":"Lagavulin","floor":8,"turns":3},{"damage":3,"enemies":"Looter","floor":10,"turns":3},{"damage":20,"enemies":"Gremlin Nob","floor":12,"turns":4},{"damage":2,"enemies":"Red Slaver","floor":14,"turns":4},{"damage":31,"enemies":"Hexaghost","floor":16,"turns":5},{"damage":0,"enemies":"Chosen","floor":18,"turns":3},{"damage":16,"enemies":"Shell Parasite","floor":19,"turns":6},{"damage":22,"enemies":"Masked Bandits","floor":21,"turns":3},{"damage":36,"enemies":"Book of Stabbing","floor":23,"turns":4}],"seed_played":"266849011831031215","potions_obtained":[{"floor":1,"key":"Strength Potion"},{"floor":4,"key":"DuplicationPotion"},{"floor":8,"key":"bronze:BurnAndBuffPotion"},{"floor":12,"key":"BottledMiracle"},{"floor":21,"key":"bronze:BurnAndBuffPotion"}],"is_trial":false,"path_per_floor":["M","M","?","M","M","R","$","E","T","M","R","E","?","M","R","B",null,"M","M","?","?","?","E"],"character_chosen":"WATCHER","items_purchased":["FlyingSleeves","Ancient Tea Set"],"campfire_rested":1,"item_purchase_floors":[7,7],"current_hp_per_floor":[79,79,79,78,64,64,64,64,64,61,61,41,34,32,55,24,65,65,49,49,27,27,0,0],"gold":438,"neow_bonus":"TEN_PERCENT_HP_BONUS","is_daily":false,"chose_seed":false,"campfire_upgraded":2,"win_rate":0.0,"timestamp":1611204908,"path_taken":["M","M","?","?","M","R","$","E","T","M","R","E","?","M","R","BOSS","M","M","?","?","?","E"],"items_purchased_type":["Card","Relic"],"build_version":"2020-12-22","purchased_purges":0,"victory":false,"max_hp_per_floor":[79,79,79,79,79,79,79,79,79,79,79,79,79,79,79,79,79,79,79,79,79,79,79,79],"card_choices":[{"not_picked":["FlyingSleeves","Perseverance"],"picked":"Protect","floor":1},{"not_picked":["ClearTheMind","Crescendo"],"picked":"WindmillStrike","floor":2},{"not_picked":["WreathOfFlame","Indignation"],"picked":"WheelKick","floor":4},{"not_picked":["CutThroughFate","WaveOfTheHand"],"picked":"Wireheading","floor":5},{"not_picked":["ThirdEye","EmptyBody"],"picked":"SandsOfTime","floor":8},{"not_picked":["Blasphemy","Halt"],"picked":"Consecrate","floor":10},{"not_picked":["PathToVictory","EmptyFist"],"picked":"FlurryOfBlows","floor":12},{"not_picked":["CutThroughFate","CrushJoints"],"picked":"EmptyFist","floor":14},{"not_picked":["Judgement","SpiritShield"],"picked":"Wish","floor":16},{"not_picked":["SashWhip","Meditate+1"],"picked":"Protect","floor":18},{"not_picked":["ThirdEye","FlyingSleeves"],"picked":"WindmillStrike","floor":19},{"not_picked":["Evaluate+1","SashWhip"],"picked":"FollowUp+1","floor":21}],"player_experience":658041,"relics_obtained":[{"floor":8,"key":"WingedGreaves"},{"floor":9,"key":"Dead Branch"},{"floor":12,"key":"StrikeDummy"},{"floor":21,"key":"Red Mask"}],"event_choices":[{"damage_healed":0,"gold_gain":0,"player_choice":"Trade","damage_taken":0,"relics_obtained":["SsserpentHead"],"max_hp_gain":0,"max_hp_loss":0,"event_name":"FaceTrader","floor":3,"gold_loss":0},{"cards_removed":["Defend_P"],"damage_healed":0,"gold_gain":0,"player_choice":"Card Removal","damage_taken":7,"max_hp_gain":0,"max_hp_loss":0,"event_name":"Golden Wing","floor":13,"gold_loss":0},{"damage_healed":0,"gold_gain":0,"player_choice":"Opened","damage_taken":0,"relics_obtained":["Lantern"],"max_hp_gain":0,"max_hp_loss":0,"event_name":"The Mausoleum","floor":20,"gold_loss":0,"cards_obtained":["Writhe"]},{"damage_healed":0,"gold_gain":0,"player_choice":"Fought Bandits","damage_taken":0,"max_hp_gain":0,"max_hp_loss":0,"event_name":"Masked Bandits","floor":21,"gold_loss":0},{"damage_healed":0,"gold_gain":0,"player_choice":"Gave Potion","damage_taken":0,"relics_obtained":["Bag of Preparation"],"max_hp_gain":0,"max_hp_loss":0,"event_name":"WeMeetAgain","floor":22,"gold_loss":0}],"is_beta":false,"boss_relics":[{"not_picked":["Runic Pyramid","Busted Crown"],"picked":"hubris:TerracottaHorce"}],"items_purged_floors":[],"is_endless":false,"potions_floor_spawned":[1,4,8,12,21],"killed_by":"Book of Stabbing","ascension_level":5}}