{"host":"1gclwan70y6w6ivq","time":1611219778,"event":{"mods":["AchievementEnabler","BaseMod","Colored Map","Downfall","Hubris","Infinite Spire","Minty Spire (QoL Compilation)","Relic Sorter","Shade Mod","StSLib"],"gold_per_floor":[99,99,113,132,179,214,214,224,243,143,9736,9736,9736,9761,9775,9876,9876,9876,9894,9894,9910,9930,9930,9930,9930],"floor_reached":23,"language":"ENG","playtime":2054,"items_purged":["bronze:Strike"],"score":301,"play_id":"937a11a4-daf4-469e-9a34-12fcfae0ebe2","local_time":"20210121040258","is_ascension_mode":false,"campfire_choices":[{"data":"bronze:Goto","floor":1,"key":"SMITH"},{"floor":10,"key":"REST"},{"data":"bronze:ClassDefault","floor":13,"key":"SMITH"},{"data":"bronze:Mutator","floor":18,"key":"SMITH"}],"circlet_count":0,"master_deck":["bronze:Strike","bronze:Strike","bronze:Defend","bronze:Defend","bronze:Defend","bronze:Defend","bronze:Replicate","bronze:Goto+1","bronze:Iterate","bronze:Boost","bronze:Iterate","bronze:ChosenStrike","bronze:Repair","bronze:ClassDefault+1","bronze:Turbo","bronze:Mutator+1","bronze:BuggyMess","bronze:Frontload"],"relics":["bronze:BronzeCore","Potion Belt","Smiling Mask","downfall:HeartBlessingBlue","Mummified Hand","Eternal Feather","Bird Faced Urn"],"acts_visited":["Exordium","TheCity"],"potions_floor_usage":[6,16,22],"damage_taken":[{"damage":1,"enemies":"Cultist","floor":3,"turns":4},{"damage":1,"enemies":"Jaw Worm","floor":4,"turns":3},{"damage":30,"enemies":"Lagavulin","floor":6,"turns":7},{"damage":0,"enemies":"Small Slimes","floor":8,"turns":3},{"damage":26,"enemies":"Exordium Thugs","floor":9,"turns":4},{"damage":5,"enemies":"downfall:FleeingMerchant","floor":11,"turns":4},{"damage":1,"enemies":"3 Sentries","floor":14,"turns":7},{"damage":3,"enemies":"Exordium Wildlife","floor":15,"turns":3},{"damage":65,"enemies":"DF_ARCHETYPE_STREAMLINE","floor":16,"turns":11},{"damage":0,"enemies":"3 Byrds","floor":19,"turns":7},{"damage":17,"enemies":"Centurion and Healer","floor":21,"turns":4},{"damage":6,"enemies":"Cultist and Chosen","floor":22,"turns":6},{"damage":0,"enemies":"Slavers","floor":23,"turns":1}],"seed_played":"6419883090685960219","potions_obtained":[{"floor":3,"key":"Weak Potion"},{"floor":12,"key":"Regen Potion"},{"floor":12,"key":"FearPotion"},{"floor":12,"key":"Block Potion"},{"floor":19,"key":"Block Potion"},{"floor":22,"key":"Regen Potion"}],"is_trial":false,"path_per_floor":["R","?","M","M","T","E","T","M","M","R","$","?","R","E","M","B",null,"R","M","?","M","M","E"],"character_chosen":"THE_AUTOMATON","items_purchased":["bronze:ClassDefault","Mummified Hand"],"campfire_rested":1,"item_purchase_floors":[11,11],"current_hp_per_floor":[77,77,76,75,75,45,45,45,19,55,50,50,50,56,60,16,87,87,87,87,71,81,81,81,81],"gold":9930,"neow_bonus":"TEN_PERCENT_HP_BONUS","is_daily":false,"chose_seed":false,"campfire_upgraded":3,"win_rate":0.0,"timestamp":1611219778,"path_taken":["R","?","M","?","?","E","T","M","M","R","$","?","R","E","M","BOSS","R","M","?","M","M","E"],"items_purchased_type":["Card","Relic"],"build_version":"2020-12-22","purchased_purges":1,"victory":false,"max_hp_per_floor":[77,77,77,77,77,77,77,77,77,87,87,87,87,87,87,87,87,87,87,87,87,87,87,87,87],"card_choices":[{"not_picked":["bronze:WildBeam","bronze:BugBarrage"],"picked":"bronze:Iterate","floor":3},{"not_picked":["bronze:ForceShield","bronze:DelayedSlice","bronze:Deprecate"],"picked":"SKIP","floor":4},{"not_picked":["bronze:Fortify","bronze:WildBeam"],"picked":"bronze:Boost","floor":6},{"not_picked":["bronze:Overheat","bronze:BugBarrage"],"picked":"bronze:Iterate","floor":8},{"not_picked":["bronze:BuggyMess","bronze:DelayedSlice"],"picked":"bronze:ChosenStrike","floor":9},{"not_picked":["bronze:BugBarrage","bronze:DelayedGuard"],"picked":"bronze:Repair","floor":11},{"not_picked":["bronze:DarkDash","bronze:CleanCode"],"picked":"bronze:Turbo","floor":14},{"not_picked":["bronze:CutThrough","bronze:WhirlingStrike","bronze:FineTuning"],"picked":"SKIP","floor":15},{"not_picked":["bronze:Format","bronze:BurnOut"],"picked":"bronze:Mutator","floor":16},{"not_picked":["bronze:ChosenStrike","bronze:WhirlingStrike","bronze:OilSpill"],"picked":"SKIP","floor":19},{"not_picked":["bronze:Branch","bronze:GetLatest"],"picked":"bronze:Frontload","floor":21},{"not_picked":["bronze:CutThrough","bronze:Turbo","bronze:BitShift"],"picked":"SKIP","floor":22}],"player_experience":891499,"relics_obtained":[{"floor":6,"key":"Potion Belt"},{"floor":7,"key":"Smiling Mask"},{"floor":14,"key":"Eternal Feather"}],"event_choices":[{"cards_removed":["bronze:Strike"],"damage_healed":0,"gold_gain":0,"player_choice":"Offered Basic","damage_taken":0,"max_hp_gain":0,"max_hp_loss":0,"event_name":"Bonfire Elementals","floor":2,"gold_loss":0},{"damage_healed":0,"gold_gain":0,"player_choice":"Got Potions","damage_taken":0,"max_hp_gain":0,"max_hp_loss":0,"event_name":"Lab","floor":12,"gold_loss":0},{"damage_healed":0,"gold_gain":0,"player_choice":"Read","damage_taken":0,"max_hp_gain":0,"max_hp_loss":0,"event_name":"The Library","floor":20,"gold_loss":0,"cards_obtained":["bronze:BuggyMess"]}],"is_beta":false,"boss_relics":[{"not_picked":["Snecko Eye","hubris:CrackedHourglass","hubris:VirtuousBlindfold"]}],"items_purged_floors":[11],"is_endless":false,"potions_floor_spawned":[3,8,16,19,22],"killed_by":"Slavers","ascension_level":0}}