{"host":"oc9z8cublggqyfxu","time":1611208026,"event":{"mods":["AchievementEnabler","Act Like it!","Aspiration","BaseMod","Colored Map","Colored Powertips","Dota2Spire","Friendly Minions","Gensokyo","GifTheSpireLib","Hallownest","Hermit","Highlight Path","Infinite Spire","KinomotoSakuraMod(木之本樱)","Koishi","Lobotomy","LobotomyExtend","Marisa（F雨　魔理沙）","Minty Spire (QoL Compilation)","Quick Restart","Rare Cards Sparkle","Relic Stats","Remilia（蕾米莉亚）","Replay The Spire","RumiaBox-露米娅的神秘盒子","Spicy Shops","StSLib","The Administrix","The Animator","The Blackbeard","The Bug Knight","The Cursed","The Hierophant","The Mystic","The Runesmith","The Servant 0.9.4","Yakumo Yukari mod","Youmu（魂魄妖梦）","Yuyuko","vexMod","【功能Mod】混沌之环修复补丁","【功能Mod】聪明的最终Boss"],"gold_per_floor":[277,277,102,120,120,120,144,144,168,168,168,43,18,18,80,189,189,219,219,69,95,120,166,166,166,166,199,235,266,320,73,73,205,205,235,285,315,315,343,359,359],"floor_reached":40,"language":"ZHS","playtime":2641,"items_purged":["Vigilance","Defend_P","Defend_P","Defend_P","SignatureMove+1"],"score":482,"play_id":"7b1886c0-714e-4a2e-a876-ce875e80c22a","local_time":"20210121134706","is_ascension_mode":true,"campfire_choices":[{"data":"Eruption","floor":6.0,"key":"SMITH"},{"data":"SignatureMove","floor":8.0,"key":"SMITH"},{"data":"SandsOfTime","floor":10.0,"key":"SMITH"},{"data":"Establishment","floor":24.0,"key":"SMITH"},{"data":"BattleHymn","floor":32.0,"key":"SMITH"}],"circlet_count":0,"master_deck":["WhiteNight","CENSORED","LongBird","Funeral","Woodsman","Strike_P","SandsOfTime+1","Establishment+1","RedShoes","WindmillStrike+1","HereticApostle","BattleHymn+1","NothingThere"],"relics":["PureWater","CogitoBucket","RabbitCall","LetterFromLob","PreservedInsect","Replay:Bandana","infinitespire:Cupcake","Logging_r","ChangeAnything","Centennial Puzzle","Singing Bowl","SolemnVow_r","Justitia_r","vexMod:FocusSash","Dota2Spire:ArmletOfMordiggian","SkinProphecy","aspiration:SeaSaltIceCream","aspiration:Nostalgia","hermit:Momento","Tiny House","CENSORED_r","DeathAngel"],"acts_visited":["Gensokyo:Gensokyo","TheCity","Hallownest:KingdomsEdge"],"potions_floor_usage":[],"damage_taken":[{"damage":6.0,"enemies":"Gensokyo:Gryphon","floor":1.0,"turns":2.0},{"damage":17.0,"enemies":"Gensokyo:3_Fairies","floor":4.0,"turns":4.0},{"damage":53.0,"enemies":"Gensokyo:Yukari","floor":16.0,"turns":5.0},{"damage":25.0,"enemies":"3 Byrds","floor":18.0,"turns":4.0},{"damage":2.0,"enemies":"Spheric Guardian","floor":21.0,"turns":2.0},{"damage":28.0,"enemies":"Snake Plant","floor":22.0,"turns":2.0},{"damage":24.0,"enemies":"Replay:Snechameleon","floor":23.0,"turns":2.0},{"damage":27.0,"enemies":"Cultist and Chosen","floor":27.0,"turns":3.0},{"damage":13.0,"enemies":"3 Cultists","floor":28.0,"turns":3.0},{"damage":18.0,"enemies":"Snake Plant","floor":29.0,"turns":3.0},{"damage":47.0,"enemies":"Gremlin Leader","floor":30.0,"turns":3.0},{"damage":26.0,"enemies":"Champ","floor":33.0,"turns":3.0},{"damage":39.0,"enemies":"Hallownest:3_Siblings","floor":35.0,"turns":2.0},{"damage":110.0,"enemies":"Hallownest:Shield_Heavy","floor":37.0,"turns":5.0},{"damage":287,"enemies":"Hallownest:2_Wing_and_1_Kings","floor":39,"turns":9},{"damage":108,"enemies":"Hallownest:StalkingDevout","floor":40,"turns":4}],"seed_played":"4297791638252397064","potions_obtained":[{"floor":16.0,"key":"SpeedPotion"},{"floor":18.0,"key":"SteroidPotion"},{"floor":21.0,"key":"Explosive Potion"},{"floor":23.0,"key":"Swift Potion"},{"floor":35.0,"key":"LifebloodPotion"},{"floor":36.0,"key":"LiquidMemories"}],"is_trial":false,"path_per_floor":["M","?","$","M","?","R","T","R","T","R","M","$","?","$","R_BF","B",null,"M","?","$","M","M","E","R","?","T","M","M","M","E","$","R","B",null,"M","AVR","M","?","M","E"],"character_chosen":"WATCHER","items_purchased":["Dota2Spire:ArmletOfMordiggian"],"campfire_rested":0,"item_purchase_floors":[31],"current_hp_per_floor":[66,66,66,49,61,61,61,61,61,61,61,61,61,61,61,12,72,49,49,49,53,46,28,28,28,28,22,33,32,35,35,35,61,80,82,89,61,61,72,0,0],"gold":359,"neow_bonus":"","is_daily":false,"chose_seed":false,"campfire_upgraded":5,"win_rate":0.0,"timestamp":1611208026,"path_taken":["M","?","$","?","?","R","?","R","T","R","M","$","?","?","R_BF","BOSS","M","?","?","M","M","E","R","?","T","?","M","M","E","$","R","BOSS","M","AVR","M","?","M","E"],"items_purchased_type":["Relic"],"build_version":"2020-12-22","purchased_purges":5,"victory":false,"max_hp_per_floor":[72,72,72,72,72,72,72,72,72,72,72,72,72,72,72,72,72,72,72,72,72,72,72,72,72,72,74,76,78,80,80,80,80,80,82,89,93,93,99,101,101],"relic_stats":{"Centennial Puzzle":[29],"Singing Bowl":16,"counters":[19,64],"PreservedInsect":137,"obtain_stats":[{"RabbitCall":0,"Logging_r":18,"CENSORED_r":37,"Tiny House":36,"Singing Bowl":26,"SolemnVow_r":27,"aspiration:Nostalgia":36,"Dota2Spire:ArmletOfMordiggian":31,"PreservedInsect":7,"vexMod:FocusSash":30,"aspiration:SeaSaltIceCream":36,"DeathAngel":39,"SkinProphecy":35,"CogitoBucket":0,"Replay:Bandana":9,"Centennial Puzzle":23,"LetterFromLob":1,"PureWater":0,"ChangeAnything":22,"Justitia_r":29,"hermit:Momento":36,"infinitespire:Cupcake":17},{"RabbitCall":0,"Logging_r":4,"CENSORED_r":16,"Tiny House":15,"Singing Bowl":8,"SolemnVow_r":9,"aspiration:Nostalgia":15,"Dota2Spire:ArmletOfMordiggian":12,"PreservedInsect":2,"vexMod:FocusSash":12,"aspiration:SeaSaltIceCream":15,"DeathAngel":18,"SkinProphecy":15,"CogitoBucket":0,"Replay:Bandana":2,"Centennial Puzzle":8,"LetterFromLob":1,"PureWater":0,"ChangeAnything":7,"Justitia_r":11,"hermit:Momento":15,"infinitespire:Cupcake":3},{"RabbitCall":0,"Logging_r":15,"CENSORED_r":45,"Tiny House":40,"Singing Bowl":22,"SolemnVow_r":25,"aspiration:Nostalgia":40,"Dota2Spire:ArmletOfMordiggian":34,"PreservedInsect":6,"vexMod:FocusSash":34,"aspiration:SeaSaltIceCream":40,"DeathAngel":60,"SkinProphecy":40,"CogitoBucket":0,"Replay:Bandana":6,"Centennial Puzzle":22,"LetterFromLob":2,"PureWater":0,"ChangeAnything":20,"Justitia_r":31,"hermit:Momento":40,"infinitespire:Cupcake":11}]},"card_choices":[{"not_picked":["Murderer","Rudolta"],"picked":"Woodsman","floor":1.0},{"not_picked":["SashWhip","MentalFortress"],"picked":"SandsOfTime","floor":1.0},{"not_picked":["OSAHOGD","GalaxyChild","SpiderBud"],"picked":"Singing Bowl","floor":4.0},{"not_picked":["SpiderBud","DespairKnight"],"picked":"BlackArmy","floor":4.0},{"not_picked":["Conclude","ThirdEye"],"picked":"SignatureMove","floor":4.0},{"not_picked":["BigBadWolf","LittleHelper","MeatLantern"],"picked":"Singing Bowl","floor":16.0},{"not_picked":["Vault","LessonLearned"],"picked":"Establishment","floor":16.0},{"not_picked":["Murderer","WallGazer","Wellcheers"],"picked":"Singing Bowl","floor":18.0},{"not_picked":["HappyTeddy","DespairKnight"],"picked":"RedShoes","floor":18.0},{"not_picked":["Consecrate","WreathOfFlame"],"picked":"WindmillStrike+1","floor":18.0},{"not_picked":["Rudolta","LittleHelper","ShyLook"],"picked":"Singing Bowl","floor":21.0},{"not_picked":["CutThroughFate","JustLucky","Replay:LoomingThreat"],"picked":"SKIP","floor":21.0},{"not_picked":["CherryBlossoms","BeautyBeast","FairyFestival"],"picked":"Singing Bowl","floor":22.0},{"not_picked":["GalaxyChild","DreamingCurrent"],"picked":"Funeral","floor":22.0},{"not_picked":["Replay:BluntJabs","FollowUp+1"],"picked":"CrushJoints+1","floor":22.0},{"not_picked":["FairyFestival","CrumblingArmor","OldLady"],"picked":"Singing Bowl","floor":23.0},{"not_picked":["BowlingBash","CrushJoints","ThirdEye"],"picked":"SKIP","floor":23.0},{"not_picked":["WallGazer","SilentOrchestra","PunishingBird"],"picked":"Singing Bowl","floor":27.0},{"not_picked":["Replay:Cycle+1","Study","Replay:AtTheReady"],"picked":"Singing Bowl","floor":27.0},{"not_picked":["FairyFestival","LittlePrince"],"picked":"LongBird","floor":28.0},{"not_picked":["Blasphemy","Prostrate","JustLucky"],"picked":"Singing Bowl","floor":28.0},{"not_picked":["FlurryOfBlows","ClearTheMind","Conclude+1"],"picked":"Singing Bowl","floor":29.0},{"not_picked":["FieryBird","Wellcheers","Porccubus"],"picked":"Singing Bowl","floor":29.0},{"not_picked":["Yin","BigBadWolf"],"picked":"NothingThere","floor":29.0},{"not_picked":["MeatLantern","CherryBlossoms","Alriune"],"picked":"Singing Bowl","floor":30.0},{"not_picked":["Scorched","Porccubus"],"picked":"BlueStar","floor":30.0},{"not_picked":["BowlingBash","Brilliance","DeceiveReality"],"picked":"Singing Bowl","floor":30.0},{"not_picked":["SpiritShield","Omniscience"],"picked":"LessonLearned","floor":33.0},{"not_picked":["QueenOfHatred","LaLuna"],"picked":"CENSORED","floor":33.0},{"not_picked":["ClearTheMind","Devotion","PathToVictory+1"],"picked":"Singing Bowl","floor":35.0},{"not_picked":["FieryBird","BodiesMountain","DespairKnight"],"picked":"Singing Bowl","floor":35.0},{"not_picked":["JustLucky","CrushJoints","Protect+1"],"picked":"Singing Bowl","floor":36.0},{"not_picked":["FieryBird","CrumblingArmor"],"picked":"WhiteNight","floor":37.0},{"not_picked":["BowlingBash+1","Pray+1","Replay:Anticipation"],"picked":"Singing Bowl","floor":37.0},{"not_picked":["WhitesApple","Bloodbath","Mercenary"],"picked":"Singing Bowl","floor":39},{"not_picked":["DeceiveReality+1","Replay:AllIn","Study+1"],"picked":"Singing Bowl","floor":39}],"player_experience":358265,"relics_obtained":[{"floor":1.0,"key":"LetterFromLob"},{"floor":7.0,"key":"PreservedInsect"},{"floor":9.0,"key":"Replay:Bandana"},{"floor":23.0,"key":"Centennial Puzzle"},{"floor":26.0,"key":"Singing Bowl"},{"floor":30.0,"key":"vexMod:FocusSash"},{"floor":39,"key":"DeathAngel"}],"event_choices":[{"damage_healed":0.0,"max_hp_gain":0.0,"max_hp_loss":0.0,"gold_gain":0.0,"event_name":"The Library","player_choice":"Read","floor":25.0,"gold_loss":0.0,"damage_taken":0.0,"cards_obtained":["BattleHymn"]}],"is_beta":false,"boss_relics":[{"not_picked":["Calling Bell","Fusion Hammer"],"picked":"infinitespire:Cupcake"},{"not_picked":["ChewingGum","ReplayTheSpireMod:DimensionalGlitch","ReplayTheSpireMod:SealedPack"]}],"items_purged_floors":[3,3,12,20,31],"is_endless":false,"potions_floor_spawned":[16,18,21,23,27,35],"killed_by":"Hallownest:StalkingDevout","ascension_level":1}}