{"host":"ggy1mjjy92c62u6a","time":1611235976,"event":{"mods":["10 clothes from DAL","ATMod(阿瑾Mod)","Act Like it!","BaseMod","Colored Powertips","GifTheSpireLib","Library of Ruina","Library of Ruina Extra","Minty Spire (QoL Compilation)","Quick Restart","Relic Stats","RumiaBox-露米娅的神秘盒子","Shop Mod","Spicy Shops","StSLib","【功能Mod】混沌之环修复补丁","【遗物Mod】死灵法师NEW","【遗物卡牌】REMEMod"],"gold_per_floor":[118,293,293,11,221,253,253,265,311,331,331,331,256,256,256,256,256],"floor_reached":16,"language":"ZHS","playtime":392,"items_purged":["Defend_W"],"score":118,"play_id":"4a5446d1-6efc-4c40-a3a2-a0c9f030b76f","local_time":"20210121213256","is_ascension_mode":true,"campfire_choices":[{"data":"Necrotic_Claws","floor":7.0,"key":"SMITH"},{"data":"Plague_Bolt","floor":12.0,"key":"SMITH"},{"data":"Violent_Necrosis","floor":15.0,"key":"SMITH"}],"circlet_count":0,"master_deck":["Strike_W+1","Strike_W+1","Negative_Energy_Javelin","Negative_Energy_Arrows","Defend_W","Negative_Energy_Mist","Negative_Energy_Shield","AT_MachinaRedman","Necrotic_Claws+1","Plague_Bolt+1","Violent_Necrosis+1","Strike_W+1"],"relics":["Vampire_Amulet","REME_ComplimentaryCards","AT_ATBox","Anchor","Baka","Membership Card","PageOfScarecrow","Whetstone","Bag of Preparation","Golden Idol","PageOfTodaysShyLook"],"acts_visited":["Exordium"],"potions_floor_usage":[16,16,16,16],"damage_taken":[{"damage":0.0,"enemies":"2 Louse","floor":1.0,"turns":2.0},{"damage":13.0,"enemies":"Cultist","floor":5.0,"turns":4.0},{"damage":40.0,"enemies":"Lagavulin","floor":6.0,"turns":3.0},{"damage":0.0,"enemies":"Jaw Worm","floor":8.0,"turns":1.0},{"damage":1.0,"enemies":"Looter","floor":10.0,"turns":3.0},{"damage":19,"enemies":"The Guardian","floor":16,"turns":4}],"seed_played":"9046417196181501956","potions_obtained":[{"floor":8.0,"key":"EntropicBrew"}],"is_trial":false,"path_per_floor":["M","?","?","$","M","E","R","M","T","M","?","R","$","?","R","B"],"character_chosen":"NECROMANCER","items_purchased":["Membership Card","PageOfScarecrow","PageOfTodaysShyLook"],"campfire_rested":0,"item_purchase_floors":[4,4,13],"current_hp_per_floor":[75,75,75,75,62,42,42,42,42,41,23,23,23,23,23,4,4],"gold":256,"neow_bonus":"RANDOM_COMMON_RELIC","is_daily":false,"chose_seed":false,"campfire_upgraded":3,"win_rate":0.0,"timestamp":1611235976,"path_taken":["M","?","?","$","M","E","R","M","T","?","?","R","$","?","R","BOSS"],"items_purchased_type":["Relic","Relic","Relic"],"build_version":"2020-12-22","purchased_purges":1,"victory":false,"max_hp_per_floor":[75,75,75,75,75,75,75,75,75,75,75,75,75,75,75,75,75],"relic_stats":{"counters":[6,17],"Golden Idol":0,"Bag of Preparation":[4],"Whetstone":["Strike_W","Strike_W"],"obtain_stats":[{"PageOfScarecrow":4,"Anchor":0,"AT_ATBox":0,"Golden Idol":11,"Vampire_Amulet":0,"Baka":1,"Bag of Preparation":9,"Membership Card":4,"Whetstone":6,"PageOfTodaysShyLook":13,"REME_ComplimentaryCards":0},{"PageOfScarecrow":1,"Anchor":0,"AT_ATBox":0,"Golden Idol":5,"Vampire_Amulet":0,"Baka":1,"Bag of Preparation":4,"Membership Card":1,"Whetstone":3,"PageOfTodaysShyLook":5,"REME_ComplimentaryCards":0},{"PageOfScarecrow":2,"Anchor":0,"AT_ATBox":0,"Golden Idol":13,"Vampire_Amulet":0,"Baka":2,"Bag of Preparation":10,"Membership Card":2,"Whetstone":9,"PageOfTodaysShyLook":13,"REME_ComplimentaryCards":0}]},"card_choices":[{"not_picked":["PosionRing","finger_Of_Death"],"picked":"Necrotic_Claws","floor":1.0},{"not_picked":["Summon_Undead","PosionWeak"],"picked":"Plague_Bolt","floor":5.0},{"not_picked":["Shackles_Of_Pain","finger_Of_Death","Negative_Energy_Sphere"],"picked":"SKIP","floor":6.0},{"not_picked":["Strike_from_Beyond","Bone_Armor"],"picked":"Violent_Necrosis","floor":8.0},{"not_picked":["Bone_Armory","Blood_Curse","Negative_Energy_Sphere"],"picked":"SKIP","floor":10.0}],"player_experience":85338,"relics_obtained":[{"floor":1.0,"key":"Baka"},{"floor":6.0,"key":"Whetstone"},{"floor":9.0,"key":"Bag of Preparation"}],"event_choices":[{"damage_healed":0.0,"max_hp_gain":0.0,"max_hp_loss":0.0,"gold_gain":175.0,"event_name":"Liars Game","player_choice":"AGREE","floor":2.0,"gold_loss":0.0,"damage_taken":0.0,"cards_obtained":["Doubt"]},{"cards_removed":["Doubt"],"damage_healed":0.0,"max_hp_gain":0.0,"max_hp_loss":0.0,"gold_gain":0.0,"event_name":"Fountain of Cleansing","player_choice":"Removed Curses","floor":3.0,"gold_loss":0.0,"damage_taken":0.0},{"damage_healed":0.0,"max_hp_gain":0.0,"max_hp_loss":0.0,"gold_gain":0.0,"event_name":"Golden Idol","player_choice":"Take Damage","floor":11.0,"gold_loss":0.0,"damage_taken":18.0,"relics_obtained":["Golden Idol"]}],"is_beta":false,"boss_relics":[],"items_purged_floors":[13],"is_endless":false,"potions_floor_spawned":[8],"killed_by":"The Guardian","ascension_level":4}}