{"host":"lnt5dzsuhru0aonl","time":1611223017,"event":{"mods":["2.2 Compatiblity","BaseMod","Colored Map","Colored Powertips","DeckTracker","Keyboard Shortcuts","Minty Spire (QoL Compilation)","Permanent Neow","Rare Cards Sparkle","StSLib","SuperFastMode","everything is the same but u backflip on backflip"],"gold_per_floor":[119,119,119,44,62,91,91,107,107,107,138,33,33,59,59,133,133,143,143,175,50,77,77,96,127,127,143,143,176,176,192,192,270,270,284,304,304,304],"floor_reached":37,"language":"KOR","playtime":3451,"items_purged":["Strike_G","Defend_G"],"score":996,"play_id":"6c7fa860-4fa6-4a9b-b4b6-df7856c9638f","local_time":"20210121185657","is_ascension_mode":true,"campfire_choices":[{"data":"Noxious Fumes","floor":10.0,"key":"SMITH"},{"data":"Survivor","floor":13.0,"key":"SMITH"},{"data":"Blade Dance","floor":15.0,"key":"SMITH"},{"data":"Deadly Poison","floor":23,"key":"SMITH"},{"floor":28,"key":"REST"},{"floor":32,"key":"REST"}],"circlet_count":0,"master_deck":["AscendersBane","Strike_G","Strike_G","Defend_G","Defend_G","Defend_G","Defend_G","Survivor+1","Neutralize","Die Die Die","Quick Slash","Backstab","Noxious Fumes+1","Calculated Gamble","Caltrops","Blade Dance+1","After Image","Acrobatics+1","Underhanded Strike+1","Deadly Poison+1","Footwork+1","Bouncing Flask","Cloak And Dagger+1"],"relics":["Ring of the Snake","FossilizedHelix","Tiny Chest","The Specimen","Happy Flower","Strawberry","Philosopher\u0027s Stone","Red Mask","Toy Ornithopter","Regal Pillow","Matryoshka","Snake Skull","Runic Pyramid"],"acts_visited":["Exordium","TheCity","TheBeyond"],"potions_floor_usage":[20,25,33],"damage_taken":[{"damage":0.0,"enemies":"Small Slimes","floor":1.0,"turns":3.0},{"damage":0.0,"enemies":"Jaw Worm","floor":5.0,"turns":5.0},{"damage":5.0,"enemies":"3 Sentries","floor":6.0,"turns":11.0},{"damage":0.0,"enemies":"Cultist","floor":8.0,"turns":3.0},{"damage":21.0,"enemies":"Gremlin Nob","floor":11.0,"turns":6.0},{"damage":0.0,"enemies":"3 Sentries","floor":14.0,"turns":6.0},{"damage":0.0,"enemies":"The Guardian","floor":16.0,"turns":12.0},{"damage":0.0,"enemies":"2 Thieves","floor":18.0,"turns":4.0},{"damage":18,"enemies":"Masked Bandits","floor":20,"turns":4},{"damage":0,"enemies":"Spheric Guardian","floor":24,"turns":4},{"damage":24,"enemies":"Gremlin Leader","floor":25,"turns":5},{"damage":20,"enemies":"Shelled Parasite and Fungi","floor":27,"turns":5},{"damage":37,"enemies":"Book of Stabbing","floor":29,"turns":5},{"damage":0,"enemies":"Centurion and Healer","floor":31,"turns":6},{"damage":27,"enemies":"Collector","floor":33,"turns":6},{"damage":36,"enemies":"3 Darklings","floor":35,"turns":4},{"damage":0,"enemies":"3 Shapes","floor":36,"turns":4},{"damage":53,"enemies":"Transient","floor":37,"turns":6}],"seed_played":"9177355361884050238","potions_obtained":[{"floor":5.0,"key":"Explosive Potion"},{"floor":6.0,"key":"EssenceOfSteel"},{"floor":14.0,"key":"Strength Potion"},{"floor":18.0,"key":"GamblersBrew"},{"floor":20,"key":"Strength Potion"},{"floor":31,"key":"Swift Potion"}],"is_trial":false,"path_per_floor":["M","?","?","$","M","E","?","M","T","R","E","$","R","E","R","B",null,"M","?","?","$","T","R","M","E","T","M","R","E","?","M","R","B",null,"M","M","M"],"character_chosen":"THE_SILENT","items_purchased":["Caltrops","Blade Dance","Deadly Poison"],"campfire_rested":2,"item_purchase_floors":[12,12,21],"current_hp_per_floor":[59,64,46,46,46,41,41,41,41,41,20,20,20,27,27,27,65,65,65,47,47,47,47,47,28,28,8,46,9,9,9,47,25,65,29,29,0,0],"gold":304,"neow_bonus":"ONE_RANDOM_RARE_CARD","is_daily":false,"chose_seed":false,"campfire_upgraded":4,"win_rate":0.0,"timestamp":1611223017,"path_taken":["M","?","?","$","M","E","?","M","T","R","E","$","R","E","R","BOSS","M","?","?","$","?","R","?","E","T","M","R","E","?","M","R","BOSS","M","?","M"],"items_purchased_type":["Card","Card","Card"],"build_version":"2020-12-22","purchased_purges":2,"victory":false,"max_hp_per_floor":[66,71,71,71,71,71,71,71,71,71,71,71,71,78,78,78,78,78,78,78,78,78,78,78,78,78,78,78,78,78,78,78,78,78,78,78,78,78],"card_choices":[{"not_picked":["Bane","Slice"],"picked":"Quick Slash","floor":1.0},{"not_picked":["Finisher","Underhanded Strike"],"picked":"Backstab","floor":5.0},{"not_picked":["Quick Slash","Setup"],"picked":"Noxious Fumes","floor":6.0},{"not_picked":["Dagger Throw","Slice","Cloak And Dagger"],"picked":"SKIP","floor":8.0},{"not_picked":["Phantasmal Killer","Glass Knife"],"picked":"Calculated Gamble","floor":11.0},{"not_picked":["Dodge and Roll","Dagger Throw"],"picked":"After Image","floor":14.0},{"not_picked":["Blade Dance","PiercingWail"],"picked":"Acrobatics+1","floor":18.0},{"not_picked":["Calculated Gamble","Deflect"],"picked":"Underhanded Strike+1","floor":20},{"not_picked":["Sucker Punch","Dodge and Roll","Poisoned Stab"],"picked":"SKIP","floor":24},{"not_picked":["Setup","Distraction"],"picked":"Footwork","floor":25},{"not_picked":["Outmaneuver","Acrobatics","Envenom"],"picked":"SKIP","floor":27},{"not_picked":["Setup","Infinite Blades"],"picked":"Bouncing Flask","floor":29},{"not_picked":["Backflip","Choke"],"picked":"Cloak And Dagger+1","floor":31},{"not_picked":["Poisoned Stab","Bane","Setup+1"],"picked":"SKIP","floor":35},{"not_picked":["Quick Slash","Masterful Stab+1","Underhanded Strike"],"picked":"SKIP","floor":36}],"player_experience":715430,"relics_obtained":[{"floor":6.0,"key":"Tiny Chest"},{"floor":9.0,"key":"The Specimen"},{"floor":11.0,"key":"Happy Flower"},{"floor":14.0,"key":"Strawberry"},{"floor":20,"key":"Red Mask"},{"floor":22,"key":"Toy Ornithopter"},{"floor":25,"key":"Regal Pillow"},{"floor":26,"key":"Matryoshka"},{"floor":29,"key":"Snake Skull"}],"event_choices":[{"damage_healed":0.0,"max_hp_gain":5.0,"max_hp_loss":0.0,"gold_gain":0.0,"event_name":"Big Fish","player_choice":"Donut","floor":2.0,"gold_loss":0.0,"damage_taken":0.0},{"damage_healed":0.0,"max_hp_gain":0.0,"max_hp_loss":0.0,"gold_gain":0.0,"event_name":"Scrap Ooze","player_choice":"Success","floor":3.0,"gold_loss":0.0,"damage_taken":18.0,"relics_obtained":["FossilizedHelix"]},{"cards_removed":["Strike_G"],"damage_healed":0.0,"max_hp_gain":0.0,"max_hp_loss":0.0,"gold_gain":0.0,"event_name":"Living Wall","player_choice":"Forget","floor":7.0,"gold_loss":0.0,"damage_taken":0.0},{"cards_removed":["Strike_G"],"damage_healed":0.0,"max_hp_gain":0.0,"max_hp_loss":0.0,"gold_gain":0.0,"event_name":"Back to Basics","player_choice":"Elegance","floor":19.0,"gold_loss":0.0,"damage_taken":0.0},{"damage_healed":0,"gold_gain":0,"player_choice":"Fought Bandits","damage_taken":0,"max_hp_gain":0,"max_hp_loss":0,"event_name":"Masked Bandits","floor":20,"gold_loss":0},{"damage_healed":0,"gold_gain":0,"player_choice":"Upgraded","damage_taken":0,"max_hp_gain":0,"max_hp_loss":0,"event_name":"Upgrade Shrine","floor":30,"gold_loss":0,"cards_upgraded":["Footwork"]}],"is_beta":false,"boss_relics":[{"not_picked":["Runic Dome","Busted Crown"],"picked":"Philosopher\u0027s Stone"},{"not_picked":["Coffee Dripper","Black Star"],"picked":"Runic Pyramid"}],"items_purged_floors":[4,21],"is_endless":false,"potions_floor_spawned":[5,6,14,18,20,31],"killed_by":"Transient","ascension_level":20}}