{"host":"sc0o2qwpf9j16a4i","time":1611267103,"event":{"mods":["AchievementEnabler","BaseMod","BetterRewards","Block Reminder","Colored Map","Colored Powertips","Custom Start","Highlight Path","Minty Spire (QoL Compilation)","Relic Stats"],"gold_per_floor":[369,384,384,78,90,90,104,135,135,135,145,159,185,207,207,281,281,291,304,304,322,322,322,354,371,371,388,388,388],"floor_reached":28,"language":"ENG","playtime":1202,"items_purged":["Strike_P"],"score":654,"play_id":"09742b99-5998-457b-86e9-4f632d10e52b","local_time":"20210122001143","is_ascension_mode":true,"campfire_choices":[{"floor":6.0,"key":"REST"},{"floor":10.0,"key":"REST"},{"floor":15.0,"key":"REST"},{"floor":23.0,"key":"REST"}],"circlet_count":0,"master_deck":["AscendersBane","Strike_P","Strike_P","Strike_P","Defend_P","Defend_P+1","Defend_P","Defend_P+1","Eruption","Vigilance","Meditate+1","CarveReality","CarveReality","ReachHeaven","ClearTheMind","CrushJoints","Swivel","FlyingSleeves","Vengeance","Consecrate","Omniscience","ThirdEye","Necronomicurse","EmptyMind","Conclude","Establishment"],"relics":["PureWater","Mercury Hourglass","Letter Opener","Darkstone Periapt","Odd Mushroom","Snecko Eye","Necronomicon","Lantern","Ornamental Fan"],"acts_visited":["Exordium","TheCity"],"potions_floor_usage":[28],"damage_taken":[{"damage":12.0,"enemies":"Small Slimes","floor":1.0,"turns":5.0},{"damage":0.0,"enemies":"Jaw Worm","floor":2.0,"turns":6.0},{"damage":16.0,"enemies":"2 Louse","floor":5.0,"turns":2.0},{"damage":4.0,"enemies":"Exordium Wildlife","floor":7.0,"turns":4.0},{"damage":19.0,"enemies":"3 Sentries","floor":8.0,"turns":12.0},{"damage":14.0,"enemies":"Red Slaver","floor":11.0,"turns":5.0},{"damage":6.0,"enemies":"3 Louse","floor":12.0,"turns":2.0},{"damage":12.0,"enemies":"Lagavulin","floor":13.0,"turns":5.0},{"damage":5.0,"enemies":"The Mushroom Lair","floor":14.0,"turns":2.0},{"damage":0.0,"enemies":"Slime Boss","floor":16.0,"turns":3.0},{"damage":11.0,"enemies":"Shell Parasite","floor":18.0,"turns":3.0},{"damage":16.0,"enemies":"3 Byrds","floor":19.0,"turns":3.0},{"damage":6.0,"enemies":"Centurion and Healer","floor":21.0,"turns":4.0},{"damage":0.0,"enemies":"Gremlin Leader","floor":24.0,"turns":3.0},{"damage":14.0,"enemies":"Snake Plant","floor":25.0,"turns":4.0},{"damage":6.0,"enemies":"Shelled Parasite and Fungi","floor":27.0,"turns":2.0},{"damage":9,"enemies":"Slavers","floor":28,"turns":2}],"seed_played":"-433693336990948044","potions_obtained":[{"floor":1.0,"key":"Dexterity Potion"},{"floor":8.0,"key":"Regen Potion"},{"floor":12.0,"key":"Explosive Potion"},{"floor":14.0,"key":"SpeedPotion"},{"floor":19.0,"key":"Swift Potion"},{"floor":21.0,"key":"DuplicationPotion"},{"floor":27.0,"key":"Block Potion"}],"is_trial":false,"path_per_floor":["M","M","?","$","M","R","M","E","T","R","M","M","E","?","R","B",null,"M","M","?","M","?","R","E","M","T","M","E"],"character_chosen":"WATCHER","items_purchased":["CarveReality","Strength Potion","ReachHeaven","ClearTheMind"],"campfire_rested":4,"item_purchase_floors":[4,4,4,4],"current_hp_per_floor":[49,49,30,30,14,32,28,9,9,27,27,21,9,4,22,22,52,41,25,10,4,4,24,24,10,10,4,0,0],"gold":388,"neow_bonus":"TWO_FIFTY_GOLD","is_daily":false,"chose_seed":false,"campfire_upgraded":0,"win_rate":0.0,"timestamp":1611267103,"path_taken":["M","M","?","$","M","R","M","E","T","R","M","M","E","?","R","BOSS","M","M","?","M","?","R","E","M","T","?","E"],"items_purchased_type":["Card","Potion","Card","Card"],"build_version":"2020-12-22","purchased_purges":1,"victory":false,"max_hp_per_floor":[62,62,62,62,62,62,62,62,62,62,62,62,62,62,62,62,62,62,62,68,68,68,68,68,68,68,68,68,68],"relic_stats":{"Darkstone Periapt":6,"counters":[17,67],"Ornamental Fan":[12],"Snecko Eye":[32,37,35,41],"Necronomicon":[7],"Letter Opener":[43],"obtain_stats":[{"Darkstone Periapt":13,"Lantern":24,"Ornamental Fan":26,"Snecko Eye":17,"Necronomicon":20,"Letter Opener":9,"PureWater":0,"Odd Mushroom":14,"Mercury Hourglass":8},{"Darkstone Periapt":8,"Lantern":14,"Ornamental Fan":15,"Snecko Eye":10,"Necronomicon":12,"Letter Opener":5,"PureWater":0,"Odd Mushroom":9,"Mercury Hourglass":5},{"Darkstone Periapt":41,"Lantern":59,"Ornamental Fan":63,"Snecko Eye":46,"Necronomicon":52,"Letter Opener":29,"PureWater":0,"Odd Mushroom":43,"Mercury Hourglass":29}],"Mercury Hourglass":[153]},"card_choices":[{"not_picked":["JustLucky","Crescendo"],"picked":"Meditate","floor":1.0},{"not_picked":["ThirdEye","Protect"],"picked":"CarveReality","floor":2.0},{"not_picked":["FlyingSleeves","Fasting2"],"picked":"CrushJoints","floor":5.0},{"not_picked":["Prostrate","Evaluate"],"picked":"Swivel","floor":7.0},{"not_picked":["Conclude","Meditate"],"picked":"FlyingSleeves","floor":8.0},{"not_picked":["Sanctity","Adaptation"],"picked":"Vengeance","floor":11.0},{"not_picked":["BowlingBash","Vengeance","FlurryOfBlows"],"picked":"SKIP","floor":12.0},{"not_picked":["Nirvana","CrushJoints","FlurryOfBlows"],"picked":"SKIP","floor":13.0},{"not_picked":["FlyingSleeves","LessonLearned"],"picked":"Consecrate","floor":14.0},{"not_picked":["Establishment","SpiritShield"],"picked":"Omniscience","floor":16.0},{"not_picked":["EmptyFist","Vengeance"],"picked":"ThirdEye","floor":18.0},{"not_picked":["Tantrum","ThirdEye","ClearTheMind"],"picked":"SKIP","floor":19.0},{"not_picked":["EmptyBody","EmptyFist"],"picked":"EmptyMind","floor":21.0},{"not_picked":["WaveOfTheHand","Fasting2"],"picked":"Conclude","floor":24.0},{"not_picked":["Consecrate","CrushJoints"],"picked":"Establishment","floor":25.0},{"not_picked":["FlyingSleeves","BowlingBash","Conclude"],"picked":"SKIP","floor":27.0}],"player_experience":865393,"relics_obtained":[{"floor":8.0,"key":"Mercury Hourglass"},{"floor":9.0,"key":"Letter Opener"},{"floor":13.0,"key":"Darkstone Periapt"},{"floor":14.0,"key":"Odd Mushroom"},{"floor":20.0,"key":"Necronomicon"},{"floor":24.0,"key":"Lantern"},{"floor":26.0,"key":"Ornamental Fan"}],"event_choices":[{"damage_healed":0.0,"max_hp_gain":0.0,"max_hp_loss":0.0,"gold_gain":0.0,"event_name":"Shining Light","player_choice":"Entered Light","floor":3.0,"gold_loss":0.0,"damage_taken":19.0,"cards_upgraded":["Defend_P","Defend_P"]},{"damage_healed":0.0,"max_hp_gain":0.0,"max_hp_loss":0.0,"gold_gain":0.0,"event_name":"Mushrooms","player_choice":"Fought Mushrooms","floor":14.0,"gold_loss":0.0,"damage_taken":0.0},{"damage_healed":0.0,"max_hp_gain":0.0,"max_hp_loss":0.0,"gold_gain":0.0,"event_name":"Cursed Tome","player_choice":"Obtained Book","floor":20.0,"gold_loss":0.0,"damage_taken":21.0},{"damage_healed":0.0,"max_hp_gain":0.0,"max_hp_loss":0.0,"gold_gain":0.0,"event_name":"Upgrade Shrine","player_choice":"Upgraded","floor":22.0,"gold_loss":0.0,"damage_taken":0.0,"cards_upgraded":["Meditate"]}],"is_beta":false,"boss_relics":[{"not_picked":["Astrolabe","Coffee Dripper"],"picked":"Snecko Eye"}],"items_purged_floors":[4],"is_endless":false,"potions_floor_spawned":[1,5,8,12,14,19,21,27],"killed_by":"Slavers","ascension_level":20}}