{"host":"z9mq1tf06lkrncmk","time":1611206162,"event":{"mods":["BaseMod","Downfall","Minty Spire (QoL Compilation)","StSLib"],"gold_per_floor":[116,176,176,186,197,197,216,251,263,375,387,427,459,191,191,191,191],"floor_reached":16,"language":"ENG","playtime":554,"items_purged":["Strike_R"],"score":132,"play_id":"1f961201-0bd6-4c82-9f03-a5704f88ded2","local_time":"20210121001602","is_ascension_mode":true,"campfire_choices":[{"data":"Armaments","floor":6,"key":"SMITH"},{"floor":11,"key":"RECALL"},{"floor":15,"key":"REST"}],"circlet_count":0,"master_deck":["Strike_R","Strike_R","Strike_R","Strike_R","Defend_R","Defend_R","Defend_R","Defend_R","Bash+1","Heavy Blade","Inflame","Armaments+1","Inflame","Shrug It Off","Flex"],"relics":["Burning Blood","MawBank","Mercury Hourglass","PreservedInsect"],"acts_visited":["Exordium"],"potions_floor_usage":[8,8,13,16],"damage_taken":[{"damage":0,"enemies":"Small Slimes","floor":1,"turns":3},{"damage":2,"enemies":"Jaw Worm","floor":4,"turns":4},{"damage":1,"enemies":"Cultist","floor":5,"turns":4},{"damage":23,"enemies":"3 Louse","floor":7,"turns":4},{"damage":18,"enemies":"Lagavulin","floor":8,"turns":5},{"damage":42,"enemies":"3 Sentries","floor":12,"turns":10},{"damage":7,"enemies":"Exordium Thugs","floor":13,"turns":5},{"damage":42,"enemies":"The Guardian","floor":16,"turns":9}],"seed_played":"-555327280420364753","potions_obtained":[{"floor":4,"key":"hexamod:SoulburnPotion"},{"floor":7,"key":"Block Potion"},{"floor":12,"key":"SkillPotion"}],"is_trial":false,"path_per_floor":["M","?","?","M","M","R","M","E","T","?","R","E","M","$","R","B"],"character_chosen":"IRONCLAD","items_purchased":["PreservedInsect","Energy Potion"],"campfire_rested":1,"item_purchase_floors":[14,14],"current_hp_per_floor":[80,80,80,80,80,80,63,51,51,51,51,15,14,14,38,0,0],"gold":191,"neow_bonus":"UPGRADE_CARD","is_daily":false,"chose_seed":false,"campfire_upgraded":1,"win_rate":0.0,"timestamp":1611206162,"path_taken":["M","?","?","M","?","R","M","E","T","?","R","E","M","?","R","BOSS"],"items_purchased_type":["Relic","Potion"],"build_version":"2020-12-22","purchased_purges":1,"victory":false,"max_hp_per_floor":[80,80,80,80,80,80,80,80,80,80,80,80,80,80,80,80,80],"card_choices":[{"not_picked":["Thunderclap","Clash"],"picked":"Heavy Blade","floor":1},{"not_picked":["Pommel Strike","Exhume"],"picked":"Armaments","floor":4},{"not_picked":["Infernal Blade","Iron Wave"],"picked":"Inflame","floor":5},{"not_picked":["Dark Embrace","Warcry","Iron Wave"],"picked":"SKIP","floor":7},{"not_picked":["Havoc","Sword Boomerang","Pommel Strike"],"picked":"SKIP","floor":8},{"not_picked":["Twin Strike","Fire Breathing"],"picked":"Shrug It Off","floor":12},{"not_picked":["Battle Trance","Thunderclap"],"picked":"Flex","floor":13}],"player_experience":374024,"relics_obtained":[{"floor":8,"key":"MawBank"},{"floor":12,"key":"Mercury Hourglass"}],"event_choices":[{"damage_healed":0,"gold_gain":60,"player_choice":"Gained Gold","damage_taken":0,"max_hp_gain":0,"max_hp_loss":0,"event_name":"Golden Wing","floor":2,"gold_loss":0},{"damage_healed":0,"gold_gain":0,"player_choice":"1 cards matched","damage_taken":0,"max_hp_gain":0,"max_hp_loss":0,"event_name":"Match and Keep!","floor":3,"gold_loss":0,"cards_obtained":["Inflame"]},{"damage_healed":0,"gold_gain":100,"player_choice":"Pray","damage_taken":0,"max_hp_gain":0,"max_hp_loss":0,"event_name":"Golden Shrine","floor":10,"gold_loss":0}],"is_beta":false,"boss_relics":[],"items_purged_floors":[14],"is_endless":false,"potions_floor_spawned":[4,7,12],"killed_by":"The Guardian","ascension_level":4}}