{"host":"vrsxkkch9ccrec7k","time":1611266054,"event":{"mods":["Act Like it!","BaseMod","Bestiary","Better Altar","Better Match","Better Note","Better Sensory Stone","Better Skull","Better Third Choice","Better Vampires","Downfall","Minty Spire (QoL Compilation)","Permanent Neow","Relic Stats","Spicy Shops","StSLib"],"gold_per_floor":[199,215,140,156,156,168,168,188,25,36,67,52,52,85,103,199,199,199,215,25,25,25,25,78,78,111,121,20,54,54,72,87,190,190,190,206,219,219,319,319,343,362,362,387,303,303,3,19,30,30,30,59,7,7,7,7],"floor_reached":57,"language":"ENG","playtime":6654,"items_purged":["bronze:Strike","bronze:Strike","bronze:Strike","bronze:Strike"],"score":1575,"play_id":"8c88a2d9-2ebd-432d-ae3e-9b89a8be613e","local_time":"20210121165414","is_ascension_mode":true,"campfire_choices":[{"data":"bronze:Replicate","floor":1,"key":"SMITH"},{"data":"bronze:Deprecate","floor":13,"key":"SMITH"},{"data":"bronze:HardenedForm","floor":18,"key":"SMITH"},{"data":"bronze:Goto","floor":23,"key":"SMITH"},{"data":"bronze:Shell","floor":25,"key":"SMITH"},{"floor":30,"key":"REST"},{"floor":35,"key":"RECALL"},{"data":"bronze:ClassDefault","floor":40,"key":"SMITH"},{"data":"Master of Strategy","floor":43,"key":"SMITH"},{"data":"bronze:ThunderWave","floor":47,"key":"SMITH"},{"floor":54,"key":"REST"}],"circlet_count":0,"master_deck":["bronze:Defend","bronze:Defend","bronze:Defend","bronze:Defend","bronze:Replicate+1","bronze:Goto+1","bronze:OilSpill","bronze:WhirlingStrike+1","bronze:BronzeOrb+1","bronze:Frontload","Master of Strategy+1","bronze:FineTuning","bronze:FollowUp","bronze:Deprecate+1","bronze:CloningBeam","bronze:Shell+1","bronze:CleanCode","bronze:HardenedForm+1","bronze:Constructor+1","bronze:Frontload+1","bronze:FineTuning+1","bronze:ClassDefault+1","bronze:InfiniteBeams+1","bronze:DelayedGuard+1","bronze:ThunderWave+1","bronze:Optimize+1","bronze:DelayedGuard+1","bronze:Turbo+1"],"relics":["bronze:BronzeCore","Matryoshka","PreservedInsect","Slimebound:StickyStick","Regal Pillow","sneckomod:SneckoTalon","Toxic Egg 2","champ:DuelingGlove","Guardian:PocketSentry","Omamori","hexamod:BolsterEngine","bronze:Mallet","Cursed Key","Potion Belt","Centennial Puzzle","Anchor","downfall:HeartBlessingBlue","downfall:HeartBlessingGreen","downfall:HeartBlessingRed","Pen Nib"],"acts_visited":["Exordium","TheCity","TheBeyond","TheEnding"],"potions_floor_usage":[16,16,26,29,29,42,45,50,55,55,56,56],"damage_taken":[{"damage":7,"enemies":"Small Slimes","floor":2,"turns":3},{"damage":0,"enemies":"Cultist","floor":4,"turns":2},{"damage":0,"enemies":"2 Louse","floor":6,"turns":1},{"damage":9,"enemies":"Large Slime","floor":8,"turns":3},{"damage":0,"enemies":"downfall:FleeingMerchant","floor":9,"turns":4},{"damage":0,"enemies":"Exordium Thugs","floor":10,"turns":3},{"damage":3,"enemies":"Lagavulin","floor":11,"turns":6},{"damage":0,"enemies":"downfall:FleeingMerchant","floor":12,"turns":4},{"damage":0,"enemies":"Gremlin Nob","floor":14,"turns":2},{"damage":0,"enemies":"Lots of Slimes","floor":15,"turns":3},{"damage":37,"enemies":"WA_ARCHETYPE_RETAIN","floor":16,"turns":13},{"damage":20,"enemies":"Spheric Guardian","floor":19,"turns":5},{"damage":8,"enemies":"downfall:FleeingMerchant","floor":20,"turns":4},{"damage":0,"enemies":"Book of Stabbing","floor":26,"turns":3},{"damage":0,"enemies":"Shell Parasite","floor":27,"turns":3},{"damage":0,"enemies":"downfall:FleeingMerchant","floor":28,"turns":4},{"damage":0,"enemies":"Slavers","floor":29,"turns":3},{"damage":0,"enemies":"Centurion and Healer","floor":31,"turns":5},{"damage":0,"enemies":"Cultist and Chosen","floor":32,"turns":5},{"damage":1,"enemies":"IC_MUSHROOM_ARCHETYPE","floor":33,"turns":9},{"damage":0,"enemies":"3 Shapes","floor":36,"turns":6},{"damage":0,"enemies":"3 Darklings","floor":37,"turns":5},{"damage":0,"enemies":"downfall:LadyInBlue","floor":39,"turns":9},{"damage":0,"enemies":"Transient","floor":42,"turns":5},{"damage":0,"enemies":"downfall:FleeingMerchant","floor":45,"turns":3},{"damage":0,"enemies":"Sphere and 2 Shapes","floor":48,"turns":8},{"damage":0,"enemies":"4 Shapes","floor":49,"turns":8},{"damage":2,"enemies":"SI_POISON_ARCHETYPE","floor":50,"turns":11},{"damage":33,"enemies":"downfall:CharBossMerchant","floor":52,"turns":10},{"damage":0,"enemies":"downfall:NeowBoss","floor":55,"turns":18},{"damage":74,"enemies":"downfall:NeowBossFinal","floor":56,"turns":19}],"seed_played":"-1254206361473731353","potions_obtained":[{"floor":2,"key":"BlessingOfTheForge"},{"floor":8,"key":"sneckomod:MuddlingPotion"},{"floor":11,"key":"Fire Potion"},{"floor":14,"key":"LiquidBronze"},{"floor":15,"key":"Slimebound:ThreeZeroPotion"},{"floor":16,"key":"PowerPotion"},{"floor":26,"key":"champ:CounterPotion"},{"floor":29,"key":"DuplicationPotion"},{"floor":32,"key":"SmokeBomb"},{"floor":33,"key":"DistilledChaos"},{"floor":39,"key":"GamblersBrew"},{"floor":39,"key":"champ:CounterPotion"},{"floor":39,"key":"PowerPotion"},{"floor":42,"key":"AttackPotion"},{"floor":49,"key":"Weak Potion"}],"is_trial":false,"path_per_floor":["R","M","?","M","?","M","T","M","$","M","E","$","R","E","M","B",null,"R","M","$","T","?","R","T","R","E","M","$","E","R","M","M","B",null,"R","M","M","?","?","R","T","M","R","T","$","?","R","M","M","B",null,"E","$","R","B","B",null],"character_chosen":"THE_AUTOMATON","items_purchased":["PreservedInsect","bronze:ClassDefault","Swift Potion","Anchor","bronze:Turbo+1","PowerPotion"],"campfire_rested":2,"item_purchase_floors":[9,28,28,45,45,53],"current_hp_per_floor":[63,56,56,56,56,56,56,47,47,47,44,44,44,44,44,7,54,54,34,26,26,49,49,49,49,49,49,49,49,70,70,70,69,70,70,70,70,70,70,70,70,70,70,70,70,70,80,80,80,78,80,47,47,80,80,6],"gold":7,"neow_bonus":"HUNDRED_GOLD","is_daily":false,"chose_seed":false,"campfire_upgraded":8,"win_rate":0.0,"timestamp":1611266054,"path_taken":["R","M","?","?","?","M","T","M","?","M","E","$","R","E","M","BOSS","R","M","$","?","?","R","T","R","E","M","$","E","R","M","M","BOSS","R","M","M","?","?","R","T","?","R","?","$","?","R","M","M","BOSS","E","$","R","BOSS","BOSS"],"items_purchased_type":["Relic","Card","Potion","Relic","Card","Potion"],"build_version":"2020-12-22","purchased_purges":4,"victory":true,"max_hp_per_floor":[70,70,70,70,70,70,70,70,70,70,70,70,70,70,70,70,70,70,70,70,70,70,70,70,70,70,70,70,70,70,70,70,70,70,70,70,70,70,70,70,70,70,70,70,70,70,80,80,80,80,80,80,80,80,80,80],"relic_stats":{"Regal Pillow":9,"Centennial Puzzle":[9],"counters":[31,187],"PreservedInsect":310,"Pen Nib":[9],"Cursed Key":2,"obtain_stats":[{"Potion Belt":39,"champ:DuelingGlove":21,"Regal Pillow":14,"bronze:BronzeCore":0,"downfall:HeartBlessingRed":47,"downfall:HeartBlessingGreen":47,"PreservedInsect":9,"Pen Nib":52,"Guardian:PocketSentry":24,"Omamori":24,"bronze:Mallet":29,"sneckomod:SneckoTalon":17,"Cursed Key":34,"Centennial Puzzle":44,"Anchor":45,"Matryoshka":7,"Slimebound:StickyStick":11,"downfall:HeartBlessingBlue":47,"Toxic Egg 2":21,"hexamod:BolsterEngine":26},{"Potion Belt":23,"champ:DuelingGlove":13,"Regal Pillow":9,"bronze:BronzeCore":0,"downfall:HeartBlessingRed":25,"downfall:HeartBlessingGreen":25,"PreservedInsect":5,"Pen Nib":29,"Guardian:PocketSentry":13,"Omamori":13,"bronze:Mallet":17,"sneckomod:SneckoTalon":11,"Cursed Key":20,"Centennial Puzzle":24,"Anchor":25,"Matryoshka":3,"Slimebound:StickyStick":7,"downfall:HeartBlessingBlue":25,"Toxic Egg 2":13,"hexamod:BolsterEngine":14},{"Potion Belt":105,"champ:DuelingGlove":53,"Regal Pillow":28,"bronze:BronzeCore":0,"downfall:HeartBlessingRed":113,"downfall:HeartBlessingGreen":113,"PreservedInsect":13,"Pen Nib":150,"Guardian:PocketSentry":53,"Omamori":53,"bronze:Mallet":66,"sneckomod:SneckoTalon":44,"Cursed Key":85,"Centennial Puzzle":110,"Anchor":113,"Matryoshka":6,"Slimebound:StickyStick":22,"downfall:HeartBlessingBlue":113,"Toxic Egg 2":53,"hexamod:BolsterEngine":56}]},"card_choices":[{"not_picked":["bronze:Backtrace","bronze:BitShift"],"picked":"bronze:OilSpill","floor":2},{"not_picked":["bronze:CutThrough+1","bronze:Frontload+1"],"picked":"bronze:WhirlingStrike+1","floor":3},{"not_picked":["bronze:DigitalCarnage+1","bronze:Return+1"],"picked":"bronze:BronzeOrb+1","floor":3},{"not_picked":["bronze:Overheat","bronze:AlphaBuild"],"picked":"bronze:Frontload","floor":4},{"not_picked":["Violence","Flash of Steel"],"picked":"Master of Strategy","floor":5},{"not_picked":["bronze:DelayedSlice","bronze:Shield"],"picked":"bronze:FineTuning","floor":6},{"not_picked":["bronze:Frontload","bronze:NullPointer"],"picked":"bronze:FollowUp","floor":8},{"not_picked":["bronze:GetLatest","bronze:Turbo"],"picked":"bronze:Deprecate","floor":9},{"not_picked":["bronze:Invalidate","bronze:Shield","bronze:FineTuning"],"picked":"SKIP","floor":10},{"not_picked":["bronze:Deprecate","bronze:Invalidate","bronze:OilSpill"],"picked":"SKIP","floor":11},{"not_picked":["bronze:Constructor","bronze:FineTuning"],"picked":"bronze:CloningBeam","floor":12},{"not_picked":["bronze:FollowUp","bronze:Separator"],"picked":"bronze:Shell","floor":14},{"not_picked":["bronze:WildBeam","bronze:Deprecate"],"picked":"bronze:CleanCode","floor":15},{"not_picked":["bronze:Virus","bronze:Mutator"],"picked":"bronze:HardenedForm","floor":16},{"not_picked":["bronze:DelayedGuard","bronze:WhirlingStrike","bronze:Repulsor"],"picked":"SKIP","floor":19},{"not_picked":["bronze:Turbo+1","bronze:Return","bronze:WhirlingStrike"],"picked":"SKIP","floor":20},{"not_picked":["bronze:Repulsor","bronze:CutThrough"],"picked":"bronze:Constructor+1","floor":26},{"not_picked":["bronze:Deprecate+1","bronze:BugBarrage+1"],"picked":"bronze:Frontload+1","floor":27},{"not_picked":["bronze:NullPointer","bronze:SpaghettiCode+1"],"picked":"bronze:FineTuning+1","floor":28},{"not_picked":["bronze:Shield+1","bronze:Fortify"],"picked":"bronze:InfiniteBeams+1","floor":29},{"not_picked":["bronze:Repair+1","bronze:WhirlingStrike+1"],"picked":"bronze:DelayedGuard+1","floor":31},{"not_picked":["bronze:CutThrough","bronze:WildBeam+1","bronze:OilSpill"],"picked":"SKIP","floor":32},{"not_picked":["bronze:Break","bronze:TinkerersToolbox+1"],"picked":"bronze:ThunderWave","floor":33},{"not_picked":["bronze:BugBarrage","bronze:Branch"],"picked":"bronze:Optimize+1","floor":36},{"not_picked":["bronze:Overheat+1","bronze:Turbo+1"],"picked":"bronze:DelayedGuard+1","floor":37},{"not_picked":["bronze:Safeguard+1","bronze:DelayedSlice+1","bronze:GetLatest+1"],"picked":"SKIP","floor":42},{"not_picked":["bronze:Allocate+1","bronze:Refactor+1","bronze:FollowUp+1"],"picked":"SKIP","floor":45},{"not_picked":["bronze:Repair+1","bronze:Break","bronze:CutThrough+1"],"picked":"SKIP","floor":48},{"not_picked":["bronze:BitShift+1","bronze:InfiniteBeams+1","bronze:CutThrough+1"],"picked":"SKIP","floor":49},{"not_picked":["bronze:Shield+1","bronze:Invalidate+1","bronze:CutThrough"],"picked":"SKIP","floor":52}],"player_experience":1671553,"relics_obtained":[{"floor":7,"key":"Matryoshka"},{"floor":11,"key":"Slimebound:StickyStick"},{"floor":14,"key":"Regal Pillow"},{"floor":21,"key":"Toxic Egg 2"},{"floor":21,"key":"champ:DuelingGlove"},{"floor":24,"key":"Guardian:PocketSentry"},{"floor":24,"key":"Omamori"},{"floor":26,"key":"hexamod:BolsterEngine"},{"floor":29,"key":"bronze:Mallet"},{"floor":39,"key":"Potion Belt"},{"floor":44,"key":"Centennial Puzzle"},{"floor":52,"key":"Pen Nib"}],"event_choices":[{"damage_healed":0,"gold_gain":0,"player_choice":"2","damage_taken":0,"max_hp_gain":0,"max_hp_loss":0,"event_name":"betterMatch:BetterMatch","floor":3,"gold_loss":0,"cards_obtained":["betterMatch:UncommonCard","betterMatch:CommonCard"]},{"damage_healed":0,"gold_gain":1,"player_choice":"1","damage_taken":0,"max_hp_gain":0,"max_hp_loss":0,"event_name":"betterStone:BetterStone","floor":5,"gold_loss":0},{"damage_healed":23,"gold_gain":0,"player_choice":"Heal","damage_taken":0,"max_hp_gain":0,"max_hp_loss":0,"event_name":"The Library","floor":22,"gold_loss":0}],"is_beta":false,"boss_relics":[{"not_picked":["Black Star","Coffee Dripper"],"picked":"sneckomod:SneckoTalon"},{"not_picked":["Pandora\u0027s Box","Calling Bell"],"picked":"Cursed Key"}],"items_purged_floors":[20,20,45,45],"is_endless":false,"potions_floor_spawned":[2,8,11,14,15,16,26,29,32,33,36,42,49],"ascension_level":6}}