{"host":"04hh9gplt9wkfmr1","time":1611247674,"event":{"mods":["AchievementEnabler","BaseMod","Colored Map","KOR Keyword Fix","Minty Spire (QoL Compilation)","Rare Cards Sparkle","SuperFastMode"],"gold_per_floor":[115,131,146,162,162,162,187,199,268,268,283,168,178,212,212,307,307,322,322,322,347,359,371,412,436,495,523,535,574,604,616,628,640,640],"floor_reached":33,"language":"KOR","playtime":1371,"items_purged":[],"score":421,"play_id":"adf172db-b1f7-4eef-892a-cec056fb1752","local_time":"20210122014754","is_ascension_mode":true,"campfire_choices":[{"data":"Burst","floor":6.0,"key":"SMITH"},{"floor":10.0,"key":"REST"},{"data":"After Image","floor":15.0,"key":"SMITH"},{"data":"After Image","floor":23.0,"key":"SMITH"},{"data":"Accuracy","floor":28.0,"key":"SMITH"},{"floor":32,"key":"REST"}],"circlet_count":0,"master_deck":["Strike_G+1","Strike_G+1","Strike_G+1","Strike_G+1","Strike_G+1","Defend_G+1","Defend_G+1","Defend_G+1","Defend_G+1","Defend_G+1","Survivor","Neutralize","Cloak And Dagger","Terror","Backflip","Slice","Neutralize","Burst+1","Backflip","Madness","Bullet Time","Cloak And Dagger","After Image+1","Finisher","Well Laid Plans","Backstab","After Image+1","Accuracy+1","Night Terror"],"relics":["Ring of the Snake","Toy Ornithopter","Pantograph","Lizard Tail","Sozu","MawBank","Bag of Marbles","Potion Belt","Ancient Tea Set"],"acts_visited":["Exordium","TheCity"],"potions_floor_usage":[],"damage_taken":[{"damage":2.0,"enemies":"Cultist","floor":1.0,"turns":5.0},{"damage":0.0,"enemies":"2 Louse","floor":2.0,"turns":3.0},{"damage":4.0,"enemies":"Small Slimes","floor":3.0,"turns":6.0},{"damage":13.0,"enemies":"Exordium Thugs","floor":4.0,"turns":7.0},{"damage":34.0,"enemies":"Gremlin Nob","floor":7.0,"turns":5.0},{"damage":10.0,"enemies":"Red Slaver","floor":8.0,"turns":4.0},{"damage":0.0,"enemies":"Lots of Slimes","floor":11.0,"turns":1.0},{"damage":10.0,"enemies":"Blue Slaver","floor":13.0,"turns":3.0},{"damage":0.0,"enemies":"Lagavulin","floor":14.0,"turns":7.0},{"damage":21.0,"enemies":"Slime Boss","floor":16.0,"turns":15.0},{"damage":4.0,"enemies":"Shell Parasite","floor":18.0,"turns":8.0},{"damage":10.0,"enemies":"Spheric Guardian","floor":21.0,"turns":5.0},{"damage":4.0,"enemies":"Book of Stabbing","floor":24.0,"turns":8.0},{"damage":0.0,"enemies":"Snecko","floor":25.0,"turns":5.0},{"damage":4.0,"enemies":"Centurion and Healer","floor":27.0,"turns":9.0},{"damage":13.0,"enemies":"Slavers","floor":29.0,"turns":12.0},{"damage":20.0,"enemies":"Cultist and Chosen","floor":30.0,"turns":9.0},{"damage":36,"enemies":"Collector","floor":33,"turns":9}],"seed_played":"5439544310877729238","potions_obtained":[{"floor":2.0,"key":"Explosive Potion"},{"floor":3.0,"key":"Dexterity Potion"},{"floor":4.0,"key":"Energy Potion"},{"floor":8.0,"key":"GamblersBrew"},{"floor":11.0,"key":"DistilledChaos"}],"is_trial":false,"path_per_floor":["M","M","M","M","?","R","E","M","T","R","M","$","M","E","R","B",null,"M","?","?","M","$","R","E","M","T","M","R","E","M","?","R","B"],"character_chosen":"THE_SILENT","items_purchased":["Finisher","Well Laid Plans"],"campfire_rested":2,"item_purchase_floors":[12,12],"current_hp_per_floor":[68,68,64,51,51,51,17,7,7,30,35,35,25,30,30,34,66,62,62,62,52,52,52,48,48,48,44,44,31,11,11,34,23,23],"gold":640,"neow_bonus":"TEN_PERCENT_HP_BONUS","is_daily":false,"chose_seed":false,"campfire_upgraded":4,"win_rate":0.0,"timestamp":1611247674,"path_taken":["M","M","M","?","?","R","E","?","T","R","M","?","M","E","R","BOSS","M","?","?","?","?","R","E","?","T","M","R","E","M","?","R","BOSS"],"items_purchased_type":["Card","Card"],"build_version":"2020-12-22","purchased_purges":0,"victory":false,"max_hp_per_floor":[77,77,77,77,77,77,77,77,77,77,77,77,77,77,77,77,77,77,77,77,77,77,77,77,77,77,77,77,77,77,77,77,77,77],"card_choices":[{"not_picked":["Caltrops","Quick Slash"],"picked":"Cloak And Dagger","floor":1.0},{"not_picked":["Crippling Poison","Deflect"],"picked":"Terror","floor":2.0},{"not_picked":["Underhanded Strike","Setup"],"picked":"Backflip","floor":3.0},{"not_picked":["Dagger Throw","Blur"],"picked":"Slice","floor":4.0},{"not_picked":["Eviscerate","Dagger Throw"],"picked":"Bullet Time","floor":7.0},{"not_picked":["Flying Knee","Outmaneuver"],"picked":"Cloak And Dagger","floor":8.0},{"not_picked":["Backflip","Slice"],"picked":"After Image","floor":11.0},{"not_picked":["Flying Knee","Crippling Poison"],"picked":"Backstab","floor":13.0},{"not_picked":["Poisoned Stab","Quick Slash","Flying Knee"],"picked":"SKIP","floor":14.0},{"not_picked":["Die Die Die","Phantasmal Killer"],"picked":"After Image","floor":16.0},{"not_picked":["Prepared","Endless Agony+1","Underhanded Strike"],"picked":"SKIP","floor":18.0},{"not_picked":["Flying Knee+1","Acrobatics+1","Deflect"],"picked":"SKIP","floor":21.0},{"not_picked":["Backflip","Crippling Poison","Bane"],"picked":"SKIP","floor":24.0},{"not_picked":["Dagger Throw","Flying Knee+1","Outmaneuver"],"picked":"SKIP","floor":25.0},{"not_picked":["Flying Knee","Tactician+1"],"picked":"Accuracy","floor":27.0},{"not_picked":["Leg Sweep","Quick Slash","Deadly Poison"],"picked":"SKIP","floor":29.0},{"not_picked":["Well Laid Plans","Blade Dance"],"picked":"Night Terror","floor":30.0}],"player_experience":64219,"relics_obtained":[{"floor":7.0,"key":"Toy Ornithopter"},{"floor":9.0,"key":"Pantograph"},{"floor":14.0,"key":"Lizard Tail"},{"floor":24.0,"key":"Bag of Marbles"},{"floor":26.0,"key":"Potion Belt"},{"floor":29.0,"key":"Ancient Tea Set"}],"event_choices":[{"damage_healed":0.0,"max_hp_gain":0.0,"max_hp_loss":0.0,"gold_gain":0.0,"event_name":"Match and Keep!","player_choice":"4 cards matched","floor":5.0,"gold_loss":0.0,"damage_taken":0.0,"cards_obtained":["Neutralize","Burst","Backflip","Madness"]},{"damage_healed":0.0,"max_hp_gain":0.0,"max_hp_loss":0.0,"gold_gain":0.0,"event_name":"Match and Keep!","player_choice":"4 cards matched","floor":5.0,"gold_loss":0.0,"damage_taken":0.0,"cards_obtained":["Neutralize","Burst","Backflip","Madness"]},{"damage_healed":0.0,"max_hp_gain":0.0,"max_hp_loss":0.0,"gold_gain":0.0,"event_name":"Back to Basics","player_choice":"Simplicity","floor":19.0,"gold_loss":0.0,"damage_taken":0.0,"cards_upgraded":["Strike_G","Strike_G","Strike_G","Strike_G","Strike_G","Defend_G","Defend_G","Defend_G","Defend_G","Defend_G"]},{"damage_healed":0.0,"max_hp_gain":0.0,"max_hp_loss":0.0,"gold_gain":0.0,"event_name":"WeMeetAgain","player_choice":"Gave Potion","floor":20.0,"gold_loss":0.0,"damage_taken":0.0,"relics_obtained":["MawBank"]},{"damage_healed":0,"gold_gain":0,"player_choice":"Ignored","damage_taken":0,"max_hp_gain":0,"max_hp_loss":0,"event_name":"Cursed Tome","floor":31,"gold_loss":0}],"is_beta":false,"boss_relics":[{"not_picked":["Black Star","Ring of the Serpent"],"picked":"Sozu"}],"items_purged_floors":[],"is_endless":false,"potions_floor_spawned":[2,3,4,8,11,18,24,25,30],"killed_by":"Collector","ascension_level":6}}