{"host":"gk5m6v7zec9neb0j","time":1611228772,"event":{"mods":["AchievementEnabler","AlwaysNeverKeys","BaseMod","BetterRewards","Block Reminder","Minty Spire (QoL Compilation)","Rare Cards Sparkle","Relic Stats","StSLib"],"gold_per_floor":[113,188,188,206,218,0,0,29,29,29,63,89,115,15,15,128,137,160,23,32,69,81,119,131,152,219,95,95,45,79,89,89,201,201,212,212,160,160,160,187,199,199,247,267,295,156,195,213,213,213,213,213,8,42,42,42],"floor_reached":55,"language":"ENG","playtime":1815,"items_purged":["Strike_G","Strike_G","Strike_G","Strike_G+1"],"score":1224,"play_id":"4243cf11-d9a9-4338-b7ad-db52b4570efd","local_time":"20210121063252","is_ascension_mode":false,"campfire_choices":[{"floor":7,"key":"REST"},{"data":"Neutralize","floor":15,"key":"SMITH"},{"data":"Terror","floor":24,"key":"SMITH"},{"data":"Accuracy","floor":28,"key":"SMITH"},{"data":"Accuracy","floor":32,"key":"SMITH"},{"data":"Footwork","floor":42,"key":"SMITH"},{"floor":49,"key":"REST"},{"data":"Accuracy","floor":52,"key":"SMITH"}],"circlet_count":0,"master_deck":["Defend_G","Defend_G","Defend_G","Defend_G","Defend_G","Survivor","Blade Dance","Accuracy+1","Accuracy+1","Backstab","Prepared","Escape Plan","Blade Dance","Cloak And Dagger","Terror+1","Blade Dance","Footwork","Footwork+1","Burst","CurseOfTheBell","Deflect","Escape Plan","Accuracy+1","Adrenaline","Deflect+1","Cloak And Dagger+1","Blade Dance+1"],"relics":["Ring of the Snake","FossilizedHelix","Ice Cream","Membership Card","Tough Bandages","Girya","Calipers","Shuriken","CeramicFish","Juzu Bracelet","DollysMirror","Calling Bell","Strawberry","InkBottle","Unceasing Top","Blue Candle","MawBank","Orichalcum","Potion Belt","ClockworkSouvenir","Whetstone","Empty Cage","White Beast Statue","Bag of Marbles","Lantern","Orrery","Sundial","PrismaticShard","Letter Opener","Snake Skull"],"acts_visited":["Exordium","TheCity","TheBeyond","TheEnding"],"potions_floor_usage":[23,33,55,55],"damage_taken":[{"damage":0.0,"enemies":"Jaw Worm","floor":1.0,"turns":3.0},{"damage":0.0,"enemies":"Small Slimes","floor":4.0,"turns":2.0},{"damage":0,"enemies":"2 Louse","floor":5,"turns":1},{"damage":0,"enemies":"Gremlin Nob","floor":8,"turns":3},{"damage":0,"enemies":"Lagavulin","floor":11,"turns":5},{"damage":0,"enemies":"Blue Slaver","floor":12,"turns":3},{"damage":0,"enemies":"Gremlin Gang","floor":13,"turns":4},{"damage":0,"enemies":"The Guardian","floor":16,"turns":7},{"damage":0,"enemies":"Chosen","floor":18,"turns":4},{"damage":0,"enemies":"Spheric Guardian","floor":21,"turns":3},{"damage":7,"enemies":"Slavers","floor":23,"turns":7},{"damage":4,"enemies":"Book of Stabbing","floor":30,"turns":4},{"damage":0,"enemies":"Snake Plant","floor":31,"turns":4},{"damage":0,"enemies":"Automaton","floor":33,"turns":7},{"damage":0,"enemies":"Orb Walker","floor":35,"turns":3},{"damage":9,"enemies":"Reptomancer","floor":40,"turns":3},{"damage":11,"enemies":"3 Darklings","floor":41,"turns":5},{"damage":13,"enemies":"Jaw Worm Horde","floor":44,"turns":4},{"damage":0,"enemies":"Giant Head","floor":45,"turns":5},{"damage":28,"enemies":"Nemesis","floor":47,"turns":5},{"damage":0,"enemies":"Spire Growth","floor":48,"turns":4},{"damage":33,"enemies":"Awakened One","floor":50,"turns":9},{"damage":49,"enemies":"Shield and Spear","floor":54,"turns":5},{"damage":69,"enemies":"The Heart","floor":55,"turns":5}],"seed_played":"-7796478160392164706","potions_obtained":[{"floor":13,"key":"Block Potion"},{"floor":16,"key":"Dexterity Potion"},{"floor":31,"key":"GamblersBrew"},{"floor":48,"key":"PowerPotion"}],"is_trial":false,"path_per_floor":["M","?","?","M","M","$","R","E","T","?","E","M","M","$","R","B",null,"M","$","?","M","?","E","R","?","T","$","R","$","E","M","R","B",null,"M","?","$","?","?","E","M","R","T","M","E","$","E","M","R","B",null,"R","$","E","B"],"character_chosen":"THE_SILENT","items_purchased":["Blade Dance","Membership Card","Accuracy","Accuracy","Calipers","Escape Plan","Footwork","DollysMirror","Blue Candle","Slice","ClockworkSouvenir","FairyPotion","FairyPotion","Orrery","PrismaticShard","Letter Opener"],"campfire_rested":2,"item_purchase_floors":[0,0,0,0,6,6,14,14,19,19,27,29,37,46,53,53],"current_hp_per_floor":[28,17,17,17,17,17,38,38,38,38,38,38,38,38,38,38,77,77,77,77,77,77,70,70,70,70,70,70,70,66,66,66,66,77,77,73,73,73,68,59,48,48,48,35,35,35,7,7,28,21,73,73,73,24,0,0],"gold":42,"neow_bonus":"","is_daily":false,"chose_seed":false,"campfire_upgraded":6,"win_rate":0.0,"timestamp":1611228772,"path_taken":["M","?","?","M","M","$","R","E","T","?","E","M","M","$","R","BOSS","M","$","?","M","?","E","R","?","T","$","R","?","E","M","R","BOSS","M","?","$","?","?","E","M","R","T","M","E","$","E","M","R","BOSS","R","$","E","BOSS"],"items_purchased_type":["Card","Relic","Card","Card","Relic","Card","Card","Relic","Relic","Card","Relic","Potion","Potion","Relic","Relic","Relic"],"build_version":"2020-12-22","purchased_purges":4,"victory":false,"max_hp_per_floor":[70,70,70,70,70,70,70,70,70,70,70,70,70,70,70,70,77,77,77,77,77,77,77,77,77,77,77,77,77,77,77,77,77,77,77,73,73,73,73,73,73,73,73,73,73,73,73,73,73,73,73,73,73,73,73,73],"relic_stats":{"counters":[274,1567],"CeramicFish":261,"Blue Candle":[2],"Snake Skull":[0],"Juzu Bracelet":1,"Whetstone":["Finisher","Flying Knee","Strike_G","Strike_G"],"Letter Opener":[51],"Orichalcum":[54],"MawBank":96,"Tough Bandages":[96],"Shuriken":[97],"Sundial":[6],"obtain_stats":[{"Ice Cream":7,"Calipers":13,"CeramicFish":0,"HoveringKite":34,"Vajra":43,"Ginger":0,"Whetstone":11,"Bottled Tornado":43,"Blood Vial":17,"Sozu":34,"Sundial":24,"DollysMirror":4,"Strawberry":26,"Prayer Wheel":38,"Kunai":0,"Toxic Egg 2":28,"Girya":0,"Happy Flower":13,"Astrolabe":34,"Blue Candle":54,"Oddly Smooth Stone":0,"Eternal Feather":54,"Letter Opener":53,"War Paint":43,"Question Card":48,"SlaversCollar":17,"Bottled Flame":25,"Shuriken":0,"Bronze Scales":10,"MutagenicStrength":19,"Bird Faced Urn":38,"Molten Egg 2":9,"Black Star":17,"StrikeDummy":27,"Unceasing Top":46,"Meat on the Bone":17,"Pocketwatch":17,"Darkstone Periapt":23,"Regal Pillow":9,"Lantern":45,"Torii":0,"Singing Bowl":43,"Enchiridion":22,"StoneCalendar":42,"Snake Skull":54,"Juzu Bracelet":43,"Ancient Tea Set":4,"Empty Cage":17,"PrismaticShard":53,"ClockworkSouvenir":20,"Tough Bandages":25,"Nunchaku":31,"Matryoshka":37,"WristBlade":34,"Mummified Hand":30,"Ninja Scroll":0,"Pantograph":12,"Gambling Chip":0,"Tiny Chest":26,"WingedGreaves":17,"Red Mask":47,"Chemical X":37,"InkBottle":54,"Ring of the Snake":0,"Potion Belt":9,"Golden Idol":3,"Thread and Needle":45,"The Courier":26,"PreservedInsect":38,"Omamori":39,"Orichalcum":26,"Medical Kit":37,"MawBank":45,"White Beast Statue":9,"Peace Pipe":9,"Calling Bell":17,"Ornamental Fan":0,"Bloody Idol":31,"Orrery":0,"Turnip":38,"Art of War":17,"Bag of Marbles":43,"Bottled Lightning":43,"Membership Card":36,"Toy Ornithopter":27,"FossilizedHelix":0},{"Ice Cream":11,"Calipers":154,"CeramicFish":172,"HoveringKite":21,"Vajra":91,"Ginger":97,"Whetstone":100,"Bottled Tornado":52,"Blood Vial":129,"Sozu":136,"Sundial":44,"DollysMirror":123,"Strawberry":107,"Prayer Wheel":138,"Kunai":31,"Toxic Egg 2":108,"Girya":250,"Happy Flower":12,"Astrolabe":86,"Blue Candle":249,"Oddly Smooth Stone":122,"Eternal Feather":146,"Letter Opener":272,"War Paint":191,"Question Card":94,"SlaversCollar":231,"Bottled Flame":16,"Shuriken":97,"Bronze Scales":36,"MutagenicStrength":156,"Bird Faced Urn":189,"Molten Egg 2":151,"Black Star":13,"StrikeDummy":17,"Unceasing Top":193,"Meat on the Bone":80,"Pocketwatch":129,"Darkstone Periapt":182,"Regal Pillow":36,"Lantern":269,"Torii":31,"Singing Bowl":116,"Enchiridion":68,"StoneCalendar":217,"Snake Skull":273,"Juzu Bracelet":141,"Ancient Tea Set":2,"Empty Cage":103,"PrismaticShard":272,"ClockworkSouvenir":41,"Tough Bandages":16,"Nunchaku":85,"Matryoshka":137,"WristBlade":112,"Mummified Hand":110,"Ninja Scroll":172,"Pantograph":11,"Gambling Chip":197,"Tiny Chest":16,"WingedGreaves":80,"Red Mask":54,"Chemical X":22,"InkBottle":57,"Ring of the Snake":0,"Potion Belt":3,"Golden Idol":2,"Thread and Needle":245,"The Courier":183,"PreservedInsect":240,"Omamori":189,"Orichalcum":235,"Medical Kit":188,"MawBank":245,"White Beast Statue":11,"Peace Pipe":62,"Calling Bell":80,"Ornamental Fan":72,"Bloody Idol":161,"Orrery":58,"Turnip":116,"Art of War":80,"Bag of Marbles":267,"Bottled Lightning":24,"Membership Card":163,"Toy Ornithopter":17,"FossilizedHelix":250},{"Ice Cream":57,"Calipers":823,"CeramicFish":996,"HoveringKite":124,"Vajra":558,"Ginger":599,"Whetstone":611,"Bottled Tornado":309,"Blood Vial":722,"Sozu":746,"Sundial":249,"DollysMirror":699,"Strawberry":637,"Prayer Wheel":755,"Kunai":183,"Toxic Egg 2":643,"Girya":1462,"Happy Flower":68,"Astrolabe":533,"Blue Candle":1454,"Oddly Smooth Stone":696,"Eternal Feather":781,"Letter Opener":1557,"War Paint":1131,"Question Card":574,"SlaversCollar":1359,"Bottled Flame":94,"Shuriken":599,"Bronze Scales":206,"MutagenicStrength":843,"Bird Faced Urn":1121,"Molten Egg 2":801,"Black Star":79,"StrikeDummy":100,"Unceasing Top":1141,"Meat on the Bone":500,"Pocketwatch":722,"Darkstone Periapt":1075,"Regal Pillow":206,"Lantern":1539,"Torii":183,"Singing Bowl":676,"Enchiridion":435,"StoneCalendar":1281,"Snake Skull":1562,"Juzu Bracelet":766,"Ancient Tea Set":5,"Empty Cage":621,"PrismaticShard":1557,"ClockworkSouvenir":234,"Tough Bandages":94,"Nunchaku":521,"Matryoshka":750,"WristBlade":661,"Mummified Hand":652,"Ninja Scroll":996,"Pantograph":57,"Gambling Chip":1176,"Tiny Chest":94,"WingedGreaves":500,"Red Mask":329,"Chemical X":129,"InkBottle":364,"Ring of the Snake":0,"Potion Belt":9,"Golden Idol":5,"Thread and Needle":1436,"The Courier":1085,"PreservedInsect":1411,"Omamori":1121,"Orichalcum":1384,"Medical Kit":1117,"MawBank":1436,"White Beast Statue":57,"Peace Pipe":387,"Calling Bell":500,"Ornamental Fan":459,"Bloody Idol":873,"Orrery":367,"Turnip":676,"Art of War":500,"Bag of Marbles":1530,"Bottled Lightning":139,"Membership Card":899,"Toy Ornithopter":100,"FossilizedHelix":1462}],"InkBottle":[57],"Unceasing Top":[6],"Ring of the Snake":[543]},"card_choices":[{"not_picked":["Setup","Flying Knee"],"picked":"Backstab","floor":1.0},{"not_picked":["All Out Attack","Tactician"],"picked":"Prepared","floor":4.0},{"not_picked":["Slice","Outmaneuver","Underhanded Strike"],"picked":"SKIP","floor":5},{"not_picked":["Dash","Backflip"],"picked":"Blade Dance","floor":8},{"not_picked":["Deflect","Deadly Poison"],"picked":"Cloak And Dagger","floor":11},{"not_picked":["Deadly Poison","Dodge and Roll"],"picked":"Terror","floor":12},{"not_picked":["Underhanded Strike","Distraction"],"picked":"Blade Dance","floor":13},{"not_picked":["Doppelganger","Malaise"],"picked":"Burst","floor":16},{"not_picked":["Bane","Leg Sweep+1"],"picked":"Deflect","floor":18},{"not_picked":["Slice","Bane"],"picked":"Escape Plan","floor":21},{"not_picked":["Acrobatics","Glass Knife","Finisher"],"picked":"SKIP","floor":23},{"not_picked":["Well Laid Plans","Setup","Slice"],"picked":"SKIP","floor":30},{"not_picked":["Underhanded Strike","Sucker Punch+1","Terror"],"picked":"SKIP","floor":31},{"not_picked":["Storm of Steel","Malaise"],"picked":"Adrenaline","floor":33},{"not_picked":["Deflect","Masterful Stab+1","Reflex+1"],"picked":"SKIP","floor":35},{"not_picked":["Dodge and Roll+1","Malaise","Skewer"],"picked":"SKIP","floor":40},{"not_picked":["Riddle With Holes+1","Bane","Endless Agony"],"picked":"SKIP","floor":41},{"not_picked":["Riddle With Holes","Concentrate"],"picked":"Deflect+1","floor":44},{"not_picked":["Distraction+1","Sucker Punch","Deadly Poison"],"picked":"SKIP","floor":45},{"not_picked":["PiercingWail+1","Terror+1"],"picked":"Cloak And Dagger+1","floor":46},{"not_picked":["Leg Sweep","Glass Knife"],"picked":"Blade Dance+1","floor":47},{"not_picked":["PiercingWail+1","Dagger Spray","Deadly Poison+1"],"picked":"SKIP","floor":48},{"not_picked":["Reinforced Body+1","Rupture","Redo"],"picked":"SKIP","floor":54}],"player_experience":755629,"relics_obtained":[{"floor":8,"key":"Shuriken"},{"floor":9,"key":"CeramicFish"},{"floor":11,"key":"Juzu Bracelet"},{"floor":17,"key":"Strawberry"},{"floor":17,"key":"InkBottle"},{"floor":17,"key":"Unceasing Top"},{"floor":23,"key":"Orichalcum"},{"floor":26,"key":"Potion Belt"},{"floor":30,"key":"Whetstone"},{"floor":40,"key":"White Beast Statue"},{"floor":43,"key":"Bag of Marbles"},{"floor":45,"key":"Lantern"},{"floor":47,"key":"Sundial"},{"floor":54,"key":"Snake Skull"}],"event_choices":[{"damage_healed":0.0,"max_hp_gain":0.0,"max_hp_loss":0.0,"gold_gain":75.0,"event_name":"World of Goop","player_choice":"Gather Gold","floor":2.0,"gold_loss":0.0,"damage_taken":11.0},{"damage_healed":0.0,"max_hp_gain":0.0,"max_hp_loss":0.0,"gold_gain":0.0,"event_name":"Shining Light","player_choice":"Ignored","floor":3.0,"gold_loss":0.0,"damage_taken":0.0},{"damage_healed":0,"gold_gain":0,"player_choice":"Ignored","damage_taken":0,"max_hp_gain":0,"max_hp_loss":0,"event_name":"Liars Game","floor":10,"gold_loss":0},{"damage_healed":0,"gold_gain":0,"player_choice":"Stole Relic","damage_taken":0,"relics_obtained":["MawBank"],"max_hp_gain":0,"max_hp_loss":0,"event_name":"Addict","floor":20,"gold_loss":0,"cards_obtained":["Shame"]},{"cards_removed":["Shame"],"damage_healed":0,"gold_gain":0,"player_choice":"Elegance","damage_taken":0,"max_hp_gain":0,"max_hp_loss":0,"event_name":"Back to Basics","floor":22,"gold_loss":0},{"damage_healed":0,"gold_gain":0,"player_choice":"Read","damage_taken":0,"max_hp_gain":0,"max_hp_loss":0,"event_name":"The Library","floor":25,"gold_loss":0,"cards_obtained":["Accuracy"]},{"damage_healed":0,"gold_gain":0,"player_choice":"Max HP","damage_taken":0,"max_hp_gain":0,"max_hp_loss":4,"event_name":"Winding Halls","floor":36,"gold_loss":0},{"cards_removed":["Neutralize"],"damage_healed":0,"gold_gain":0,"player_choice":"Removed Attack","damage_taken":0,"max_hp_gain":0,"max_hp_loss":0,"event_name":"Falling","floor":38,"gold_loss":0},{"damage_healed":0,"gold_gain":0,"player_choice":"Memory 2","damage_taken":5,"max_hp_gain":0,"max_hp_loss":0,"event_name":"SensoryStone","floor":39,"gold_loss":0}],"is_beta":false,"boss_relics":[{"not_picked":["Busted Crown","Velvet Choker"],"picked":"Calling Bell"},{"not_picked":["Runic Pyramid","Cursed Key"],"picked":"Empty Cage"}],"items_purged_floors":[0,6,27,46],"is_endless":false,"potions_floor_spawned":[8,12,13,16,23,31,40,41,44,45,47,48,54],"killed_by":"The Heart","ascension_level":0}}