{"host":"4izqype2b9ama7cy","time":1611224984,"event":{"mods":["AchievementEnabler","BaseMod","Better Altar","Better Match","Better Note","Better Sensory Stone","Better Skull","Better Third Choice","Better Vampires","Block Reminder","Challenge The Spire","Conspire","Gremlin Skip","Highlight Path","Infinite Spire","Marked Mod","Minty Spire (QoL Compilation)","Replay The Spire","Spicy Shops","StSLib","Wandering Minibosses","everything is the same but u backflip on backflip"],"gold_per_floor":[109,184,202,217,217,217,242,41,41,41,53,63,87,97,97,197,197,214,214,175,190,190,190,190,217,263,263,263],"floor_reached":27,"language":"ENG","playtime":1610,"items_purged":[],"score":254,"play_id":"0e231835-0bc1-4a40-8330-a1c74f2be1af","local_time":"20210121022944","is_ascension_mode":true,"campfire_choices":[{"data":"Zap","floor":6,"key":"SMITH"},{"floor":15,"key":"REST"},{"floor":23,"key":"REST"}],"circlet_count":0,"master_deck":["Strike_B+1","Strike_B+1","Strike_B+1","Strike_B+1","Defend_B+1","Defend_B+1","Defend_B+1","Defend_B+1","Zap+1","Turbo","Storm+1","Stack","Conserve Battery","Lockon","Lockon","Conserve Battery","Echo Form","Reinforced Body","Turbo","Rebound","Gash","Biased Cognition","Gash","Echo Form","Ball Lightning+1","Beam Cell+1","Turbo"],"relics":["Cracked Core","NeowsBlessing","White Beast Statue","Lee\u0027s Waffle","Oddly Smooth Stone","Odd Mushroom","SlaversCollar","PreservedInsect","Centennial Puzzle"],"acts_visited":["Exordium","TheCity"],"potions_floor_usage":[16,16,16],"damage_taken":[{"damage":0,"enemies":"2 Louse","floor":1,"turns":1},{"damage":0,"enemies":"Small Slimes","floor":3,"turns":1},{"damage":0,"enemies":"conspire:RoseBush","floor":4,"turns":1},{"damage":33,"enemies":"Lagavulin","floor":7,"turns":7},{"damage":10,"enemies":"Exordium Thugs","floor":11,"turns":4},{"damage":0,"enemies":"conspire:2 RoseBushes","floor":12,"turns":7},{"damage":37,"enemies":"The Mushroom Lair","floor":13,"turns":5},{"damage":20,"enemies":"3 Louse","floor":14,"turns":4},{"damage":34,"enemies":"The Guardian","floor":16,"turns":9},{"damage":24,"enemies":"2 Thieves","floor":18,"turns":5},{"damage":7,"enemies":"conspire:FuzzyDice","floor":21,"turns":7},{"damage":23,"enemies":"conspire:SneckoGhost","floor":25,"turns":5},{"damage":44,"enemies":"Cultist and Chosen","floor":27,"turns":3}],"seed_played":"-4099491658653377227","potions_obtained":[{"floor":3,"key":"Elixir"},{"floor":4,"key":"PotionOfCapacity"},{"floor":11,"key":"Energy Potion"},{"floor":12,"key":"FocusPotion"},{"floor":16,"key":"FearPotion"},{"floor":18,"key":"Block Potion"},{"floor":21,"key":"Swift Potion"}],"is_trial":false,"path_per_floor":["M","?","M","M","?","R","E","$","T","?","M","M","?","M","R","B",null,"M","?","$","M","?","R","?","E","T","M"],"character_chosen":"DEFECT","items_purchased":["Lockon","Conserve Battery","Lee\u0027s Waffle","Ball Lightning+1"],"campfire_rested":2,"item_purchase_floors":[8,8,8,20],"current_hp_per_floor":[75,64,64,64,64,64,31,82,82,82,72,72,35,15,39,5,82,58,42,42,35,35,59,59,36,36,0,0],"gold":263,"neow_bonus":"THREE_ENEMY_KILL","is_daily":false,"chose_seed":false,"campfire_upgraded":1,"win_rate":0.0,"timestamp":1611224984,"path_taken":["M","?","M","M","?","R","E","$","T","?","?","M","?","M","R","BOSS","M","?","$","M","?","R","?","E","T","M"],"items_purchased_type":["Card","Card","Relic","Card"],"build_version":"2020-12-22","purchased_purges":0,"victory":false,"max_hp_per_floor":[75,75,75,75,75,75,75,82,82,82,82,82,82,82,82,82,82,82,82,82,82,82,82,82,82,82,82,82],"card_choices":[{"not_picked":["Cold Snap","Heatsinks"],"picked":"Turbo","floor":1},{"not_picked":["BasicCrystalCard","Coolheaded"],"picked":"Storm","floor":3},{"not_picked":["Rebound","Coolheaded"],"picked":"Stack","floor":4},{"not_picked":["BasicCrystalCard","Undo"],"picked":"Conserve Battery","floor":7},{"not_picked":["BasicCrystalCard","ReplayTheSpireMod:Reroute Power"],"picked":"Reinforced Body","floor":11},{"not_picked":["Sweeping Beam","Lockon"],"picked":"Turbo","floor":12},{"not_picked":["Undo","Stack"],"picked":"Rebound","floor":13},{"not_picked":["Chaos","ReplayGash"],"picked":"Gash","floor":14},{"not_picked":["Fission","Meteor Strike"],"picked":"Biased Cognition","floor":16},{"not_picked":["Streamline+1","ReplaySort"],"picked":"Gash","floor":18},{"not_picked":["Steam","Hologram+1"],"picked":"Beam Cell+1","floor":21},{"not_picked":["Sweeping Beam","Steam"],"picked":"Turbo","floor":25}],"player_experience":301771,"relics_obtained":[{"floor":7,"key":"White Beast Statue"},{"floor":9,"key":"Oddly Smooth Stone"},{"floor":13,"key":"Odd Mushroom"},{"floor":25,"key":"PreservedInsect"},{"floor":26,"key":"Centennial Puzzle"}],"event_choices":[{"damage_healed":0,"gold_gain":75,"player_choice":"Gold","damage_taken":11,"max_hp_gain":0,"max_hp_loss":0,"event_name":"betterThird:BetterGoop","floor":2,"gold_loss":0},{"damage_healed":0,"gold_gain":0,"cards_transformed":["Dualcast"],"player_choice":"Transformed","damage_taken":0,"max_hp_gain":0,"max_hp_loss":0,"event_name":"Transmorgrifier","floor":10,"gold_loss":0,"cards_obtained":["Echo Form"]},{"damage_healed":0,"gold_gain":0,"player_choice":"Fought Mushrooms","damage_taken":0,"max_hp_gain":0,"max_hp_loss":0,"event_name":"Mushrooms","floor":13,"gold_loss":0},{"damage_healed":0,"gold_gain":2,"player_choice":"2","damage_taken":0,"max_hp_gain":0,"max_hp_loss":16,"event_name":"betterStone:BetterStone","floor":19,"gold_loss":0},{"damage_healed":0,"gold_gain":0,"player_choice":"Simplicity","damage_taken":0,"max_hp_gain":0,"max_hp_loss":8,"event_name":"betterThird:BetterWriting","floor":22,"gold_loss":0},{"damage_healed":0,"gold_gain":0,"player_choice":"Ignored","damage_taken":0,"max_hp_gain":0,"max_hp_loss":0,"event_name":"Ghosts","floor":24,"gold_loss":0}],"is_beta":false,"boss_relics":[{"not_picked":["Replay:Grab Bag","Honey Jar"],"picked":"SlaversCollar"}],"items_purged_floors":[],"is_endless":false,"potions_floor_spawned":[3,4,11,12,13,14,16,18,21,25],"killed_by":"Cultist and Chosen","ascension_level":2}}