{"host":"49c2zf0lajbcs427","time":1611192715,"event":{"mods":["AchievementEnabler","BaseMod","Colored Map","Colored Powertips","Highlight Path","Key Reminder","Minty Spire (QoL Compilation)","Relic Stats","StSLib"],"gold_per_floor":[111,124,224,238,254,254,288,305,379,393,393,427,427,226,226,325,325,342,361,372,372,43,71,71,71,71,71,106,106,121,131,131,231,231,248,174,174,174],"floor_reached":37,"language":"ENG","playtime":2425,"items_purged":["Strike_B","Strike_B"],"score":692,"play_id":"44f75297-9077-4f61-a9b6-38f9572bd459","local_time":"20210121143155","is_ascension_mode":true,"campfire_choices":[{"data":"Go for the Eyes","floor":6,"key":"SMITH"},{"data":"Machine Learning","floor":11,"key":"SMITH"},{"data":"Loop","floor":13,"key":"SMITH"},{"data":"Buffer","floor":15,"key":"SMITH"},{"data":"Ghostly","floor":24,"key":"SMITH"},{"data":"Ghostly","floor":27,"key":"SMITH"},{"data":"Ghostly","floor":29,"key":"SMITH"},{"data":"Ghostly","floor":32,"key":"SMITH"}],"circlet_count":0,"master_deck":["Strike_B","Strike_B","Defend_B","Defend_B","Defend_B","Defend_B","Zap","Dualcast","Streamline","Go for the Eyes+1","Compile Driver","Chill","Machine Learning+1","Ball Lightning","Loop+1","Buffer+1","Hologram","Amplify","Fusion","Defragment","Ghostly+1","Ghostly+1","Ghostly+1","Ghostly+1","Ghostly","Reboot","Doom and Gloom","FTL","Multi-Cast","Chill","Biased Cognition","Rebound+1","Redo"],"relics":["Nuclear Battery","Bag of Preparation","Meat on the Bone","Incense Burner","Inserter","Membership Card","DataDisk","Bag of Marbles","Blood Vial","Shovel","Runic Dome"],"acts_visited":["Exordium","TheCity","TheBeyond"],"potions_floor_usage":[7,12],"damage_taken":[{"damage":0,"enemies":"2 Louse","floor":1,"turns":3},{"damage":0,"enemies":"Cultist","floor":2,"turns":3},{"damage":1,"enemies":"Small Slimes","floor":4,"turns":4},{"damage":0,"enemies":"Red Slaver","floor":5,"turns":2},{"damage":10,"enemies":"Gremlin Nob","floor":7,"turns":4},{"damage":0,"enemies":"Lots of Slimes","floor":8,"turns":4},{"damage":9,"enemies":"Blue Slaver","floor":10,"turns":3},{"damage":1,"enemies":"3 Sentries","floor":12,"turns":5},{"damage":21,"enemies":"Hexaghost","floor":16,"turns":8},{"damage":0,"enemies":"Shell Parasite","floor":18,"turns":6},{"damage":2,"enemies":"Chosen","floor":19,"turns":5},{"damage":0,"enemies":"Snecko","floor":20,"turns":6},{"damage":0,"enemies":"Slavers","floor":23,"turns":8},{"damage":0,"enemies":"Book of Stabbing","floor":28,"turns":7},{"damage":2,"enemies":"Chosen and Byrds","floor":30,"turns":9},{"damage":3,"enemies":"Shelled Parasite and Fungi","floor":31,"turns":5},{"damage":1,"enemies":"Champ","floor":33,"turns":11},{"damage":0,"enemies":"3 Darklings","floor":35,"turns":7},{"damage":38,"enemies":"2 Orb Walkers","floor":37,"turns":3}],"seed_played":"4746757768058714740","potions_obtained":[{"floor":5,"key":"BlessingOfTheForge"},{"floor":8,"key":"LiquidMemories"},{"floor":16,"key":"PowerPotion"},{"floor":19,"key":"SmokeBomb"},{"floor":20,"key":"Block Potion"},{"floor":30,"key":"FocusPotion"}],"is_trial":false,"path_per_floor":["M","M","?","M","M","R","E","M","T","M","R","E","R","$","R","B",null,"M","M","M","?","$","E","R","$","T","R","E","R","M","M","R","B",null,"M","$","?"],"character_chosen":"DEFECT","items_purchased":["Buffer","Hologram","Membership Card","Reboot","DataDisk","Doom and Gloom","Redo"],"campfire_rested":0,"item_purchase_floors":[14,14,22,22,22,22,36],"current_hp_per_floor":[68,68,68,67,67,67,57,57,57,48,48,47,47,47,47,38,66,66,64,64,37,37,37,37,37,37,37,37,37,35,34,34,35,37,37,37,0,0],"gold":174,"neow_bonus":"BOSS_RELIC","is_daily":false,"chose_seed":false,"campfire_upgraded":8,"win_rate":0.0,"timestamp":1611192715,"path_taken":["M","M","?","M","M","R","E","M","T","?","R","E","R","$","R","BOSS","M","?","M","?","$","E","R","$","T","R","E","R","M","M","R","BOSS","M","$","?"],"items_purchased_type":["Card","Card","Relic","Card","Relic","Card","Card"],"build_version":"2020-12-22","purchased_purges":2,"victory":false,"max_hp_per_floor":[75,75,75,75,75,75,75,75,75,75,75,75,75,75,75,75,75,75,75,75,37,37,37,37,37,37,37,37,37,37,37,37,37,37,37,37,37,37],"relic_stats":{"Blood Vial":4,"Inserter":[33],"Shovel":0,"counters":[19,102],"Bag of Preparation":[28],"obtain_stats":[{"Blood Vial":26,"Runic Dome":34,"DataDisk":22,"Inserter":17,"Shovel":28,"Bag of Preparation":7,"Incense Burner":12,"Bag of Marbles":23,"Membership Card":22,"Cracked Core":0,"Nuclear Battery":0,"Meat on the Bone":9},{"Blood Vial":13,"Runic Dome":17,"DataDisk":12,"Inserter":9,"Shovel":14,"Bag of Preparation":5,"Incense Burner":8,"Bag of Marbles":13,"Membership Card":12,"Cracked Core":0,"Nuclear Battery":0,"Meat on the Bone":6},{"Blood Vial":61,"Runic Dome":93,"DataDisk":53,"Inserter":36,"Shovel":68,"Bag of Preparation":16,"Incense Burner":28,"Bag of Marbles":61,"Membership Card":53,"Cracked Core":0,"Nuclear Battery":0,"Meat on the Bone":20}],"Meat on the Bone":12},"card_choices":[{"not_picked":["Go for the Eyes","Recycle"],"picked":"Streamline","floor":1},{"not_picked":["Beam Cell","Streamline"],"picked":"Go for the Eyes","floor":2},{"not_picked":["Stack","Beam Cell"],"picked":"Compile Driver","floor":4},{"not_picked":["Scrape","Coolheaded"],"picked":"Chill","floor":5},{"not_picked":["Conserve Battery","Rip and Tear"],"picked":"Machine Learning","floor":7},{"not_picked":["Hologram","Streamline"],"picked":"Ball Lightning","floor":8},{"not_picked":["Compile Driver","Go for the Eyes","Steam"],"picked":"SKIP","floor":10},{"not_picked":["Reprogram","Beam Cell"],"picked":"Loop","floor":12},{"not_picked":["Reboot","Core Surge"],"picked":"Amplify","floor":16},{"not_picked":["Gash","Aggregate","Auto Shields"],"picked":"SKIP","floor":18},{"not_picked":["Leap","Conserve Battery"],"picked":"Fusion","floor":19},{"not_picked":["Redo","Go for the Eyes"],"picked":"Defragment","floor":20},{"not_picked":["Go for the Eyes","Barrage"],"picked":"FTL","floor":23},{"not_picked":["Leap","Gash"],"picked":"Multi-Cast","floor":28},{"not_picked":["Gash+1","Stack","Ball Lightning"],"picked":"SKIP","floor":30},{"not_picked":["Self Repair","Melter+1"],"picked":"Chill","floor":31},{"not_picked":["Amplify","Thunder Strike"],"picked":"Biased Cognition","floor":33},{"not_picked":["Heatsinks+1","Reprogram"],"picked":"Rebound+1","floor":35}],"player_experience":2340227,"relics_obtained":[{"floor":7,"key":"Bag of Preparation"},{"floor":9,"key":"Meat on the Bone"},{"floor":12,"key":"Incense Burner"},{"floor":23,"key":"Bag of Marbles"},{"floor":26,"key":"Blood Vial"},{"floor":28,"key":"Shovel"}],"event_choices":[{"damage_healed":0,"gold_gain":100,"player_choice":"Pray","damage_taken":0,"max_hp_gain":0,"max_hp_loss":0,"event_name":"Golden Shrine","floor":3,"gold_loss":0},{"damage_healed":0,"gold_gain":0,"player_choice":"Became a Ghost","damage_taken":0,"max_hp_gain":0,"max_hp_loss":38,"event_name":"Ghosts","floor":21,"gold_loss":0,"cards_obtained":["Ghostly","Ghostly","Ghostly","Ghostly","Ghostly"]},{"damage_healed":0,"gold_gain":0,"player_choice":"Fight","damage_taken":0,"max_hp_gain":0,"max_hp_loss":0,"event_name":"Mysterious Sphere","floor":37,"gold_loss":0}],"is_beta":false,"boss_relics":[{"not_picked":["SlaversCollar","Philosopher\u0027s Stone"],"picked":"Inserter"},{"not_picked":["Velvet Choker","Tiny House"],"picked":"Runic Dome"}],"items_purged_floors":[14,36],"is_endless":false,"potions_floor_spawned":[5,8,16,19,20,30,31],"killed_by":"2 Orb Walkers","ascension_level":7}}