{"host":"ifd7sfhtlbe34qll","time":1611248792,"event":{"mods":["2.2 Compatiblity","BaseMod","Block Reminder","Colored Map","Curses Come First","Downfall","Highlight Path","Minty Spire (QoL Compilation)","Potion Indicator Mod","Quick Restart","Relic Stats","StSLib"],"gold_per_floor":[99,110,120,120,136,136,136,167,193,203,203,232,245,257,269,269,269,269],"floor_reached":16,"language":"ENG","playtime":1254,"items_purged":[],"score":228,"play_id":"3d0d5008-df6e-481d-bf16-df5c3851be3e","local_time":"20210121110632","is_ascension_mode":true,"campfire_choices":[{"data":"bronze:Replicate","floor":1.0,"key":"SMITH"},{"data":"bronze:OilSpill","floor":6.0,"key":"SMITH"},{"floor":11.0,"key":"REST"}],"circlet_count":0,"master_deck":["AscendersBane","bronze:Strike","bronze:Strike","bronze:Strike","bronze:Strike","bronze:Defend","bronze:Defend","bronze:Defend","bronze:Defend","bronze:Replicate+1","bronze:Goto","bronze:WhirlingStrike","bronze:OilSpill+1","bronze:WhirlingStrike","bronze:Optimize","bronze:ChosenStrike","bronze:Assembly","bronze:DigitalCarnage","bronze:GetLatest","bronze:MaxOutput","bronze:Refactor"],"relics":["bronze:BronzeCore","Mummified Hand","Lantern","Odd Mushroom","MealTicket"],"acts_visited":["Exordium"],"potions_floor_usage":[12,16,16],"damage_taken":[{"damage":2.0,"enemies":"Jaw Worm","floor":2.0,"turns":3.0},{"damage":1.0,"enemies":"2 Louse","floor":3.0,"turns":3.0},{"damage":4.0,"enemies":"Small Slimes","floor":5.0,"turns":3.0},{"damage":25.0,"enemies":"Lagavulin","floor":8.0,"turns":4.0},{"damage":9.0,"enemies":"The Mushroom Lair","floor":9.0,"turns":5.0},{"damage":4.0,"enemies":"Red Slaver","floor":10.0,"turns":3.0},{"damage":6,"enemies":"Gremlin Nob","floor":12,"turns":3},{"damage":0,"enemies":"2 Fungi Beasts","floor":13,"turns":2},{"damage":0,"enemies":"Blue Slaver","floor":14,"turns":1},{"damage":0,"enemies":"Exordium Wildlife","floor":15,"turns":1},{"damage":41,"enemies":"DF_ARCHETYPE_STREAMLINE","floor":16,"turns":4}],"seed_played":"-8136686837314938618","potions_obtained":[{"floor":8.0,"key":"EntropicBrew"},{"floor":10.0,"key":"Explosive Potion"},{"floor":12,"key":"Dexterity Potion"},{"floor":15,"key":"Energy Potion"}],"is_trial":false,"path_per_floor":["R","M","M","?","M","R","T","E","?","M","R","E","M","M","M","B"],"character_chosen":"THE_AUTOMATON","items_purchased":[],"campfire_rested":1,"item_purchase_floors":[],"current_hp_per_floor":[63,61,60,60,56,56,56,31,22,18,38,32,32,32,32,0,0,0],"gold":269,"neow_bonus":"TEN_PERCENT_HP_BONUS","is_daily":false,"chose_seed":false,"campfire_upgraded":2,"win_rate":0.0,"timestamp":1611248792,"path_taken":["R","M","M","?","M","R","T","E","?","M","R","E","M","M","M","BOSS"],"items_purchased_type":[],"build_version":"2020-12-22","purchased_purges":0,"victory":false,"max_hp_per_floor":[69,69,69,69,69,69,69,69,69,69,69,69,69,69,69,69,69,69],"relic_stats":{"counters":[11,32],"Mummified Hand":[4],"MealTicket":0,"obtain_stats":[{"Lantern":8,"bronze:BronzeCore":0,"Mummified Hand":7,"MealTicket":12,"Odd Mushroom":9},{"Lantern":4,"bronze:BronzeCore":0,"Mummified Hand":3,"MealTicket":7,"Odd Mushroom":5},{"Lantern":13,"bronze:BronzeCore":0,"Mummified Hand":9,"MealTicket":24,"Odd Mushroom":18}]},"card_choices":[{"not_picked":["bronze:Invalidate","bronze:DelayedGuard"],"picked":"bronze:WhirlingStrike","floor":2.0},{"not_picked":["bronze:Constructor","bronze:Backtrace"],"picked":"bronze:OilSpill","floor":3.0},{"not_picked":["bronze:CutThrough","bronze:ChildClass"],"picked":"bronze:WhirlingStrike","floor":5.0},{"not_picked":["bronze:Fortify","bronze:Turbo"],"picked":"bronze:Optimize","floor":8.0},{"not_picked":["bronze:BronzeOrb","bronze:BuggyMess"],"picked":"bronze:ChosenStrike","floor":9.0},{"not_picked":["bronze:ForceShield","bronze:BugBarrage"],"picked":"bronze:Assembly","floor":10.0},{"not_picked":["bronze:Separator","bronze:ChildClass"],"picked":"bronze:DigitalCarnage","floor":12},{"not_picked":["bronze:DelayedGuard","bronze:ItsAFeature"],"picked":"bronze:GetLatest","floor":13},{"not_picked":["bronze:Invalidate","bronze:Deprecate"],"picked":"bronze:MaxOutput","floor":14},{"not_picked":["bronze:Deprecate","bronze:WhirlingStrike"],"picked":"bronze:Refactor","floor":15}],"player_experience":1688254,"relics_obtained":[{"floor":7.0,"key":"Mummified Hand"},{"floor":8.0,"key":"Lantern"},{"floor":9.0,"key":"Odd Mushroom"},{"floor":12,"key":"MealTicket"}],"event_choices":[{"damage_healed":0.0,"max_hp_gain":0.0,"max_hp_loss":0.0,"gold_gain":0.0,"event_name":"Mushrooms","player_choice":"Fought Mushrooms","floor":9.0,"gold_loss":0.0,"damage_taken":0.0}],"is_beta":false,"boss_relics":[],"items_purged_floors":[],"is_endless":false,"potions_floor_spawned":[8,10,12,15],"killed_by":"DF_ARCHETYPE_STREAMLINE","ascension_level":20}}