{"host":"Planeswalker","time":1611225911,"event":{"mods":["Act Like it!","Astrologer","BaseMod","Downfall","Friendly Minions","GifTheSpireLib","Halation","Hermit","Hubris","Jorbs\u0027s Wanderer Trilogy","Minty Spire (QoL Compilation)","Replay The Spire","SOS???????","Shop Mod","Somnambulant","StSLib","The Bladedancer","The Cursed","The Elementalist","The Hierophant","The Jungle","The Mystic","The Necromancer"],"gold_per_floor":[119,194,65,75,95,130,145,16,69,69,86,99,129,48,48,145,145,159,159,179,0,0,0,0,20,20,20,20,20],"floor_reached":28,"language":"ENG","playtime":1335,"items_purged":[],"score":253,"play_id":"b348af8f-7dec-4d35-b4e2-2225df75000e","local_time":"20210121034511","is_ascension_mode":false,"campfire_choices":[{"floor":10,"key":"REST"},{"data":"ReplayTheSpireMod:Brewmster","floor":15,"key":"SMITH"},{"data":"Uncharnel","floor":23,"key":"SMITH"}],"circlet_count":0,"master_deck":["Strike_W","Strike_W","Strike_W","Strike_W","Defend_W","Defend_W","Defend_W","Defend_W","Negative_Energy_Arrows","Bone_Wall","stsjorbsmod:FreshAdventure","blademaster:Gale","ReplayTheSpireMod:Brewmster+1","Bone_Spikes","Thousand_Bone_Knives","Uncharnel+1","Blood_Wake","Vampiric_Strike","Slay_Living","Finger_Of_Death","Consume_Illness","Bone_Bullets","Hellfire","Summon_Undead_Army","Toxic_Smoke_Screen","Skeleton_Dragon","Bone_Prison","Summon_Undead_Army","Summon_Lich","RitualDagger","Bone_Shift"],"relics":["Vampire_Amulet","Mercury Hourglass","Bag of Marbles","Regal Pillow","Juzu Bracelet","Replay:Fungal Core","Replay:Baseball","halation:EternalFortune","Bronze Scales","elementalistmod:RedRibbon"],"acts_visited":["Exordium","TheCity"],"potions_floor_usage":[4,4,6,12,12,16,16,16,16,16,16,16,16,16,18,20,25,25],"damage_taken":[{"damage":0,"enemies":"Small Slimes","floor":1,"turns":3},{"damage":3,"enemies":"Jaw Worm","floor":4,"turns":4},{"damage":6,"enemies":"Cultist","floor":5,"turns":3},{"damage":12,"enemies":"3 Sentries","floor":6,"turns":4},{"damage":8,"enemies":"Red Slaver","floor":7,"turns":2},{"damage":0,"enemies":"2 Fungi Beasts","floor":11,"turns":2},{"damage":0,"enemies":"Large Slime","floor":12,"turns":4},{"damage":27,"enemies":"Gremlin Nob","floor":13,"turns":4},{"damage":52,"enemies":"The Guardian","floor":16,"turns":9},{"damage":20,"enemies":"Spheric Guardian","floor":18,"turns":4},{"damage":18,"enemies":"3 Byrds","floor":20,"turns":4},{"damage":31,"enemies":"3 Cultists","floor":25,"turns":5},{"damage":25,"enemies":"Centurion and Healer","floor":28,"turns":6}],"seed_played":"2154100606256478888","potions_obtained":[{"floor":5,"key":"Cursed Concoction"},{"floor":7,"key":"Strength Potion"},{"floor":11,"key":"LifebloodPotion"},{"floor":13,"key":"LifebloodPotion"},{"floor":16,"key":"Venom Potion"},{"floor":20,"key":"Energy Potion"}],"is_trial":false,"path_per_floor":["M","?","?","M","M","E","M","$","T","R","M","M","E","$","R","B",null,"M","?","M","$","?","R","?","M","T","?","M"],"character_chosen":"NECROMANCER","items_purchased":["Slay_Living","Finger_Of_Death","Summon_Undead_Army","Toxic_Smoke_Screen","Replay:Baseball","Summon_Lich"],"campfire_rested":1,"item_purchase_floors":[8,8,14,14,21,21],"current_hp_per_floor":[75,64,64,63,59,53,47,47,47,75,75,75,50,50,50,1,75,57,57,46,46,40,40,43,22,22,22,0,0],"gold":20,"neow_bonus":"RANDOM_COLORLESS_2","is_daily":false,"chose_seed":false,"campfire_upgraded":2,"win_rate":0.0,"timestamp":1611225911,"path_taken":["M","?","?","M","?","E","M","?","T","R","M","M","E","$","R","BOSS","M","?","M","$","?","R","?","M","T","?","M"],"items_purchased_type":["Card","Card","Card","Card","Relic","Card"],"build_version":"2020-11-17","purchased_purges":0,"victory":false,"max_hp_per_floor":[75,75,75,75,75,75,75,75,75,75,75,75,75,75,75,75,75,75,75,75,75,75,75,78,78,78,78,78,78],"card_choices":[{"not_picked":["ReplayTheSpireMod:Necrogeddon","Panache"],"picked":"ReplayTheSpireMod:Brewmster","floor":0},{"not_picked":["Negative_Energy_Sphere","Blood_Is_Power"],"picked":"Bone_Spikes","floor":1},{"not_picked":["Negative_Energy_Javelin","Death_March_Dance"],"picked":"Thousand_Bone_Knives","floor":4},{"not_picked":["Consume_Illness","Chill_Blood"],"picked":"Uncharnel","floor":5},{"not_picked":["Corrupt","Chill_Blood"],"picked":"Blood_Wake","floor":6},{"not_picked":["Bone_Spikes","Blood_Curse"],"picked":"Vampiric_Strike","floor":7},{"not_picked":["Death_Coil","Chill_Blood"],"picked":"Consume_Illness","floor":11},{"not_picked":["Blood_Shield","Blood_Whip"],"picked":"Bone_Bullets","floor":12},{"not_picked":["Vampiric_Strike","Bone_Spikes"],"picked":"Hellfire","floor":13},{"not_picked":["Detonate_Bones","Hellfire"],"picked":"Skeleton_Dragon","floor":16},{"not_picked":["Negative_Energy_Sphere","Whirlwind_of_Bones+1"],"picked":"Bone_Prison","floor":18},{"not_picked":["Toxic_Smoke_Screen","Stop_Heart"],"picked":"Summon_Undead_Army","floor":20},{"not_picked":["Negative_Energy_Javelin","Necrotic_Claws"],"picked":"Bone_Shift","floor":25}],"player_experience":37777,"relics_obtained":[{"floor":6,"key":"Bag of Marbles"},{"floor":9,"key":"Regal Pillow"},{"floor":13,"key":"Juzu Bracelet"},{"floor":26,"key":"Bronze Scales"}],"event_choices":[{"damage_healed":0,"gold_gain":75,"player_choice":"Gather Gold","damage_taken":11,"max_hp_gain":0,"max_hp_loss":0,"event_name":"World of Goop","floor":2,"gold_loss":0},{"damage_healed":0,"gold_gain":0,"player_choice":"Paid Gold","damage_taken":0,"relics_obtained":["Mercury Hourglass"],"max_hp_gain":0,"max_hp_loss":0,"event_name":"WeMeetAgain","floor":3,"gold_loss":129},{"damage_healed":0,"gold_gain":0,"player_choice":"Joined the Cult","damage_taken":6,"max_hp_gain":0,"max_hp_loss":0,"event_name":"Nest","floor":22,"gold_loss":0,"cards_obtained":["RitualDagger"]}],"is_beta":true,"boss_relics":[{"not_picked":["Runic Pyramid","Empty Cage"],"picked":"Replay:Fungal Core"}],"items_purged_floors":[],"is_endless":false,"potions_floor_spawned":[5,7,11,13,16,20],"killed_by":"Centurion and Healer","ascension_level":0}}