{"host":"agbyy69nq62afhwx","time":1611266545,"event":{"mods":["BaseMod","Colored Map","DeckTracker","Highlight Path","Keyboard Shortcuts","Minty Spire (QoL Compilation)","Quick Restart","StSLib","SuperFastMode","everything is the same but u backflip on backflip"],"gold_per_floor":[115,128,147,45,45,45,45,77,104,104,104,119,148,160,160,257,257,269,283,283,283,298,298,325,325,325,358,358,389,187,112,112,215,215,227,227,243,591,641,641,397,84,84,84,102,115,115,133,133,133],"floor_reached":51,"language":"KOR","playtime":1820,"items_purged":["Strike_B","Strike_B"],"score":1208,"play_id":"f4792905-5599-407b-a61d-dcbe70ca0734","local_time":"20210122070225","is_ascension_mode":true,"campfire_choices":[{"data":"Defragment","floor":6.0,"key":"SMITH"},{"floor":11.0,"key":"REST"},{"floor":15.0,"key":"REST"},{"floor":23.0,"key":"REST"},{"floor":25.0,"key":"REST"},{"floor":28.0,"key":"REST"},{"data":"Loop","floor":32.0,"key":"SMITH"},{"floor":40.0,"key":"REST"},{"data":"Force Field","floor":44.0,"key":"SMITH"},{"floor":47.0,"key":"REST"},{"data":"Panacea","floor":49.0,"key":"SMITH"}],"circlet_count":0,"master_deck":["AscendersBane","Strike_B","Defend_B","Defend_B","Defend_B","Defend_B","Zap","Dualcast","Panacea+1","Sweeping Beam","Go for the Eyes","White Noise+1","Defragment+1","Chill","Glacier","Core Surge","Turbo","Electrodynamics","Stack+1","Chaos+1","Finesse","Loop+1","Creative AI","Force Field+1","Reboot","Fusion+1"],"relics":["Cracked Core","Boot","Vajra","Toy Ornithopter","InkBottle","Cursed Key","Meat on the Bone","Dream Catcher","Anchor","Busted Crown","Old Coin","Ginger","Runic Capacitor","TheAbacus"],"acts_visited":["Exordium","TheCity","TheBeyond"],"potions_floor_usage":[50,50],"damage_taken":[{"damage":5.0,"enemies":"2 Louse","floor":1.0,"turns":3.0},{"damage":7.0,"enemies":"Small Slimes","floor":2.0,"turns":3.0},{"damage":3.0,"enemies":"Cultist","floor":3.0,"turns":4.0},{"damage":30.0,"enemies":"Lagavulin","floor":8.0,"turns":6.0},{"damage":4.0,"enemies":"Lots of Slimes","floor":12.0,"turns":2.0},{"damage":13.0,"enemies":"3 Sentries","floor":13.0,"turns":9.0},{"damage":7.0,"enemies":"Large Slime","floor":14.0,"turns":6.0},{"damage":39.0,"enemies":"The Guardian","floor":16.0,"turns":16.0},{"damage":28.0,"enemies":"Spheric Guardian","floor":18.0,"turns":3.0},{"damage":1.0,"enemies":"Chosen","floor":19.0,"turns":4.0},{"damage":10.0,"enemies":"Sentry and Sphere","floor":22.0,"turns":6.0},{"damage":17.0,"enemies":"Slavers","floor":24.0,"turns":4.0},{"damage":10.0,"enemies":"Gremlin Leader","floor":27.0,"turns":7.0},{"damage":33.0,"enemies":"Slavers","floor":29.0,"turns":3.0},{"damage":39.0,"enemies":"Champ","floor":33.0,"turns":15.0},{"damage":10.0,"enemies":"Orb Walker","floor":35.0,"turns":3.0},{"damage":12.0,"enemies":"3 Darklings","floor":37.0,"turns":3.0},{"damage":42.0,"enemies":"2 Orb Walkers","floor":38.0,"turns":6.0},{"damage":0.0,"enemies":"Mind Bloom Boss Battle","floor":39.0,"turns":4.0},{"damage":16.0,"enemies":"4 Shapes","floor":45.0,"turns":3.0},{"damage":0.0,"enemies":"Sphere and 2 Shapes","floor":46.0,"turns":8.0},{"damage":8.0,"enemies":"Maw","floor":48.0,"turns":8.0},{"damage":68,"enemies":"Awakened One","floor":50,"turns":11}],"seed_played":"7516972210512654483","potions_obtained":[{"floor":2.0,"key":"Explosive Potion"},{"floor":14.0,"key":"DistilledChaos"},{"floor":18.0,"key":"EssenceOfSteel"},{"floor":27.0,"key":"AttackPotion"},{"floor":33.0,"key":"SkillPotion"},{"floor":37.0,"key":"Regen Potion"}],"is_trial":false,"path_per_floor":["M","M","M","$","?","R","?","E","T","?","R","M","E","M","R","B",null,"M","M","?","?","M","R","E","R","T","E","R","E","$","?","R","B",null,"M","?","M","?","?","R","$","$","T","R","M","M","R","M","R","B",null],"character_chosen":"DEFECT","items_purchased":["White Noise","Defragment","Finesse","Loop","Runic Capacitor","Reboot","TheAbacus"],"campfire_rested":7,"item_purchase_floors":[4,4,30,30,41,42,42],"current_hp_per_floor":[63,56,53,53,50,50,50,20,20,20,42,43,30,23,45,6,58,30,29,29,15,5,29,17,41,41,43,67,46,46,46,46,24,66,56,56,44,14,26,50,50,50,50,50,46,46,70,62,62,30],"gold":133,"neow_bonus":"RANDOM_COLORLESS","is_daily":false,"chose_seed":false,"campfire_upgraded":4,"win_rate":0.0,"timestamp":1611266545,"path_taken":["M","M","M","$","?","R","?","E","T","?","R","?","E","?","R","BOSS","M","M","?","?","M","R","E","R","T","E","R","E","$","?","R","BOSS","M","?","M","?","?","R","?","$","T","R","M","M","R","?","R","BOSS"],"items_purchased_type":["Card","Card","Card","Card","Relic","Card","Relic"],"build_version":"2020-12-22","purchased_purges":2,"victory":true,"max_hp_per_floor":[75,75,75,75,75,75,75,75,75,75,75,75,75,75,75,75,75,75,75,75,80,80,80,80,80,80,80,80,80,80,80,80,80,80,80,80,80,80,80,80,80,80,80,80,80,80,80,80,80,80],"card_choices":[{"not_picked":["Jack Of All Trades","Forethought"],"picked":"Panacea","floor":0.0},{"not_picked":["Leap","Barrage"],"picked":"Sweeping Beam","floor":1.0},{"not_picked":["Rebound","Force Field"],"picked":"Go for the Eyes","floor":2.0},{"not_picked":["Hologram","Go for the Eyes","Stack"],"picked":"SKIP","floor":3.0},{"not_picked":["Coolheaded","Recycle"],"picked":"Chill","floor":8.0},{"not_picked":["Rebound","Consume"],"picked":"Glacier","floor":12.0},{"not_picked":["Leap","Cold Snap"],"picked":"Core Surge","floor":13.0},{"not_picked":["Streamline","Beam Cell"],"picked":"Turbo","floor":14.0},{"not_picked":["Echo Form","Meteor Strike"],"picked":"Electrodynamics","floor":16.0},{"not_picked":["Leap+1","Hologram"],"picked":"Stack+1","floor":18.0},{"not_picked":["Cold Snap","Hologram","Compile Driver"],"picked":"SKIP","floor":19.0},{"not_picked":["Sweeping Beam","Chill","Hologram"],"picked":"SKIP","floor":22.0},{"not_picked":["Gash","Glacier","Conserve Battery"],"picked":"SKIP","floor":24.0},{"not_picked":["Rainbow","Turbo","BootSequence+1"],"picked":"SKIP","floor":27.0},{"not_picked":["Melter","Scrape+1"],"picked":"Chaos+1","floor":28.0},{"not_picked":["Turbo","Gash+1","Sweeping Beam+1"],"picked":"SKIP","floor":29.0},{"not_picked":["Machine Learning","Multi-Cast"],"picked":"Creative AI","floor":33.0},{"not_picked":["White Noise"],"picked":"SKIP","floor":35.0},{"not_picked":["Hello World"],"picked":"SKIP","floor":37.0},{"not_picked":[],"picked":"Force Field","floor":39.0},{"not_picked":[],"picked":"Fusion+1","floor":45.0},{"not_picked":["Recycle+1"],"picked":"SKIP","floor":46.0},{"not_picked":["Beam Cell+1"],"picked":"SKIP","floor":48.0}],"player_experience":426483,"relics_obtained":[{"floor":9.0,"key":"Vajra"},{"floor":10.0,"key":"Toy Ornithopter"},{"floor":13.0,"key":"InkBottle"},{"floor":24.0,"key":"Meat on the Bone"},{"floor":27.0,"key":"Dream Catcher"},{"floor":29.0,"key":"Anchor"},{"floor":38.0,"key":"Old Coin"},{"floor":39.0,"key":"Ginger"}],"event_choices":[{"damage_healed":0.0,"max_hp_gain":0.0,"max_hp_loss":0.0,"gold_gain":0.0,"event_name":"Scrap Ooze","player_choice":"Success","floor":5.0,"gold_loss":0.0,"damage_taken":3.0,"relics_obtained":["Boot"]},{"damage_healed":0.0,"max_hp_gain":0.0,"max_hp_loss":0.0,"gold_gain":0.0,"event_name":"Living Wall","player_choice":"Grow","floor":7.0,"gold_loss":0.0,"damage_taken":0.0,"cards_upgraded":["White Noise"]},{"damage_healed":0.0,"max_hp_gain":0.0,"max_hp_loss":0.0,"gold_gain":0.0,"event_name":"Wheel of Change","player_choice":"Relic","floor":10.0,"gold_loss":0.0,"damage_taken":0.0},{"damage_healed":0.0,"max_hp_gain":0.0,"max_hp_loss":0.0,"gold_gain":0.0,"event_name":"Cursed Tome","player_choice":"Ignored","floor":20.0,"gold_loss":0.0,"damage_taken":0.0},{"damage_healed":0.0,"max_hp_gain":5.0,"max_hp_loss":0.0,"gold_gain":0.0,"event_name":"Forgotten Altar","player_choice":"Shed Blood","floor":21.0,"gold_loss":0.0,"damage_taken":19.0},{"cards_removed":["Strike_B"],"damage_healed":0.0,"max_hp_gain":0.0,"max_hp_loss":0.0,"gold_gain":0.0,"event_name":"Beggar","player_choice":"Gave Gold","floor":31.0,"gold_loss":75.0,"damage_taken":0.0},{"damage_healed":0.0,"max_hp_gain":0.0,"max_hp_loss":0.0,"gold_gain":0.0,"event_name":"Tomb of Lord Red Mask","player_choice":"Ignored","floor":36.0,"gold_loss":0.0,"damage_taken":0.0},{"damage_healed":0.0,"max_hp_gain":0.0,"max_hp_loss":0.0,"gold_gain":0.0,"event_name":"Mysterious Sphere","player_choice":"Fight","floor":38.0,"gold_loss":0.0,"damage_taken":0.0},{"damage_healed":0.0,"max_hp_gain":0.0,"max_hp_loss":0.0,"gold_gain":0.0,"event_name":"MindBloom","player_choice":"Fight","floor":39.0,"gold_loss":0.0,"damage_taken":0.0}],"is_beta":false,"boss_relics":[{"not_picked":["Philosopher\u0027s Stone","Runic Pyramid"],"picked":"Cursed Key"},{"not_picked":["Black Star","Sozu"],"picked":"Busted Crown"}],"items_purged_floors":[30,41],"is_endless":false,"potions_floor_spawned":[2,14,18,22,27,33,35,37,39,46],"ascension_level":12}}