{"host":"gsmj583br51y3r1c","time":1611220649,"event":{"mods":["AchievementEnabler","BaseMod","Better Note","Better Third Choice","Colored Map","Dark Map","Downfall","Hermit","Highlight Path","Infinite Spire","Marisa????????","Minty Spire (QoL Compilation)","Permanent Neow","Quick Restart","StSLib","The Bug Knight","The Cursed","The Marked","The Mystic","The Servant 0.9.4","everything is the same but u backflip on backflip"],"gold_per_floor":[211,96,96,96,196,228,244,244,314,329,329,343,343,357,357,357,357],"floor_reached":16,"language":"ENG","playtime":956,"items_purged":["hermit:Strike_Hermit"],"score":250,"play_id":"16d724bf-0255-460f-86d2-a8802c4fed24","local_time":"20210121111729","is_ascension_mode":false,"campfire_choices":[{"data":"hermit:CursedWeapon","floor":8,"key":"SMITH"},{"data":"hermit:Dive","floor":13,"key":"SMITH"},{"data":"hermit:Brawl","floor":15,"key":"SMITH"}],"circlet_count":0,"master_deck":["hermit:Strike_Hermit","hermit:Strike_Hermit","hermit:Defend_Hermit","hermit:Defend_Hermit","hermit:Defend_Hermit","hermit:Snapshot","hermit:Covet","hermit:GoldenBullet","hermit:CursedWeapon+1","downfall:Aged","Parasite","Regret","Doubt","hermit:Roughhouse","downfall:Haunted","infinitespire:Pacifist","hermit:Midnight","hermit:Virtue","hermit:Dive+1","hermit:Brawl+1"],"relics":["hermit:Momento","Darkstone Periapt","CaptainsWheel","Bottled Flame","Nunchaku"],"acts_visited":["Exordium"],"potions_floor_usage":[12],"damage_taken":[{"damage":3,"enemies":"2 Louse","floor":1,"turns":2},{"damage":50,"enemies":"3 Sentries","floor":6,"turns":9},{"damage":2,"enemies":"Small Slimes","floor":7,"turns":2},{"damage":16,"enemies":"Jaw Worm","floor":10,"turns":3},{"damage":7,"enemies":"Looter","floor":12,"turns":4},{"damage":19,"enemies":"Gremlin Gang","floor":14,"turns":7},{"damage":13,"enemies":"Hexaghost","floor":16,"turns":7}],"seed_played":"666272497858705927","potions_obtained":[{"floor":10,"key":"PowerPotion"}],"is_trial":false,"path_per_floor":["M","$","?","?","?","E","M","R","T","M","T","M","R","M","R","B"],"character_chosen":"HERMIT","items_purchased":["hermit:CursedWeapon"],"campfire_rested":0,"item_purchase_floors":[2],"current_hp_per_floor":[72,72,72,65,106,56,54,54,54,38,38,31,31,12,12,0,0],"gold":357,"neow_bonus":"HUNDRED_GOLD","is_daily":false,"chose_seed":false,"campfire_upgraded":3,"win_rate":0.0,"timestamp":1611220649,"path_taken":["M","$","?","?","?","E","M","R","T","M","?","?","R","M","R","BOSS"],"items_purchased_type":["Card"],"build_version":"2020-12-22","purchased_purges":1,"victory":false,"max_hp_per_floor":[75,75,75,75,116,116,116,116,116,116,116,116,116,116,116,116,116],"card_choices":[{"not_picked":["hermit:Roulette","hermit:Manifest"],"picked":"hermit:GoldenBullet","floor":1},{"not_picked":["hermit:Cheat","hermit:Grudge","hermit:Gestalt"],"picked":"SKIP","floor":6},{"not_picked":["hermit:Feint","hermit:Vantage"],"picked":"hermit:Midnight","floor":7},{"not_picked":["hermit:Headshot","hermit:NoHoldsBarred"],"picked":"hermit:Virtue","floor":10},{"not_picked":["hermit:DeadOrAlive","hermit:Manifest"],"picked":"hermit:Dive","floor":12},{"not_picked":["hermit:LowProfile","hermit:NoHoldsBarred"],"picked":"hermit:Brawl","floor":14}],"player_experience":436481,"relics_obtained":[{"floor":6,"key":"CaptainsWheel"},{"floor":9,"key":"Bottled Flame"},{"floor":11,"key":"Nunchaku"}],"event_choices":[{"cards_removed":["hermit:Defend_Hermit"],"damage_healed":0,"gold_gain":0,"player_choice":"Card Removal","damage_taken":7,"max_hp_gain":0,"max_hp_loss":0,"event_name":"Golden Wing","floor":4,"gold_loss":0}],"is_beta":false,"boss_relics":[],"items_purged_floors":[2],"is_endless":false,"potions_floor_spawned":[10],"killed_by":"Hexaghost","ascension_level":0}}