{"host":"w2kjv12xyhtt0cv2","time":1611249572,"event":{"mods":["Act Like it!","BaseMod","Colored Map","Friendly Minions","Gensokyo","Highlight Path","Hubris","Kiyohime（清姬）","Marisa（F雨　魔理沙）","Minty Spire (QoL Compilation)","Quick Restart","Reimu（博丽灵梦）","Relic Stats","Replay The Spire","RumiaBox-露米娅的神秘盒子","Shop Mod","Spicy Shops","StSLib","The Cursed","The Servant 0.9.4","UnlockEverythingMod","Waifu the Spire","[功能]功能增强和修复MOD","vexMod","【功能Mod】Neow奖励","【遗物卡牌】REMEMod","没有小屋子和绿帽子啦"],"gold_per_floor":[118,136,136,147,147,147,161,190,204,204,204],"floor_reached":10,"playtime":435,"items_purged":[],"score":74,"play_id":"5d408bcd-242b-4195-8983-2a8cac8ebbc1","local_time":"20210122011932","is_ascension_mode":true,"campfire_choices":[],"circlet_count":0,"master_deck":["TheCursedMod:Strike_TheCursed","TheCursedMod:Strike_TheCursed","TheCursedMod:Strike_TheCursed","TheCursedMod:Strike_TheCursed","TheCursedMod:Defend_TheCursed","TheCursedMod:Defend_TheCursed","TheCursedMod:Defend_TheCursed","TheCursedMod:Defend_TheCursed","TheCursedMod:CursedWand","TheCursedMod:CleanUpWorkshop","TheCursedMod:Dregs","Corruption","TheCursedMod:DemonSword","TheCursedMod:CleanUpWorkshop","TheCursedMod:AshesToAshes","TheCursedMod:VoidForm"],"relics":["REME_ComplimentaryCards","Replay:Bronze Core","Dream Catcher"],"acts_visited":["Exordium"],"potions_floor_usage":[8],"damage_taken":[{"damage":1.0,"enemies":"Cultist","floor":1.0,"turns":4.0},{"damage":6.0,"enemies":"Jaw Worm","floor":2.0,"turns":4.0},{"damage":0,"enemies":"Small Slimes","floor":4,"turns":4},{"damage":6,"enemies":"Looter","floor":7,"turns":4},{"damage":67,"enemies":"Gremlin Nob","floor":8,"turns":7},{"damage":8,"enemies":"2 Fungi Beasts","floor":9,"turns":4},{"damage":0,"enemies":"3 Sentries","floor":10,"turns":1}],"seed_played":"-4637092422051161259","potions_obtained":[{"floor":2.0,"key":"SteroidPotion"},{"floor":4,"key":"FairyPotion"},{"floor":9,"key":"Weak Potion"}],"is_trial":false,"path_per_floor":["M","M","?","M","PTL","PTL","M","E","M","E"],"character_chosen":"THE_CURSED","items_purchased":[],"campfire_rested":0,"item_purchase_floors":[],"current_hp_per_floor":[74,68,68,68,68,68,62,22,14,14,14],"gold":204,"neow_bonus":"BOSS_RELIC","is_daily":false,"chose_seed":false,"campfire_upgraded":0,"win_rate":0.0,"timestamp":1611249572,"path_taken":["M","?","?","?","PTL","PTL","M","E","M","E"],"items_purchased_type":[],"build_version":"2020-12-22","purchased_purges":0,"victory":false,"max_hp_per_floor":[75,75,75,75,75,75,75,75,75,75,75],"relic_stats":{"Dream Catcher":0,"counters":[7,28],"obtain_stats":[{"TheCursedMod:BlackMagic101":0,"Dream Catcher":8,"Replay:Bronze Core":0,"REME_ComplimentaryCards":0},{"TheCursedMod:BlackMagic101":0,"Dream Catcher":5,"Replay:Bronze Core":0,"REME_ComplimentaryCards":0},{"TheCursedMod:BlackMagic101":0,"Dream Catcher":23,"Replay:Bronze Core":0,"REME_ComplimentaryCards":0}]},"card_choices":[{"not_picked":["TheCursedMod:HellfireBreathing","TheCursedMod:RapidMovement","TheCursedMod:TacticalStrike"],"picked":"SKIP","floor":1.0},{"not_picked":["TheCursedMod:Hemoplague","TheCursedMod:SaltUponWound","TheCursedMod:Evocation"],"picked":"SKIP","floor":2.0},{"not_picked":["TheCursedMod:Torture","TheCursedMod:VitalStrike"],"picked":"TheCursedMod:AshesToAshes","floor":4},{"not_picked":["TheCursedMod:Stigma","TheCursedMod:StingEye"],"picked":"TheCursedMod:VoidForm","floor":7},{"not_picked":["TheCursedMod:SurpriseAttack","TheCursedMod:Mangle","TheCursedMod:Wield"],"picked":"SKIP","floor":8},{"not_picked":["TheCursedMod:CursedBlade","TheCursedMod:CursedAmulet","TheCursedMod:Obscuration"],"picked":"SKIP","floor":9}],"player_experience":177427,"relics_obtained":[{"floor":8,"key":"Dream Catcher"}],"event_choices":[{"damage_healed":0,"gold_gain":0,"player_choice":"2 cards matched","damage_taken":0,"max_hp_gain":0,"max_hp_loss":0,"event_name":"Match and Keep!","floor":3,"gold_loss":0,"cards_obtained":["TheCursedMod:DemonSword","TheCursedMod:CleanUpWorkshop"]}],"is_beta":false,"boss_relics":[],"items_purged_floors":[],"is_endless":false,"potions_floor_spawned":[2,4,9],"killed_by":"3 Sentries","ascension_level":1}}