{"host":"kerxro2ytzukjey9","time":1611243851,"event":{"mods":["BaseMod","Colored Map","Downfall","Minty Spire (QoL Compilation)","Permanent Neow","StSLib"],"gold_per_floor":[99,111,111,125,125,125,125,125,140,170,470,470,481,508,523,523,523,523],"floor_reached":16,"language":"ENG","playtime":1370,"items_purged":[],"score":110,"play_id":"46c88b0b-0fcf-439c-8951-80f527d99f4f","local_time":"20210121104411","is_ascension_mode":false,"campfire_choices":[{"data":"bronze:Goto","floor":1,"key":"SMITH"},{"data":"bronze:CutThrough","floor":6,"key":"SMITH"},{"floor":8,"key":"RECALL"}],"circlet_count":0,"master_deck":["bronze:Strike","bronze:Strike","bronze:Strike","bronze:Strike","bronze:Defend","bronze:Defend","bronze:Defend","bronze:Defend","bronze:Replicate","bronze:Goto+1","bronze:BurnOut","bronze:FollowUp","bronze:Shield","bronze:DazingPulse","bronze:CutThrough+1","bronze:HyperBeam","bronze:BitShift","downfall:Icky","downfall:Icky","bronze:MaxOutput","bronze:BugBarrage","bronze:Return"],"relics":["bronze:BronzeCore","InkBottle","Oddly Smooth Stone","Smiling Mask"],"acts_visited":["Exordium"],"potions_floor_usage":[16,16],"damage_taken":[{"damage":5,"enemies":"Jaw Worm","floor":2,"turns":5},{"damage":0,"enemies":"Jaw Worm","floor":3,"turns":3},{"damage":0,"enemies":"2 Louse","floor":4,"turns":3},{"damage":0,"enemies":"Cultist","floor":9,"turns":4},{"damage":2,"enemies":"3 Sentries","floor":10,"turns":4},{"damage":0,"enemies":"Exordium Wildlife","floor":13,"turns":4},{"damage":24,"enemies":"Lagavulin","floor":14,"turns":6},{"damage":2,"enemies":"Gremlin Gang","floor":15,"turns":4},{"damage":68,"enemies":"SI_SHIV_ARCHETYPE","floor":16,"turns":10}],"seed_played":"3950216682674033456","potions_obtained":[{"floor":3,"key":"FairyPotion"},{"floor":4,"key":"SpeedPotion"},{"floor":10,"key":"GamblersBrew"},{"floor":13,"key":"PowerPotion"}],"is_trial":false,"path_per_floor":["R","M","?","M","?","R","T","R","M","E","?","?","M","E","M","B"],"character_chosen":"THE_AUTOMATON","items_purchased":[],"campfire_rested":0,"item_purchase_floors":[],"current_hp_per_floor":[70,65,65,65,65,65,65,65,65,63,63,63,63,39,37,0,0,0],"gold":523,"neow_bonus":"ONE_RANDOM_RARE_CARD","is_daily":false,"chose_seed":false,"campfire_upgraded":2,"win_rate":0.0,"timestamp":1611243851,"path_taken":["R","M","?","M","?","R","T","R","M","E","?","?","M","E","M","BOSS"],"items_purchased_type":[],"build_version":"2020-12-22","purchased_purges":0,"victory":false,"max_hp_per_floor":[70,70,70,70,70,70,70,70,70,70,70,70,70,70,70,70,70,70],"card_choices":[{"not_picked":["bronze:Branch","bronze:Iterate"],"picked":"bronze:FollowUp","floor":2},{"not_picked":["bronze:DelayedGuard","bronze:NullPointer"],"picked":"bronze:Shield","floor":3},{"not_picked":[],"picked":"bronze:DazingPulse","floor":3},{"not_picked":["bronze:BronzeOrb","bronze:WhirlingStrike"],"picked":"bronze:CutThrough","floor":4},{"not_picked":["bronze:CutThrough","bronze:Iterate"],"picked":"bronze:HyperBeam","floor":9},{"not_picked":["bronze:BronzeOrb","bronze:Invalidate"],"picked":"bronze:BitShift","floor":10},{"not_picked":["bronze:Overheat","bronze:Branch"],"picked":"bronze:MaxOutput","floor":13},{"not_picked":["bronze:Branch","bronze:BitShift"],"picked":"bronze:BugBarrage","floor":14},{"not_picked":["bronze:Branch","bronze:DelayedGuard"],"picked":"bronze:Return","floor":15}],"player_experience":767136,"relics_obtained":[{"floor":7,"key":"InkBottle"},{"floor":10,"key":"Oddly Smooth Stone"},{"floor":14,"key":"Smiling Mask"}],"event_choices":[],"is_beta":false,"boss_relics":[],"items_purged_floors":[],"is_endless":false,"potions_floor_spawned":[3,4,10,13,14,15],"killed_by":"SI_SHIV_ARCHETYPE","ascension_level":0}}