{"host":"egwexuw5uvnxf11j","time":1611188776,"event":{"mods":["2.2 Compatiblity","Aspiration","BaseMod","Better Altar","Better Note","Better Sensory Stone","Better Third Choice","Displayed Cursed Tome","Downfall","Hermit","Key Reminder","Koishi","Marisa????????","Minty Spire (QoL Compilation)","Quick Restart","Shade Mod","Spicy Shops","StSLib","The Construct","The Cursed","The Hierophant","The Runesmith","The Senshi","The Servant 0.9.4","Transform Curses"],"gold_per_floor":[114,114,66,85,101,101,133,145,145,145,145,145,161,161,161,261,261,276,292,292,8,23,23,49,49,49,49,62,62,89,15,15,15,15],"floor_reached":33,"language":"ENG","playtime":2498,"items_purged":["Injury"],"score":340,"play_id":"a4e1109a-e176-4769-aa6e-509403da489e","local_time":"20210120192616","is_ascension_mode":true,"campfire_choices":[{"floor":6,"key":"REST"},{"floor":10,"key":"REST"},{"floor":12,"key":"REST"},{"data":"GrandCross","floor":15,"key":"SMITH"},{"floor":23,"key":"REST"},{"floor":27,"key":"REST"},{"floor":32,"key":"REST"}],"circlet_count":0,"master_deck":["Strike_MRS+1","Strike_MRS+1","Strike_MRS+1","Defend_MRS+1","Defend_MRS+1","Defend_MRS+1","Defend_MRS+1","MasterSpark","UpSweep","Mind Blast","StarlightTyphoon","GrandCross+1","SporeBomb","DoubleSpark","PulseMagic","DragonMeteor","FairyDestructionRay+1","MillisecondPulsars","ShootingEcho+1","WitchLeyline+1","RefractionSpark+1","DoubleSpark+1","PowerUp","AsteroidBelt","TreasureHunter+1","EnergyFlow","GrandCross+1","StarBarrage+1","SprinkleStarSeal"],"relics":["MiniHakkero","Blue Candle","keyreminder:keyreminder","construct:BoolHorns","Molten Egg 2","construct:ClawGrip","Lantern","Omamori","Toy Ornithopter","Regal Pillow","Dream Catcher"],"acts_visited":["Exordium","TheCity"],"potions_floor_usage":[16,16,16,30],"damage_taken":[{"damage":14.0,"enemies":"Jaw Worm","floor":1.0,"turns":3.0},{"damage":1,"enemies":"Cultist","floor":4,"turns":3},{"damage":10,"enemies":"2 Louse","floor":5,"turns":3},{"damage":18,"enemies":"Gremlin Nob","floor":7,"turns":3},{"damage":16,"enemies":"Blue Slaver","floor":8,"turns":3},{"damage":16,"enemies":"Gremlin Gang","floor":13,"turns":3},{"damage":33,"enemies":"The Guardian","floor":16,"turns":6},{"damage":37,"enemies":"3 Byrds","floor":18,"turns":4},{"damage":0,"enemies":"Spheric Guardian","floor":19,"turns":2},{"damage":18,"enemies":"Snake Plant","floor":22,"turns":2},{"damage":35,"enemies":"Book of Stabbing","floor":24,"turns":4},{"damage":10,"enemies":"Snecko","floor":28,"turns":3},{"damage":7,"enemies":"Slavers","floor":30,"turns":4},{"damage":74,"enemies":"Collector","floor":33,"turns":7}],"seed_played":"3361294033698644278","potions_obtained":[{"floor":4,"key":"champ:CounterPotion"},{"floor":7,"key":"SteroidPotion"},{"floor":8,"key":"Strength Potion"},{"floor":18,"key":"construct:ShiftPotion"},{"floor":22,"key":"sneckomod:MuddlingPotion"},{"floor":28,"key":"LiquidMemories"}],"is_trial":false,"path_per_floor":["M","?","$","M","M","R","E","M","T","R","?","R","M","?","R","B",null,"M","M","?","$","M","R","E","?","T","R","M","?","E","$","R","B"],"character_chosen":"MARISA","items_purchased":["GrandCross","RefractionSpark+1","DoubleSpark+1","PowerUp","Lantern","StarBarrage+1"],"campfire_rested":6,"item_purchase_floors":[3,21,21,21,21,31],"current_hp_per_floor":[61,61,61,60,50,72,54,38,38,60,60,75,59,67,67,34,75,38,38,38,38,20,42,7,7,7,44,34,34,32,32,69,0,0],"gold":15,"neow_bonus":"RANDOM_COLORLESS","is_daily":false,"chose_seed":false,"campfire_upgraded":1,"win_rate":0.0,"timestamp":1611188776,"path_taken":["M","?","$","?","M","R","E","M","T","R","?","R","M","?","R","BOSS","M","?","?","$","M","R","E","?","T","R","M","?","E","?","R","BOSS"],"items_purchased_type":["Card","Card","Card","Card","Relic","Card"],"build_version":"2020-12-22","purchased_purges":1,"victory":false,"max_hp_per_floor":[75,75,75,75,75,75,75,75,75,75,75,75,75,75,75,75,75,75,75,75,75,75,75,75,75,75,75,75,75,75,75,75,75,75],"card_choices":[{"not_picked":["Forethought","Madness"],"picked":"Mind Blast","floor":0.0},{"not_picked":["DC","WitchOfGreed"],"picked":"StarlightTyphoon","floor":1},{"not_picked":["Occultation","WitchLeyline"],"picked":"SporeBomb","floor":4},{"not_picked":["MysteriousBeam","GrandCross"],"picked":"DoubleSpark","floor":5},{"not_picked":["StarDustReverie","UnstableBomb"],"picked":"PulseMagic","floor":7},{"not_picked":["GasGiant","PulseMagic"],"picked":"DragonMeteor","floor":8},{"not_picked":["GrandCross+1","ManaConvection"],"picked":"FairyDestructionRay+1","floor":13},{"not_picked":["CasketOfStar","AbsoluteMagnitude+1"],"picked":"MillisecondPulsars","floor":16},{"not_picked":["Acceleration","ManaConvection"],"picked":"ShootingEcho+1","floor":18},{"not_picked":["PowerUp","AlicesGift+1"],"picked":"WitchLeyline+1","floor":19},{"not_picked":["EnergyFlow","ShootingEcho+1"],"picked":"AsteroidBelt","floor":22},{"not_picked":["EnergyRecoil","ChargeUpSpray+1"],"picked":"TreasureHunter+1","floor":24},{"not_picked":["PropBag","GasGiant+1"],"picked":"EnergyFlow","floor":28},{"not_picked":["StarlightTyphoon","TreasureHunter+1"],"picked":"GrandCross+1","floor":30},{"not_picked":["DC+1","MilkyWay"],"picked":"SprinkleStarSeal","floor":32}],"player_experience":2290376,"relics_obtained":[{"floor":7,"key":"Blue Candle"},{"floor":9,"key":"construct:BoolHorns"},{"floor":24,"key":"Omamori"},{"floor":26,"key":"Regal Pillow"},{"floor":30,"key":"Dream Catcher"}],"event_choices":[{"cards_removed":["Strike_MRS"],"damage_healed":0,"gold_gain":0,"player_choice":"Card Removal","damage_taken":0,"max_hp_gain":0,"max_hp_loss":0,"event_name":"Wheel of Change","floor":2,"gold_loss":0},{"damage_healed":0,"gold_gain":0,"player_choice":"Simplicity","damage_taken":0,"max_hp_gain":0,"max_hp_loss":7,"event_name":"betterThird:BetterWriting","floor":20,"gold_loss":0},{"damage_healed":0,"gold_gain":0,"player_choice":"Opened","damage_taken":0,"relics_obtained":["Toy Ornithopter"],"max_hp_gain":0,"max_hp_loss":0,"event_name":"The Mausoleum","floor":25,"gold_loss":0,"cards_obtained":["Writhe"]},{"damage_healed":0,"gold_gain":0,"player_choice":"Ignored","damage_taken":0,"max_hp_gain":0,"max_hp_loss":0,"event_name":"Vampires","floor":29,"gold_loss":0}],"is_beta":false,"boss_relics":[{"not_picked":["Calling Bell","aspiration:RitualDagger"],"picked":"construct:ClawGrip"}],"items_purged_floors":[21],"is_endless":false,"potions_floor_spawned":[4,7,8,18,22,28],"killed_by":"Collector","ascension_level":4}}