{"host":"9j9ju8r45kuhshxi","time":1611264986,"event":{"mods":["BaseMod","Colored Map","Colored Powertips","Highlight Path","Minty Spire (QoL Compilation)","Replay The Spire","Ryuuou龙王","StSLib","[功能]功能增强和修复MOD"],"gold_per_floor":[119,119,119,119,131,158,138,173,245,274,264,298,298,298,298,388,388,409,409,409,422,435,475,475,508,535,535,571,571,566,566,566,655,655,680,680,695,0,0,34,34,34,60,60,79,79,59,100,100,100,100,100,90,134,134],"floor_reached":56,"language":"ZHS","playtime":2005,"items_purged":["Defend_R","Strike_R","Strike_R","Pommel Strike","Defend_R","Defend_R","Strike_R+1","Strike_R+1","Strike_R+1","Twin Strike","ReplayTheSpireMod:Muscle Training","Offering","Ghostly","Ghostly"],"score":2566,"play_id":"251f771a-35ce-4d61-bada-964504859502","local_time":"20210122053626","is_ascension_mode":true,"campfire_choices":[{"floor":13,"key":"RECALL"},{"data":"Bash","floor":15,"key":"SMITH"},{"data":"Demon Form","floor":24,"key":"SMITH"},{"data":"Flex","floor":27,"key":"SMITH"},{"data":"Pommel Strike","floor":29,"key":"SMITH"},{"data":"Double Tap","floor":32,"key":"SMITH"},{"data":"Offering","floor":42,"key":"SMITH"},{"data":"ReplayTheSpireMod:Limb From Limb","floor":46,"key":"SMITH"},{"data":"Carnage","floor":49,"key":"SMITH"},{"data":"Ghostly","floor":52,"key":"SMITH"}],"circlet_count":0,"master_deck":["AscendersBane","Bash+1","Clothesline","Replay:Undeath\u0027s Touch","Rampage","Flex+1","Pommel Strike+1","Rupture","Spot Weakness","Panacea","Carnage+1","Uppercut","Infernal Blade","Double Tap+1","Searing Blow","Ghostly+1","Sword Boomerang+1","Flame Barrier","Demon Form+1","ReplayTheSpireMod:Limb From Limb+1","Heavy Blade","Offering+1","Cleave+1","Sword Boomerang+1","Hemokinesis","Combust+1"],"relics":["Black Blood","Bottled Flame","Sling","Pen Nib","Meat on the Bone","Replay:Bottled Eggs","Anchor","Red Skull","Incense Burner","DollysMirror","Happy Flower","Golden Idol","Chemical X","Oddly Smooth Stone","Bottled Lightning","Ancient Tea Set","Art of War","King of Hearts","Blue Candle","Brimstone","Pocketwatch","Boot","Busted Crown","Red Mask","Replay:WaspNest","Lantern","Replay:Bottled Flurry","Centennial Puzzle","BargainBundle","ReplayTheSpireMod:Lightbulb","Pondfish Scales","Vajra","ClockworkSouvenir","Orichalcum","Charon\u0027s Ashes","Bag of Marbles"],"acts_visited":["Exordium","TheCity","TheBeyond","TheEnding"],"potions_floor_usage":[6,6,7,8,16,16,21,23,23,25,25,33,37,37,40,50,50,54,55],"damage_taken":[{"damage":0,"enemies":"Jaw Worm","floor":1,"turns":2},{"damage":0,"enemies":"2 Louse","floor":5,"turns":2},{"damage":25,"enemies":"3 Sentries","floor":6,"turns":6},{"damage":11,"enemies":"Lagavulin","floor":8,"turns":3},{"damage":0,"enemies":"Gremlin Nob","floor":10,"turns":2},{"damage":0,"enemies":"Lagavulin","floor":12,"turns":2},{"damage":15,"enemies":"Hexaghost","floor":16,"turns":4},{"damage":11,"enemies":"Spheric Guardian","floor":18,"turns":3},{"damage":1,"enemies":"2 Thieves","floor":21,"turns":3},{"damage":3,"enemies":"Snake Plant","floor":22,"turns":3},{"damage":4,"enemies":"Book of Stabbing","floor":23,"turns":2},{"damage":0,"enemies":"Gremlin Leader","floor":25,"turns":3},{"damage":3,"enemies":"Book of Stabbing","floor":28,"turns":3},{"damage":0,"enemies":"Champ","floor":33,"turns":3},{"damage":0,"enemies":"Orb Walker","floor":35,"turns":1},{"damage":7,"enemies":"3 Shapes","floor":37,"turns":1},{"damage":0,"enemies":"Giant Head","floor":40,"turns":3},{"damage":6,"enemies":"Jaw Worm Horde","floor":45,"turns":2},{"damage":0,"enemies":"Nemesis","floor":48,"turns":3},{"damage":1,"enemies":"Awakened One","floor":50,"turns":3},{"damage":0,"enemies":"Shield and Spear","floor":54,"turns":2},{"damage":11,"enemies":"The Heart","floor":55,"turns":2}],"seed_played":"-3374979167568602528","potions_obtained":[{"floor":1,"key":"Flashbang"},{"floor":1,"key":"Adrenaline Potion"},{"floor":6,"key":"Explosive Potion"},{"floor":6,"key":"SkillPotion"},{"floor":8,"key":"SteroidPotion"},{"floor":8,"key":"Languid Potion"},{"floor":16,"key":"Block Potion"},{"floor":18,"key":"GamblersBrew"},{"floor":21,"key":"DuplicationPotion"},{"floor":22,"key":"Ancient Potion"},{"floor":23,"key":"SpeedPotion"},{"floor":23,"key":"Fire Potion"},{"floor":28,"key":"ColorlessPotion"},{"floor":33,"key":"Elixir"},{"floor":35,"key":"Swift Potion"},{"floor":35,"key":"Adrenaline Potion"},{"floor":37,"key":"Adrenaline Potion"},{"floor":40,"key":"Adrenaline Potion"},{"floor":40,"key":"SteroidPotion"}],"is_trial":false,"path_per_floor":["M","?","?","?","M","E","$","E","T","E","$","E","R","?","R","B",null,"M","?","$","M","M","E","R","E","T","R","E","R","$","?","R","B",null,"M","?","M","?","?","E","$","R","T","?","M","R","$","E","R","B",null,"R","$","E","B",null],"character_chosen":"IRONCLAD","items_purchased":["Sling","Pen Nib","Meat on the Bone","Pommel Strike","Rupture","Spot Weakness","Twin Strike","BloodPotion","Ancient Potion","Panacea","Red Skull","Incense Burner","Uppercut","DollysMirror","Chemical X","Oddly Smooth Stone","Bottled Lightning","Brimstone","Pocketwatch","Boot","Heavy Blade","Lantern","Replay:Bottled Flurry","BargainBundle","ReplayTheSpireMod:Lightbulb","Pondfish Scales","ReplayTheSpireMod:Muscle Training","ClockworkSouvenir","Orichalcum","Charon\u0027s Ashes","Hemokinesis","SteroidPotion","Swift Potion"],"campfire_rested":0,"item_purchase_floors":[7,7,7,7,7,7,7,7,7,7,11,11,11,11,20,20,20,30,30,30,30,41,41,47,47,47,47,53,53,53,53,53,53],"current_hp_per_floor":[74,67,67,67,73,54,69,64,64,70,70,75,75,49,49,52,69,70,37,37,37,37,37,37,37,37,37,37,37,37,37,37,37,37,37,37,37,37,35,35,35,35,35,29,29,29,29,29,29,29,29,29,29,29,29],"gold":134,"neow_bonus":"THREE_CARDS","is_daily":false,"chose_seed":false,"campfire_upgraded":9,"win_rate":0.0,"timestamp":1611264986,"path_taken":["M","?","?","?","?","E","?","E","T","E","$","E","R","?","R","BOSS","M","?","$","M","M","E","R","E","T","R","E","R","$","?","R","BOSS","M","?","?","?","?","E","$","R","T","?","M","R","?","E","R","BOSS","R","$","E","BOSS"],"items_purchased_type":["Relic","Relic","Relic","Card","Card","Card","Card","Potion","Potion","Card","Relic","Relic","Card","Relic","Relic","Relic","Relic","Relic","Relic","Relic","Card","Relic","Relic","Relic","Relic","Relic","Card","Relic","Relic","Relic","Card","Potion","Potion"],"build_version":"2020-12-22","purchased_purges":14,"victory":true,"max_hp_per_floor":[75,75,75,75,75,75,75,75,75,75,75,75,75,75,75,75,75,75,37,37,37,37,37,37,37,37,37,37,37,37,37,37,37,37,37,37,37,37,35,35,35,35,35,29,29,29,29,29,29,29,29,29,29,29,29],"card_choices":[{"not_picked":["Body Slam","Run Through"],"picked":"Clothesline","floor":0},{"not_picked":["Iron Wave","Armaments"],"picked":"Replay:Undeath\u0027s Touch","floor":1},{"not_picked":["True Grit","Evolve","Headbutt"],"picked":"SKIP","floor":5},{"not_picked":["Pummel","Sever Soul"],"picked":"Flex","floor":6},{"not_picked":["Anger","Abandon","Battle Trance"],"picked":"SKIP","floor":8},{"not_picked":["ReplayTheSpireMod:Muscle Training","Disarm"],"picked":"Carnage","floor":10},{"not_picked":["Rage","Rampage"],"picked":"Infernal Blade","floor":12},{"not_picked":["Reaper","Berserk"],"picked":"Double Tap","floor":16},{"not_picked":["Clash","ReplayTheSpireMod:Corrosion Curse"],"picked":"Searing Blow","floor":18},{"not_picked":["Cleave","Carnage"],"picked":"Sword Boomerang+1","floor":21},{"not_picked":["Dark Embrace","Life Link"],"picked":"Flame Barrier","floor":22},{"not_picked":["Clash","Blood for Blood"],"picked":"Demon Form","floor":23},{"not_picked":["Life Link","Rage","Massacre"],"picked":"SKIP","floor":25},{"not_picked":["Corruption","Reckless Charge"],"picked":"ReplayTheSpireMod:Limb From Limb","floor":28},{"not_picked":["Exhume","Brutality"],"picked":"Offering","floor":33},{"not_picked":["Seeing Red+1"],"picked":"SKIP","floor":35},{"not_picked":[],"picked":"Cleave+1","floor":37},{"not_picked":["Wild Strike+1"],"picked":"SKIP","floor":40},{"not_picked":["Sword Boomerang+1"],"picked":"SKIP","floor":45},{"not_picked":[],"picked":"Sword Boomerang+1","floor":45},{"not_picked":["Clash"],"picked":"SKIP","floor":48},{"not_picked":[],"picked":"Combust+1","floor":54}],"player_experience":191200,"relics_obtained":[{"floor":6,"key":"Bottled Flame"},{"floor":8,"key":"Replay:Bottled Eggs"},{"floor":10,"key":"Anchor"},{"floor":12,"key":"Happy Flower"},{"floor":23,"key":"Ancient Tea Set"},{"floor":25,"key":"Art of War"},{"floor":26,"key":"King of Hearts"},{"floor":28,"key":"Blue Candle"},{"floor":40,"key":"Replay:WaspNest"},{"floor":43,"key":"Centennial Puzzle"},{"floor":48,"key":"Vajra"},{"floor":54,"key":"Bag of Marbles"}],"event_choices":[{"cards_removed":["Strike_R"],"damage_healed":0,"gold_gain":0,"player_choice":"Card Removal","damage_taken":7,"max_hp_gain":0,"max_hp_loss":0,"event_name":"Golden Wing","floor":2,"gold_loss":0},{"damage_healed":0,"gold_gain":0,"cards_transformed":["Corruption"],"player_choice":"Transformed","damage_taken":0,"max_hp_gain":0,"max_hp_loss":0,"event_name":"Transmorgrifier","floor":4,"gold_loss":0,"cards_obtained":["Rampage"]},{"damage_healed":0,"gold_gain":0,"player_choice":"Take Damage","damage_taken":26,"relics_obtained":["Golden Idol"],"max_hp_gain":0,"max_hp_loss":0,"event_name":"Golden Idol","floor":14,"gold_loss":0},{"damage_healed":0,"gold_gain":0,"player_choice":"Became a Ghost","damage_taken":0,"max_hp_gain":0,"max_hp_loss":38,"event_name":"Ghosts","floor":19,"gold_loss":0,"cards_obtained":["Ghostly","Ghostly","Ghostly"]},{"damage_healed":0,"gold_gain":0,"player_choice":"Ignored","damage_taken":0,"max_hp_gain":0,"max_hp_loss":0,"event_name":"Beggar","floor":31,"gold_loss":0},{"damage_healed":0,"gold_gain":0,"player_choice":"Copied","damage_taken":0,"max_hp_gain":0,"max_hp_loss":0,"event_name":"Duplicator","floor":36,"gold_loss":0,"cards_obtained":["Offering"]},{"damage_healed":0,"gold_gain":0,"player_choice":"Paid","damage_taken":0,"relics_obtained":["Red Mask"],"max_hp_gain":0,"max_hp_loss":0,"event_name":"Tomb of Lord Red Mask","floor":38,"gold_loss":695},{"damage_healed":0,"gold_gain":0,"player_choice":"Max HP","damage_taken":0,"max_hp_gain":0,"max_hp_loss":2,"event_name":"Winding Halls","floor":39,"gold_loss":0},{"damage_healed":29,"gold_gain":0,"player_choice":"Heal","damage_taken":0,"max_hp_gain":0,"max_hp_loss":6,"event_name":"The Moai Head","floor":44,"gold_loss":0}],"is_beta":false,"boss_relics":[{"not_picked":["Ring of Chaos","Cursed Key"],"picked":"Black Blood"},{"not_picked":["Runic Dome","SacredBark"],"picked":"Busted Crown"}],"items_purged_floors":[7,7,7,7,11,11,30,47,47,47,47,47,53,53],"is_endless":false,"potions_floor_spawned":[1,1,6,6,6,8,8,8,10,12,12,16,18,21,22,22,23,23,28,33,35,35,37,40,40,45,48],"ascension_level":16}}