{"host":"y1oqg7uy0jc6f5mb","time":1611240833,"event":{"mods":["BaseMod","Better Altar","Better Match","Better Note","Better Sensory Stone","Better Skull","Better Third Choice","BetterRewards","Block Reminder","Colored Map","Colored Powertips","Custom Start","DeckTracker","Highlight Path","Minty Spire (QoL Compilation)","Permanent Neow","Quick Restart","Relic Sorter","Relic Stats","Shop Mod","StSLib"],"gold_per_floor":[363,379,397,409,49,49,84,84,136,156,166,166,230,256,268,381,393,420,442,464,476,513,525,563,595,607,619,660,772,794,826,838,953,965,995,42,42,54,67,67,78,128,202,202,230,230,230,278,278,278],"floor_reached":51,"language":"ENG","playtime":5502,"items_purged":[],"score":884,"play_id":"73ac95df-adaa-4b2a-beb1-60013ffba0e4","local_time":"20210121225353","is_ascension_mode":true,"campfire_choices":[{"data":"Neutralize","floor":6.0,"key":"SMITH"},{"floor":8.0,"key":"REST"},{"floor":12.0,"key":"REST"},{"floor":15.0,"key":"REST"},{"floor":23.0,"key":"REST"},{"floor":27.0,"key":"REST"},{"floor":32.0,"key":"REST"},{"data":"Accuracy","floor":40.0,"key":"SMITH"},{"data":"Infinite Blades","floor":44,"key":"SMITH"},{"data":"Prepared","floor":46,"key":"SMITH"},{"floor":49,"key":"REST"}],"circlet_count":0,"master_deck":["Strike_G","Strike_G","Strike_G","Strike_G","Strike_G","Defend_G","Defend_G","Defend_G","Defend_G+1","Defend_G","Survivor","Neutralize+1","Dash","Accuracy+1","PiercingWail+1","Prepared+1","Acrobatics+1","PiercingWail+1","Blade Dance+1","Acrobatics+1","Blade Dance+1","Cloak And Dagger+1","Envenom","Cloak And Dagger+1","Deadly Poison+1","Caltrops","Dodge and Roll+1","Distraction+1","Choke+1","Deflect+1","Phantasmal Killer+1","Dagger Spray","Infinite Blades+1","Dagger Spray","Leg Sweep+1","Bouncing Flask+1","Catalyst+1","Adrenaline+1","Calculated Gamble+1","Pain","Deflect+1","Madness+1","Madness+1","Dodge and Roll+1"],"relics":["Ring of the Snake","Toxic Egg 2","Bottled Tornado","Omamori","Odd Mushroom","MawBank","Cursed Key","Red Mask","Potion Belt","Thread and Needle","Sundial","Tough Bandages","Mercury Hourglass","Runic Pyramid","Ninja Scroll","OrangePellets","War Paint","Calipers","Pantograph","Prayer Wheel","Bird Faced Urn"],"acts_visited":["Exordium","TheCity","TheBeyond"],"potions_floor_usage":[41,48,50,50,50,50],"damage_taken":[{"damage":1.0,"enemies":"Small Slimes","floor":1.0,"turns":5.0},{"damage":3.0,"enemies":"Jaw Worm","floor":2.0,"turns":4.0},{"damage":0.0,"enemies":"2 Louse","floor":3.0,"turns":3.0},{"damage":25.0,"enemies":"Exordium Wildlife","floor":4.0,"turns":11.0},{"damage":48.0,"enemies":"Lagavulin","floor":7.0,"turns":14.0},{"damage":7.0,"enemies":"The Mushroom Lair","floor":10.0,"turns":5.0},{"damage":0.0,"enemies":"Exordium Thugs","floor":11.0,"turns":4.0},{"damage":25.0,"enemies":"3 Sentries","floor":13.0,"turns":10.0},{"damage":1.0,"enemies":"Large Slime","floor":14.0,"turns":5.0},{"damage":3.0,"enemies":"Hexaghost","floor":16.0,"turns":9.0},{"damage":13.0,"enemies":"Shell Parasite","floor":18.0,"turns":6.0},{"damage":0.0,"enemies":"3 Byrds","floor":19.0,"turns":4.0},{"damage":4.0,"enemies":"Centurion and Healer","floor":20.0,"turns":6.0},{"damage":13.0,"enemies":"Masked Bandits","floor":22.0,"turns":6.0},{"damage":5.0,"enemies":"Slavers","floor":24.0,"turns":5.0},{"damage":15.0,"enemies":"Chosen and Byrds","floor":25.0,"turns":5.0},{"damage":19.0,"enemies":"Book of Stabbing","floor":28.0,"turns":5.0},{"damage":0.0,"enemies":"Colosseum Slavers","floor":29.0,"turns":3.0},{"damage":12.0,"enemies":"Colosseum Nobs","floor":29.0,"turns":4.0},{"damage":0.0,"enemies":"3 Cultists","floor":30.0,"turns":5.0},{"damage":0.0,"enemies":"Centurion and Healer","floor":31.0,"turns":5.0},{"damage":51.0,"enemies":"Collector","floor":33.0,"turns":12.0},{"damage":0.0,"enemies":"Orb Walker","floor":35.0,"turns":3.0},{"damage":2.0,"enemies":"3 Darklings","floor":38.0,"turns":3.0},{"damage":0.0,"enemies":"Jaw Worm Horde","floor":39.0,"turns":3.0},{"damage":0,"enemies":"Transient","floor":41,"turns":5},{"damage":0,"enemies":"Mind Bloom Boss Battle","floor":42,"turns":4},{"damage":8,"enemies":"Nemesis","floor":45,"turns":5},{"damage":6,"enemies":"2 Orb Walkers","floor":48,"turns":3},{"damage":35,"enemies":"Time Eater","floor":50,"turns":11}],"seed_played":"-3989070165519484463","potions_obtained":[{"floor":2.0,"key":"FearPotion"},{"floor":4.0,"key":"Regen Potion"},{"floor":10.0,"key":"AttackPotion"},{"floor":13.0,"key":"AttackPotion"},{"floor":19.0,"key":"AttackPotion"},{"floor":20.0,"key":"ColorlessPotion"},{"floor":22.0,"key":"SteroidPotion"},{"floor":28.0,"key":"SteroidPotion"},{"floor":35.0,"key":"GamblersBrew"},{"floor":39.0,"key":"EssenceOfSteel"},{"floor":45,"key":"EssenceOfSteel"}],"is_trial":false,"path_per_floor":["M","M","M","M","$","R","E","R","T","?","M","R","?","M","R","B",null,"M","M","M","?","?","R","E","M","T","R","E","?","M","M","R","B",null,"M","$","?","M","M","R","M","?","T","R","E","R","?","?","R","B",null],"character_chosen":"THE_SILENT","items_purchased":["Toxic Egg 2","Acrobatics+1","PiercingWail+1","Infinite Blades","Ninja Scroll","Dagger Spray","Leg Sweep+1","Bouncing Flask+1","OrangePellets","War Paint","Strength Potion","Swift Potion","LiquidBronze"],"campfire_rested":7,"item_purchase_floors":[5,5,5,36,36,36,36,36,36,36,36,36,36],"current_hp_per_floor":[62,59,59,34,34,34,1,19,19,12,12,30,5,4,22,19,52,39,39,35,35,22,40,35,20,20,38,19,7,7,7,25,9,50,50,50,50,48,48,48,48,48,48,48,40,40,32,26,44,30],"gold":278,"neow_bonus":"TWO_FIFTY_GOLD","is_daily":false,"chose_seed":false,"campfire_upgraded":4,"win_rate":0.0,"timestamp":1611240833,"path_taken":["M","M","M","M","$","R","E","R","T","?","M","R","?","M","R","BOSS","M","M","M","?","?","R","E","M","T","R","E","?","M","?","R","BOSS","M","$","?","M","M","R","M","?","T","R","E","R","?","?","R","BOSS"],"items_purchased_type":["Relic","Card","Card","Card","Relic","Card","Card","Card","Relic","Relic","Potion","Potion","Potion"],"build_version":"2020-12-22","purchased_purges":0,"victory":true,"max_hp_per_floor":[63,63,63,63,63,63,63,63,63,63,63,63,63,63,63,63,63,63,63,63,63,63,63,63,63,63,63,63,63,63,63,63,63,63,63,63,63,63,63,63,63,63,63,63,63,63,63,63,63,63],"relic_stats":{"counters":[30,173],"War Paint":["Defend_G","PiercingWail"],"MawBank":276,"Cursed Key":2,"Mercury Hourglass":[243],"OrangePellets":[1],"Tough Bandages":[150],"Sundial":[2],"Pantograph":19,"Bird Faced Urn":[2],"Prayer Wheel":0,"obtain_stats":[{"Potion Belt":24,"Calipers":42,"Thread and Needle":26,"Omamori":9,"Bottled Tornado":7,"Odd Mushroom":10,"War Paint":36,"MawBank":13,"Cursed Key":17,"Mercury Hourglass":29,"OrangePellets":36,"Tough Bandages":29,"Sundial":28,"Ninja Scroll":36,"Pantograph":43,"Bird Faced Urn":48,"Prayer Wheel":45,"Red Mask":22,"Toxic Egg 2":5,"Ring of the Snake":0,"Runic Pyramid":34},{"Potion Belt":15,"Calipers":27,"Thread and Needle":16,"Omamori":5,"Bottled Tornado":5,"Odd Mushroom":6,"War Paint":23,"MawBank":8,"Cursed Key":10,"Mercury Hourglass":19,"OrangePellets":23,"Tough Bandages":19,"Sundial":17,"Ninja Scroll":23,"Pantograph":27,"Bird Faced Urn":29,"Prayer Wheel":28,"Red Mask":14,"Toxic Egg 2":4,"Ring of the Snake":0,"Runic Pyramid":22},{"Potion Belt":97,"Calipers":154,"Thread and Needle":102,"Omamori":37,"Bottled Tornado":37,"Odd Mushroom":42,"War Paint":139,"MawBank":56,"Cursed Key":70,"Mercury Hourglass":114,"OrangePellets":139,"Tough Bandages":114,"Sundial":107,"Ninja Scroll":139,"Pantograph":154,"Bird Faced Urn":162,"Prayer Wheel":159,"Red Mask":92,"Toxic Egg 2":23,"Ring of the Snake":0,"Runic Pyramid":136}],"Ring of the Snake":[60]},"card_choices":[{"not_picked":["Poisoned Stab","Quick Slash"],"picked":"Dash","floor":1.0},{"not_picked":["Reflex","Well Laid Plans"],"picked":"Accuracy","floor":2.0},{"not_picked":["Deadly Poison","Bane"],"picked":"PiercingWail","floor":3.0},{"not_picked":["Corpse Explosion","Endless Agony"],"picked":"Prepared","floor":4.0},{"not_picked":["Distraction+1","Dodge and Roll+1"],"picked":"Blade Dance+1","floor":7.0},{"not_picked":["Slice","Dagger Throw"],"picked":"Acrobatics+1","floor":10.0},{"not_picked":["Poisoned Stab","Crippling Poison+1"],"picked":"Blade Dance+1","floor":11.0},{"not_picked":["Well Laid Plans","Slice"],"picked":"Cloak And Dagger+1","floor":14.0},{"not_picked":["Phantasmal Killer+1","Night Terror+1"],"picked":"Envenom","floor":16.0},{"not_picked":["Escape Plan+1","Distraction+1"],"picked":"Cloak And Dagger+1","floor":18.0},{"not_picked":["Prepared+1","Poisoned Stab"],"picked":"Deadly Poison+1","floor":19.0},{"not_picked":["Flying Knee+1","Predator+1","Quick Slash"],"picked":"SKIP","floor":20.0},{"not_picked":["Flying Knee+1","Predator+1","Quick Slash"],"picked":"SKIP","floor":20.0},{"not_picked":["Flying Knee+1","Predator+1","Quick Slash"],"picked":"SKIP","floor":20.0},{"not_picked":["Quick Slash+1","Acrobatics+1"],"picked":"Caltrops","floor":24.0},{"not_picked":["Dagger Throw+1","Crippling Poison+1"],"picked":"Dodge and Roll+1","floor":25.0},{"not_picked":["Cloak And Dagger+1","Backflip+1","Envenom"],"picked":"SKIP","floor":28.0},{"not_picked":["Sucker Punch","Quick Slash+1"],"picked":"Distraction+1","floor":29.0},{"not_picked":["Eviscerate+1","All Out Attack"],"picked":"Choke+1","floor":30.0},{"not_picked":["PiercingWail+1","Slice"],"picked":"Deflect+1","floor":31.0},{"not_picked":["Glass Knife","Corpse Explosion+1"],"picked":"Phantasmal Killer+1","floor":33.0},{"not_picked":["Prepared+1","Poisoned Stab"],"picked":"Dagger Spray","floor":35.0},{"not_picked":["Flying Knee+1","Predator+1"],"picked":"Catalyst+1","floor":38.0},{"not_picked":["Dagger Throw","Reflex+1","Predator"],"picked":"SKIP","floor":39.0},{"not_picked":["Sucker Punch","Dagger Throw"],"picked":"Adrenaline+1","floor":41},{"not_picked":["Acrobatics+1","Terror+1"],"picked":"Calculated Gamble+1","floor":42},{"not_picked":["Finisher","Heel Hook+1"],"picked":"Deflect+1","floor":45},{"not_picked":["Bane+1","Poisoned Stab+1"],"picked":"Dodge and Roll+1","floor":48}],"player_experience":108291,"relics_obtained":[{"floor":7.0,"key":"Bottled Tornado"},{"floor":9.0,"key":"Omamori"},{"floor":10.0,"key":"Odd Mushroom"},{"floor":13.0,"key":"MawBank"},{"floor":22.0,"key":"Red Mask"},{"floor":24.0,"key":"Potion Belt"},{"floor":26.0,"key":"Thread and Needle"},{"floor":28.0,"key":"Sundial"},{"floor":29.0,"key":"Tough Bandages"},{"floor":29.0,"key":"Mercury Hourglass"},{"floor":42,"key":"Calipers"},{"floor":43,"key":"Pantograph"},{"floor":45,"key":"Prayer Wheel"},{"floor":48,"key":"Bird Faced Urn"}],"event_choices":[{"damage_healed":0.0,"max_hp_gain":0.0,"max_hp_loss":0.0,"gold_gain":0.0,"event_name":"Mushrooms","player_choice":"Fought Mushrooms","floor":10.0,"gold_loss":0.0,"damage_taken":0.0},{"damage_healed":0.0,"max_hp_gain":0.0,"max_hp_loss":0.0,"gold_gain":0.0,"event_name":"Dead Adventurer","player_choice":"Searched \u00271\u0027 times","floor":13.0,"gold_loss":0.0,"damage_taken":0.0},{"damage_healed":0.0,"max_hp_gain":0.0,"max_hp_loss":0.0,"gold_gain":0.0,"event_name":"betterAltar:BetterAltar","player_choice":" Defy","floor":21.0,"gold_loss":0.0,"damage_taken":0.0,"cards_obtained":["Decay"]},{"damage_healed":0.0,"max_hp_gain":0.0,"max_hp_loss":0.0,"gold_gain":0.0,"event_name":"Masked Bandits","player_choice":"Fought Bandits","floor":22.0,"gold_loss":0.0,"damage_taken":0.0},{"damage_healed":0.0,"max_hp_gain":0.0,"max_hp_loss":0.0,"gold_gain":0.0,"event_name":"Colosseum","player_choice":"Fight","floor":29.0,"gold_loss":0.0,"damage_taken":0.0},{"damage_healed":0.0,"max_hp_gain":0.0,"max_hp_loss":0.0,"gold_gain":0.0,"event_name":"Colosseum","player_choice":"Fought Nobs","floor":29.0,"gold_loss":0.0,"damage_taken":0.0},{"damage_healed":0.0,"max_hp_gain":0.0,"max_hp_loss":0.0,"gold_gain":0.0,"event_name":"Tomb of Lord Red Mask","player_choice":"Ignored","floor":37.0,"gold_loss":0.0,"damage_taken":0.0},{"damage_healed":0,"gold_gain":0,"player_choice":"Fight","damage_taken":0,"max_hp_gain":0,"max_hp_loss":0,"event_name":"MindBloom","floor":42,"gold_loss":0},{"damage_healed":0,"gold_gain":0,"player_choice":"Embrace Madness","damage_taken":8,"max_hp_gain":0,"max_hp_loss":0,"event_name":"Winding Halls","floor":47,"gold_loss":0,"cards_obtained":["Madness","Madness"]},{"damage_healed":0,"gold_gain":0,"player_choice":"Fight","damage_taken":0,"max_hp_gain":0,"max_hp_loss":0,"event_name":"Mysterious Sphere","floor":48,"gold_loss":0}],"is_beta":false,"boss_relics":[{"not_picked":["Tiny House","Fusion Hammer"],"picked":"Cursed Key"},{"not_picked":["Snecko Eye","Coffee Dripper"],"picked":"Runic Pyramid"}],"items_purged_floors":[],"is_endless":false,"potions_floor_spawned":[2,4,10,13,19,20,22,28,29,35,39,45],"ascension_level":5}}