{"host":"1c7jotkkc04esl4v","time":1611229469,"event":{"mods":["BaseMod","Downfall","Minty Spire (QoL Compilation)","StSLib","The Alterego"],"gold_per_floor":[113,113,123,136,15,43,43,71,71,89,89,37,37,57,57,154,154,174,174,31,49,49,49,92,112,135,135,135,135,85,106,106,111,111],"floor_reached":33,"language":"ENG","playtime":1588,"items_purged":["alterego_mod:BigMeatyClaws"],"score":368,"play_id":"6c4f1392-328b-4a40-85f9-9d55b8362379","local_time":"20210121054429","is_ascension_mode":true,"campfire_choices":[{"data":"alterego_mod:BrynhildrsRune","floor":7,"key":"SMITH"},{"data":"alterego_mod:Impale","floor":11,"key":"SMITH"},{"data":"alterego_mod:Pet","floor":13,"key":"SMITH"},{"data":"alterego_mod:Pet","floor":15,"key":"SMITH"},{"data":"alterego_mod:ClassAdvantage","floor":23,"key":"SMITH"},{"data":"alterego_mod:BrynhildrRomantia","floor":28,"key":"SMITH"},{"data":"alterego_mod:Birthday","floor":32,"key":"SMITH"}],"circlet_count":0,"master_deck":["alterego_mod:Defend","alterego_mod:Defend","alterego_mod:Defend+1","alterego_mod:Defend","alterego_mod:Impale+1","alterego_mod:BigMeatyClaws","alterego_mod:BrynhildrsRune+1","alterego_mod:AlterEgo","Finesse","alterego_mod:Belts","alterego_mod:Bounce","alterego_mod:Pet+1","alterego_mod:Birthday+1","alterego_mod:Pet+1","alterego_mod:Birthday+1","alterego_mod:ClassAdvantage+1","alterego_mod:RidiculouslyBig+1","alterego_mod:Mirror+1","alterego_mod:SakuraPetals","alterego_mod:BusterCard","alterego_mod:BrynhildrRomantia+1","alterego_mod:Belle+1","alterego_mod:SakuraFive","Slimebound:Tackle+1","Slimebound:Tackle+1","Slimebound:Tackle+1"],"relics":["alterego_mod:MasochisticConstitution","Orichalcum","Juzu Bracelet","Gambling Chip","Astrolabe","War Paint","Anchor","Nilry\u0027s Codex"],"acts_visited":["Exordium","TheCity"],"potions_floor_usage":[4,4,6,6,16,33],"damage_taken":[{"damage":1,"enemies":"2 Louse","floor":1,"turns":4},{"damage":3,"enemies":"Cultist","floor":3,"turns":4},{"damage":4,"enemies":"Small Slimes","floor":4,"turns":5},{"damage":15,"enemies":"Lagavulin","floor":6,"turns":7},{"damage":31,"enemies":"3 Sentries","floor":8,"turns":13},{"damage":9,"enemies":"Red Slaver","floor":10,"turns":6},{"damage":6,"enemies":"3 Louse","floor":14,"turns":4},{"damage":16,"enemies":"Hexaghost","floor":16,"turns":8},{"damage":0,"enemies":"Spheric Guardian","floor":18,"turns":3},{"damage":0,"enemies":"3 Byrds","floor":21,"turns":7},{"damage":41,"enemies":"Book of Stabbing","floor":24,"turns":7},{"damage":26,"enemies":"Centurion and Healer","floor":25,"turns":9},{"damage":26,"enemies":"Snecko","floor":31,"turns":6},{"damage":24,"enemies":"Collector","floor":33,"turns":6}],"seed_played":"3608465525174633674","potions_obtained":[{"floor":3,"key":"EntropicBrew"},{"floor":4,"key":"SneckoOil"},{"floor":10,"key":"Strength Potion"},{"floor":25,"key":"AttackPotion"},{"floor":31,"key":"SmokeBomb"}],"is_trial":false,"path_per_floor":["M","?","M","M","$","E","R","E","T","M","R","$","R","M","R","B",null,"M","?","$","M","?","R","E","M","T","?","R","?","?","M","R","B"],"character_chosen":"The_Alterego","items_purchased":["alterego_mod:Bounce","alterego_mod:Pet","alterego_mod:BrynhildrRomantia"],"campfire_rested":0,"item_purchase_floors":[5,12,20],"current_hp_per_floor":[71,71,69,73,73,66,66,50,50,51,51,51,51,69,69,65,78,78,78,78,84,84,84,54,44,44,28,28,28,28,15,15,0,0],"gold":111,"neow_bonus":"RANDOM_COMMON_RELIC","is_daily":false,"chose_seed":false,"campfire_upgraded":7,"win_rate":0.0,"timestamp":1611229469,"path_taken":["M","?","M","?","$","E","R","E","T","M","R","$","R","M","R","BOSS","M","?","$","M","?","R","E","M","T","?","R","?","?","M","R","BOSS"],"items_purchased_type":["Card","Card","Card"],"build_version":"2020-12-22","purchased_purges":1,"victory":false,"max_hp_per_floor":[71,71,72,73,73,74,74,75,75,76,76,76,76,77,77,78,78,78,78,78,84,84,84,88,92,92,92,92,92,92,93,93,93,93],"card_choices":[{"not_picked":["alterego_mod:PerceptionDisorder","alterego_mod:GoddessCore","alterego_mod:Cycle"],"picked":"SKIP","floor":1},{"not_picked":["alterego_mod:HighServant","alterego_mod:PurpleHair","alterego_mod:Rip"],"picked":"SKIP","floor":3},{"not_picked":["alterego_mod:BoobPocket","alterego_mod:Collar"],"picked":"alterego_mod:Belts","floor":4},{"not_picked":["alterego_mod:BeGentle","alterego_mod:Cooking"],"picked":"alterego_mod:Pet","floor":6},{"not_picked":["alterego_mod:DiscoLights","alterego_mod:Schoolgirl"],"picked":"alterego_mod:Birthday","floor":8},{"not_picked":["alterego_mod:IdEs","alterego_mod:Maid","alterego_mod:Bunnysuit"],"picked":"SKIP","floor":10},{"not_picked":["alterego_mod:TrashNCrash","alterego_mod:BreastValley"],"picked":"alterego_mod:Birthday","floor":14},{"not_picked":["alterego_mod:IdEs","alterego_mod:GIGAMILK"],"picked":"alterego_mod:ClassAdvantage","floor":16},{"not_picked":["alterego_mod:PresenceConcealment+1","alterego_mod:DeftHands","alterego_mod:HighServant"],"picked":"SKIP","floor":18},{"not_picked":["alterego_mod:RidiculouslyBig","alterego_mod:Cycle+1"],"picked":"alterego_mod:Belle+1","floor":21},{"not_picked":["alterego_mod:Maid","alterego_mod:Schoolgirl"],"picked":"alterego_mod:SakuraFive","floor":24},{"not_picked":["alterego_mod:BeGentle","alterego_mod:GoddessCore","alterego_mod:SakuraLabyrinth"],"picked":"SKIP","floor":25},{"not_picked":["alterego_mod:Smother","alterego_mod:DustData","alterego_mod:Cooking"],"picked":"SKIP","floor":31}],"player_experience":350802,"relics_obtained":[{"floor":6,"key":"Juzu Bracelet"},{"floor":8,"key":"Gambling Chip"},{"floor":24,"key":"War Paint"},{"floor":26,"key":"Anchor"},{"floor":27,"key":"Nilry\u0027s Codex"}],"event_choices":[{"damage_healed":0,"gold_gain":0,"player_choice":"3 cards matched","damage_taken":0,"max_hp_gain":0,"max_hp_loss":0,"event_name":"Match and Keep!","floor":2,"gold_loss":0,"cards_obtained":["alterego_mod:BigMeatyClaws","alterego_mod:AlterEgo","Finesse"]},{"damage_healed":0,"gold_gain":0,"cards_transformed":["alterego_mod:Strike","alterego_mod:DestructionOfProperty"],"player_choice":"Became Test Subject","damage_taken":0,"max_hp_gain":0,"max_hp_loss":0,"event_name":"Drug Dealer","floor":19,"gold_loss":0,"cards_obtained":["alterego_mod:SakuraPetals","alterego_mod:BusterCard"]},{"damage_healed":0,"gold_gain":0,"player_choice":"Copied","damage_taken":0,"max_hp_gain":0,"max_hp_loss":0,"event_name":"Duplicator","floor":22,"gold_loss":0,"cards_obtained":["alterego_mod:Belle"]},{"damage_healed":0,"gold_gain":0,"player_choice":"Obtained Book","damage_taken":16,"max_hp_gain":0,"max_hp_loss":0,"event_name":"Cursed Tome","floor":27,"gold_loss":0},{"damage_healed":0,"gold_gain":0,"player_choice":"Bet on Owner","damage_taken":0,"max_hp_gain":0,"max_hp_loss":0,"event_name":"The Joust","floor":30,"gold_loss":50}],"is_beta":false,"boss_relics":[{"not_picked":["Tiny House","Busted Crown"],"picked":"Astrolabe"}],"items_purged_floors":[5],"is_endless":false,"potions_floor_spawned":[3,4,10,25,31],"killed_by":"Collector","ascension_level":3}}