{"host":"5gfra4hjb6stk8c2","time":1611240369,"event":{"mods":["BaseMod","Minty Spire (QoL Compilation)"],"gold_per_floor":[118,65,65,79,154,154,179,196,196,196,196],"floor_reached":10,"language":"ENG","playtime":190,"items_purged":[],"score":86,"play_id":"b39839bf-9a25-4dd8-96c0-0c64109b83f3","local_time":"20210121114608","is_ascension_mode":true,"campfire_choices":[{"data":"CrushJoints","floor":6,"key":"SMITH"}],"circlet_count":0,"master_deck":["Strike_P","Strike_P","Strike_P","Strike_P","Defend_P","Defend_P","Defend_P","Eruption","Vigilance","CrushJoints+1","Consecrate","Adaptation","WheelKick"],"relics":["Runic Dome","Bottled Flame"],"acts_visited":["Exordium"],"potions_floor_usage":[8,10],"damage_taken":[{"damage":0,"enemies":"Small Slimes","floor":1,"turns":5},{"damage":0,"enemies":"Cultist","floor":4,"turns":2},{"damage":32,"enemies":"Gremlin Nob","floor":7,"turns":3},{"damage":0,"enemies":"Jaw Worm","floor":8,"turns":1},{"damage":27,"enemies":"3 Sentries","floor":10,"turns":2}],"seed_played":"-7193224770269498578","potions_obtained":[{"floor":1,"key":"FearPotion"},{"floor":7,"key":"Weak Potion"},{"floor":8,"key":"Fruit Juice"}],"is_trial":false,"path_per_floor":["M","$","?","M","?","R","E","M","T","E"],"character_chosen":"WATCHER","items_purchased":["Consecrate"],"campfire_rested":0,"item_purchase_floors":[2],"current_hp_per_floor":[65,65,65,65,54,54,22,22,22,0,0],"gold":196,"neow_bonus":"BOSS_RELIC","is_daily":false,"chose_seed":false,"campfire_upgraded":1,"win_rate":0.0,"timestamp":1611240368,"path_taken":["M","$","?","?","?","R","E","M","T","E"],"items_purchased_type":["Card"],"build_version":"2020-12-22","purchased_purges":0,"victory":false,"max_hp_per_floor":[72,72,72,72,72,72,72,72,72,77,77],"card_choices":[{"not_picked":["SandsOfTime","Meditate"],"picked":"CrushJoints","floor":1},{"not_picked":["CrushJoints","CarveReality","BowlingBash"],"picked":"SKIP","floor":4},{"not_picked":["EmptyFist","EmptyMind"],"picked":"WheelKick","floor":7},{"not_picked":["SignatureMove","Sanctity","FollowUp"],"picked":"SKIP","floor":8}],"player_experience":178001,"relics_obtained":[{"floor":7,"key":"Bottled Flame"}],"event_choices":[{"damage_healed":0,"gold_gain":0,"cards_transformed":["Defend_P"],"player_choice":"Transformed","damage_taken":0,"max_hp_gain":0,"max_hp_loss":0,"event_name":"Transmorgrifier","floor":3,"gold_loss":0,"cards_obtained":["Adaptation"]},{"damage_healed":0,"gold_gain":75,"player_choice":"Gather Gold","damage_taken":11,"max_hp_gain":0,"max_hp_loss":0,"event_name":"World of Goop","floor":5,"gold_loss":0}],"is_beta":false,"boss_relics":[],"items_purged_floors":[],"is_endless":false,"potions_floor_spawned":[1,7,8],"killed_by":"3 Sentries","ascension_level":6}}