{"host":"y1oqg7uy0jc6f5mb","time":1611261581,"event":{"mods":["BaseMod","Better Altar","Better Match","Better Note","Better Sensory Stone","Better Skull","Better Third Choice","BetterRewards","Block Reminder","Colored Map","Colored Powertips","Custom Start","DeckTracker","Displayed Cursed Tome","Highlight Path","Ironclad Rager","Minty Spire (QoL Compilation)","Permanent Neow","Quick Restart","Relic Sorter","Relic Stats","Shop Mod","StSLib"],"gold_per_floor":[109,123,0,0,19,19,44,44,44,20,38,38,50,64,64,169,169,187,204,220,220,0,30,49,64,90,90,120,133,152,169,169,273,273,290,290,290,2,20,20,47,47,47,76,37,37,53,65,65,65,65],"floor_reached":50,"language":"ENG","playtime":4753,"items_purged":["Strike_R","Pain"],"score":834,"play_id":"69e489c7-7a92-4327-95a1-a95911a07c9b","local_time":"20210122043941","is_ascension_mode":true,"campfire_choices":[{"data":"True Grit","floor":6.0,"key":"SMITH"},{"floor":12.0,"key":"REST"},{"data":"Armaments","floor":15.0,"key":"SMITH"},{"floor":27.0,"key":"REST"},{"data":"Body Slam","floor":32.0,"key":"SMITH"},{"data":"Battle Trance","floor":40.0,"key":"SMITH"},{"floor":42.0,"key":"REST"},{"data":"Metallicize","floor":46.0,"key":"SMITH"},{"data":"Dual Wield","floor":49.0,"key":"SMITH"}],"circlet_count":0,"master_deck":["Strike_R","Strike_R","Strike_R","Defend_R","Defend_R","Defend_R","Defend_R","Bash","Berserk","Battle Trance+1","Iron Wave","True Grit+1","Flame Barrier","Armaments+1","Body Slam+1","Uppercut","Juggernaut","Iron Wave","Metallicize+1","Exhume","Evolve","Dual Wield+1","Juggernaut","Reckless Charge","Dark Embrace","Mayhem","Good Instincts","Shrug It Off"],"relics":["Burning Blood","HornCleat","Busted Crown","Membership Card","Blood Vial","Pen Nib","Bird Faced Urn","Black Star","WarpedTongs","MerchantsRug","Boot","Darkstone Periapt","Pear","Red Skull","Omamori"],"acts_visited":["Exordium","TheCity","TheBeyond"],"potions_floor_usage":[50,50],"damage_taken":[{"damage":10.0,"enemies":"Cultist","floor":1.0,"turns":5.0},{"damage":8.0,"enemies":"Jaw Worm","floor":2.0,"turns":4.0},{"damage":5.0,"enemies":"2 Louse","floor":5.0,"turns":3.0},{"damage":75.0,"enemies":"Gremlin Nob","floor":7.0,"turns":6.0},{"damage":3.0,"enemies":"Exordium Wildlife","floor":11.0,"turns":7.0},{"damage":2.0,"enemies":"Blue Slaver","floor":13.0,"turns":4.0},{"damage":5.0,"enemies":"Lots of Slimes","floor":14.0,"turns":4.0},{"damage":0.0,"enemies":"Hexaghost","floor":16.0,"turns":10.0},{"damage":11.0,"enemies":"3 Byrds","floor":18.0,"turns":5.0},{"damage":7.0,"enemies":"Spheric Guardian","floor":19.0,"turns":4.0},{"damage":27.0,"enemies":"Snake Plant","floor":20.0,"turns":5.0},{"damage":26.0,"enemies":"Book of Stabbing","floor":23.0,"turns":6.0},{"damage":10.0,"enemies":"Chosen and Byrds","floor":24.0,"turns":6.0},{"damage":23.0,"enemies":"3 Cultists","floor":25.0,"turns":6.0},{"damage":32.0,"enemies":"Slavers","floor":28.0,"turns":7.0},{"damage":16.0,"enemies":"Shelled Parasite and Fungi","floor":29.0,"turns":7.0},{"damage":8.0,"enemies":"Centurion and Healer","floor":30.0,"turns":6.0},{"damage":0.0,"enemies":"Snecko","floor":31.0,"turns":5.0},{"damage":82.0,"enemies":"Automaton","floor":33.0,"turns":12.0},{"damage":42.0,"enemies":"3 Darklings","floor":35.0,"turns":8.0},{"damage":0.0,"enemies":"3 Shapes","floor":39.0,"turns":5.0},{"damage":69.0,"enemies":"Nemesis","floor":41.0,"turns":9.0},{"damage":31.0,"enemies":"Giant Head","floor":44.0,"turns":8.0},{"damage":16.0,"enemies":"Sphere and 2 Shapes","floor":47.0,"turns":5.0},{"damage":23.0,"enemies":"Writhing Mass","floor":48.0,"turns":8.0},{"damage":70,"enemies":"Time Eater","floor":50,"turns":4}],"seed_played":"-3413380474795010204","potions_obtained":[{"floor":2.0,"key":"SteroidPotion"},{"floor":4.0,"key":"BloodPotion"},{"floor":4.0,"key":"Regen Potion"},{"floor":4.0,"key":"Dexterity Potion"},{"floor":7.0,"key":"FearPotion"},{"floor":13.0,"key":"Weak Potion"},{"floor":16.0,"key":"Swift Potion"},{"floor":23.0,"key":"FairyPotion"},{"floor":24.0,"key":"FairyPotion"},{"floor":41.0,"key":"DistilledChaos"},{"floor":47.0,"key":"PowerPotion"},{"floor":48.0,"key":"Regen Potion"}],"is_trial":false,"path_per_floor":["M","M","$","?","M","R","E","?","T","$","M","R","M","M","R","B",null,"M","M","M","?","$","E","M","M","T","R","E","M","M","M","R","B",null,"M","?","?","$","M","R","E","R","T","E","$","R","M","M","R","B"],"character_chosen":"IRONCLAD","items_purchased":["PowerPotion","Armaments","Membership Card","EntropicBrew","SteroidPotion","Reckless Charge","Dark Embrace","Mayhem","MerchantsRug","Good Instincts","Block Potion","Shrug It Off","Swift Potion"],"campfire_rested":3,"item_purchase_floors":[3,10,22,22,22,38,38,38,38,38,38,45,45],"current_hp_per_floor":[68,66,66,80,80,80,23,23,23,23,26,50,54,55,55,61,75,70,69,48,74,74,54,52,37,37,61,37,33,39,53,53,24,66,40,40,40,40,54,54,30,54,64,55,55,55,55,50,50,0,0],"gold":65,"neow_bonus":"ONE_RANDOM_RARE_CARD","is_daily":false,"chose_seed":false,"campfire_upgraded":6,"win_rate":0.0,"timestamp":1611261581,"path_taken":["M","M","$","?","?","R","E","?","T","$","?","R","M","M","R","BOSS","M","M","M","?","$","E","M","M","T","R","E","M","M","M","R","BOSS","M","?","?","$","M","R","E","R","T","E","$","R","M","?","R","BOSS"],"items_purchased_type":["Potion","Card","Relic","Potion","Potion","Card","Card","Card","Relic","Card","Potion","Card","Potion"],"build_version":"2020-12-22","purchased_purges":2,"victory":false,"max_hp_per_floor":[80,80,80,80,80,80,80,80,80,80,80,80,80,80,80,80,80,80,80,80,80,80,80,80,80,80,80,80,80,80,80,80,80,80,80,80,80,80,80,80,80,80,90,90,90,90,90,90,90,90,90],"relic_stats":{"Blood Vial":28,"Darkstone Periapt":0,"Busted Crown":34,"counters":[26,159],"Bird Faced Urn":[88],"Pen Nib":[12],"Black Star":2,"Boot":[5],"obtain_stats":[{"Darkstone Periapt":41,"MerchantsRug":38,"Pear":43,"Pen Nib":26,"Omamori":44,"Boot":41,"Burning Blood":0,"WarpedTongs":37,"Blood Vial":23,"Bottled Flame":9,"HornCleat":7,"Busted Crown":17,"Bird Faced Urn":28,"Black Star":34,"Membership Card":22,"Red Skull":44},{"Darkstone Periapt":22,"MerchantsRug":20,"Pear":22,"Pen Nib":14,"Omamori":23,"Boot":22,"Burning Blood":0,"WarpedTongs":20,"Blood Vial":12,"Bottled Flame":4,"HornCleat":4,"Busted Crown":8,"Bird Faced Urn":15,"Black Star":19,"Membership Card":11,"Red Skull":23},{"Darkstone Periapt":134,"MerchantsRug":120,"Pear":134,"Pen Nib":75,"Omamori":142,"Boot":134,"Burning Blood":0,"WarpedTongs":120,"Blood Vial":63,"Bottled Flame":18,"HornCleat":18,"Busted Crown":43,"Bird Faced Urn":82,"Black Star":112,"Membership Card":57,"Red Skull":142}],"Burning Blood":149,"WarpedTongs":[38]},"card_choices":[{"not_picked":["True Grit","Body Slam"],"picked":"Battle Trance","floor":1.0},{"not_picked":["Carnage","Twin Strike"],"picked":"Iron Wave","floor":2.0},{"not_picked":["Power Through","Flex"],"picked":"True Grit","floor":5.0},{"not_picked":["Havoc","Sentinel"],"picked":"Flame Barrier","floor":7.0},{"not_picked":["Heavy Blade","Power Through","Havoc"],"picked":"SKIP","floor":11.0},{"not_picked":["Perfected Strike","Flex"],"picked":"Body Slam","floor":13.0},{"not_picked":["Thunderclap","Wild Strike"],"picked":"Uppercut","floor":14.0},{"not_picked":["Feed","Impervious"],"picked":"Juggernaut","floor":16.0},{"not_picked":[],"picked":"Iron Wave","floor":18.0},{"not_picked":["Armaments"],"picked":"SKIP","floor":19.0},{"not_picked":["Flex"],"picked":"SKIP","floor":20.0},{"not_picked":[],"picked":"Metallicize","floor":23.0},{"not_picked":["Clothesline+1"],"picked":"SKIP","floor":24.0},{"not_picked":["Clothesline+1"],"picked":"SKIP","floor":24.0},{"not_picked":["Anger+1"],"picked":"SKIP","floor":25.0},{"not_picked":[],"picked":"Exhume","floor":28.0},{"not_picked":[],"picked":"Evolve","floor":29.0},{"not_picked":["Infernal Blade"],"picked":"SKIP","floor":30.0},{"not_picked":[],"picked":"Dual Wield","floor":31.0},{"not_picked":[],"picked":"Juggernaut","floor":33.0},{"not_picked":["Anger+1"],"picked":"SKIP","floor":35.0},{"not_picked":["Sever Soul+1"],"picked":"SKIP","floor":39.0},{"not_picked":["Sever Soul"],"picked":"SKIP","floor":41.0},{"not_picked":["Sword Boomerang"],"picked":"SKIP","floor":44.0},{"not_picked":["Sword Boomerang+1"],"picked":"SKIP","floor":47.0},{"not_picked":["Havoc+1"],"picked":"SKIP","floor":48.0}],"player_experience":121402,"relics_obtained":[{"floor":7.0,"key":"HornCleat"},{"floor":9.0,"key":"Bottled Flame"},{"floor":23.0,"key":"Blood Vial"},{"floor":26.0,"key":"Pen Nib"},{"floor":28.0,"key":"Bird Faced Urn"},{"floor":41.0,"key":"Boot"},{"floor":41.0,"key":"Darkstone Periapt"},{"floor":43.0,"key":"Pear"},{"floor":44.0,"key":"Red Skull"},{"floor":44.0,"key":"Omamori"}],"event_choices":[{"damage_healed":0.0,"max_hp_gain":0.0,"max_hp_loss":0.0,"gold_gain":0.0,"event_name":"Lab","player_choice":"Got Potions","floor":4.0,"gold_loss":0.0,"damage_taken":0.0},{"cards_removed":["Strike_R"],"damage_healed":0.0,"max_hp_gain":0.0,"max_hp_loss":0.0,"gold_gain":0.0,"event_name":"Purifier","player_choice":"Purged","floor":8.0,"gold_loss":0.0,"damage_taken":0.0},{"damage_healed":26.0,"max_hp_gain":0.0,"max_hp_loss":0.0,"gold_gain":0.0,"event_name":"The Library","player_choice":"Heal","floor":21.0,"gold_loss":0.0,"damage_taken":0.0},{"damage_healed":0.0,"max_hp_gain":0.0,"max_hp_loss":0.0,"gold_gain":0.0,"event_name":"Tomb of Lord Red Mask","player_choice":"Ignored","floor":36.0,"gold_loss":0.0,"damage_taken":0.0},{"damage_healed":0.0,"max_hp_gain":0.0,"max_hp_loss":0.0,"gold_gain":0.0,"event_name":"Accursed Blacksmith","player_choice":"Rummage","floor":37.0,"gold_loss":0.0,"damage_taken":0.0,"relics_obtained":["WarpedTongs"],"cards_obtained":["Pain"]}],"is_beta":false,"boss_relics":[{"not_picked":["Ectoplasm","Velvet Choker"],"picked":"Busted Crown"},{"not_picked":["Runic Pyramid","SacredBark"],"picked":"Black Star"}],"items_purged_floors":[3,38],"is_endless":false,"potions_floor_spawned":[2,7,13,16,23,24,25,29,31,39,41,47,48],"killed_by":"Time Eater","ascension_level":8}}