{"host":"rolltorest","time":1611202546,"event":{"mods":["BaseMod","Minty Spire (QoL Compilation)","Relic Stats","Slay the Relics Exporter","StSLib"],"gold_per_floor":[114,130,130,93,112,112,145,145,169,169,169],"floor_reached":10,"language":"ENG","playtime":161,"items_purged":[],"score":132,"play_id":"06569795-e498-4096-addd-1de135d72cb2","local_time":"20210120201546","is_ascension_mode":true,"campfire_choices":[{"data":"Infinite Blades","floor":6,"key":"SMITH"}],"circlet_count":0,"master_deck":["AscendersBane","Strike_G","Strike_G","Strike_G","Strike_G","Defend_G","Defend_G","Defend_G","Defend_G","Defend_G","Survivor","Neutralize","Accuracy","Infinite Blades+1","Dagger Spray"],"relics":["Ring of the Snake","NeowsBlessing","Oddly Smooth Stone","TungstenRod"],"acts_visited":["Exordium"],"potions_floor_usage":[7],"damage_taken":[{"damage":0,"enemies":"2 Louse","floor":1,"turns":1},{"damage":0,"enemies":"Cultist","floor":2,"turns":1},{"damage":0,"enemies":"Jaw Worm","floor":5,"turns":1},{"damage":20,"enemies":"3 Sentries","floor":7,"turns":7},{"damage":47,"enemies":"Gremlin Nob","floor":10,"turns":4}],"seed_played":"-2019427737524805679","potions_obtained":[{"floor":1,"key":"Strength Potion"},{"floor":2,"key":"Block Potion"}],"is_trial":false,"path_per_floor":["M","M","?","$","M","R","E","?","T","E"],"character_chosen":"THE_SILENT","items_purchased":["Infinite Blades"],"campfire_rested":0,"item_purchase_floors":[4],"current_hp_per_floor":[59,59,59,59,59,59,39,33,33,0,0],"gold":169,"neow_bonus":"THREE_ENEMY_KILL","is_daily":false,"chose_seed":false,"campfire_upgraded":1,"win_rate":0.0,"timestamp":1611202546,"path_taken":["M","M","?","$","?","R","E","?","T","E"],"items_purchased_type":["Card"],"build_version":"2020-12-18","purchased_purges":0,"victory":false,"max_hp_per_floor":[66,66,66,66,66,66,66,66,66,66,66],"relic_stats":{"counters":[5,14],"obtain_stats":[{"NeowsBlessing":0,"Oddly Smooth Stone":3,"TungstenRod":7,"Ring of the Snake":0},{"NeowsBlessing":0,"Oddly Smooth Stone":2,"TungstenRod":4,"Ring of the Snake":0},{"NeowsBlessing":0,"Oddly Smooth Stone":2,"TungstenRod":10,"Ring of the Snake":0}],"TungstenRod":4,"Ring of the Snake":[10]},"card_choices":[{"not_picked":["Prepared","Footwork"],"picked":"Accuracy","floor":1},{"not_picked":["Slice","Catalyst","Choke"],"picked":"SKIP","floor":2},{"not_picked":["Backstab","Dodge and Roll"],"picked":"Dagger Spray","floor":5},{"not_picked":["Outmaneuver","Backflip","Sucker Punch"],"picked":"SKIP","floor":7}],"player_experience":1750099,"relics_obtained":[{"floor":7,"key":"TungstenRod"}],"event_choices":[{"damage_healed":0,"gold_gain":0,"player_choice":"Gave Potion","damage_taken":0,"relics_obtained":["Oddly Smooth Stone"],"max_hp_gain":0,"max_hp_loss":0,"event_name":"WeMeetAgain","floor":3,"gold_loss":0},{"cards_removed":["Strike_G"],"damage_healed":0,"gold_gain":0,"player_choice":"Card Removal","damage_taken":7,"max_hp_gain":0,"max_hp_loss":0,"event_name":"Golden Wing","floor":8,"gold_loss":0}],"is_beta":true,"boss_relics":[],"items_purged_floors":[],"is_endless":false,"potions_floor_spawned":[1,2],"killed_by":"Gremlin Nob","ascension_level":20}}