{"host":"qhd5m7ak4qaao2fj","time":1611220904,"event":{"mods":["AchievementEnabler","BaseMod","Bestiary","Block Reminder","Colored Map","Colored Powertips","DeckTracker","Highlight Path","Minty Spire (QoL Compilation)","Quick Restart","Relic Stats"],"gold_per_floor":[114,132,146,1,76,76,76],"floor_reached":6,"language":"ENG","playtime":571,"items_purged":[],"score":38,"play_id":"31e8c3a5-b737-4c94-8c7b-8f4ffdc35c00","local_time":"20210121102144","is_ascension_mode":true,"campfire_choices":[],"circlet_count":0,"master_deck":["Strike_G","Strike_G","Strike_G","Strike_G","Strike_G","Defend_G","Defend_G","Defend_G","Defend_G","Defend_G","Survivor","Neutralize","Die Die Die","Prepared","Bane"],"relics":["Ring of the Snake","Membership Card"],"acts_visited":["Exordium"],"potions_floor_usage":[6],"damage_taken":[{"damage":1.0,"enemies":"Cultist","floor":1.0,"turns":3.0},{"damage":4.0,"enemies":"Small Slimes","floor":2.0,"turns":4.0},{"damage":0.0,"enemies":"2 Louse","floor":3.0,"turns":1.0},{"damage":25,"enemies":"Gremlin Nob","floor":6,"turns":5}],"seed_played":"-9161977221453292720","potions_obtained":[{"floor":1.0,"key":"EssenceOfSteel"},{"floor":2.0,"key":"Dexterity Potion"}],"is_trial":false,"path_per_floor":["M","M","M","$","?","E"],"character_chosen":"THE_SILENT","items_purchased":["Membership Card"],"campfire_rested":0,"item_purchase_floors":[4],"current_hp_per_floor":[69,65,65,65,54,29,29],"gold":76,"neow_bonus":"ONE_RANDOM_RARE_CARD","is_daily":false,"chose_seed":false,"campfire_upgraded":0,"win_rate":0.0,"timestamp":1611220904,"path_taken":["M","M","M","$","?","E"],"items_purchased_type":["Relic"],"build_version":"2020-12-22","purchased_purges":0,"victory":false,"max_hp_per_floor":[70,70,70,70,70,70,70],"relic_stats":{"counters":[4,13],"obtain_stats":[{"Membership Card":4,"Ring of the Snake":0},{"Membership Card":3,"Ring of the Snake":0},{"Membership Card":8,"Ring of the Snake":0}],"Ring of the Snake":[8]},"card_choices":[{"not_picked":["Distraction","All Out Attack"],"picked":"Prepared","floor":1.0},{"not_picked":["Slice","Dagger Spray"],"picked":"Bane","floor":2.0},{"not_picked":["Underhanded Strike","Endless Agony","Heel Hook"],"picked":"SKIP","floor":3.0}],"player_experience":267078,"relics_obtained":[],"event_choices":[{"damage_healed":0.0,"max_hp_gain":0.0,"max_hp_loss":0.0,"gold_gain":75.0,"event_name":"World of Goop","player_choice":"Gather Gold","floor":5.0,"gold_loss":0.0,"damage_taken":11.0}],"is_beta":false,"boss_relics":[],"items_purged_floors":[],"is_endless":false,"potions_floor_spawned":[1,2],"killed_by":"Gremlin Nob","ascension_level":1}}