{"host":"u7y6mp3waw4jt65j","time":1611211888,"event":{"mods":["ATMod(°¢èªMod)","Aspiration","BaseMod","Conspire","Dota2Spire","Jedi Mod","Minty Spire (QoL Compilation)","Replay The Spire","StSLib","¡¾ÒÅÎï¿¨ÅÆ¡¿REMEMod"],"gold_per_floor":[115,128,128,146,146,146,146,146,162,353,380,391,391,391,191,216,216,335,335,356,356,356,376,301,301,339,355,404,425,260,260,260,299,299,427,427,443,443,443,467,487,487,518,542,542,576,576,576,622,685,685,685,685],"floor_reached":52,"language":"ZHS","playtime":2178,"items_purged":["Injury"],"score":995,"play_id":"078054ea-5491-4b37-aef8-ab696eafb6a0","local_time":"20210121145128","is_ascension_mode":true,"campfire_choices":[{"data":"AT_FamilyPortrait","floor":8,"key":"SMITH"},{"floor":17,"key":"REST"},{"data":"Poison Darts","floor":25,"key":"SMITH"},{"data":"Blade Dance","floor":32,"key":"SMITH"},{"floor":34,"key":"REST"},{"data":"Blade Dance","floor":42,"key":"SMITH"},{"floor":48,"key":"REST"},{"floor":51,"key":"RECALL"}],"circlet_count":0,"master_deck":["conspire:GhostlyStrike","conspire:GhostlyStrike","conspire:GhostlyStrike","conspire:GhostlyStrike","conspire:GhostlyDefend","conspire:GhostlyDefend","conspire:GhostlyDefend","conspire:GhostlyDefend","Survivor","Neutralize","AT_FamilyPortrait+1","jedi:unstablefumes","jedi:pocketpoison+1","Cloak And Dagger","Blade Dance+1","PiercingWail","Blade Dance+1","Deadly Poison","Blade Dance","Poison Darts+1","AT_WindFlip+1","Hidden Blade","Dagger Spray+1","Deflect+1","jedi:pocketpoison+1","REME_BodyOfCthun","Infinite Blades","Corpse Explosion","Prepared+1","Reflex+1","PiercingWail+1","Cloak And Dagger","Endless Agony","Masterful Stab+1","Purity"],"relics":["Ring of the Snake","AT_ATBox","REME_ComplimentaryCards","NeowsBlessing","Regal Pillow","Golden Idol","aspiration:Nostalgia","Burning Blood","WristBlade","Ancient Tea Set","MutagenicStrength","Red Mask","Nunchaku","AT_Kusabimaru","Dota2Spire:RefresherOrb","Replay:PocketPolymizer","Strawberry","Dota2Spire:HandOfMidas","BranchBurnRelic","Onion Ring"],"acts_visited":["Exordium","TheCity","TheBeyond"],"potions_floor_usage":[27,35,35,35,43,46,49],"damage_taken":[{"damage":0,"enemies":"Cultist","floor":1,"turns":1},{"damage":0,"enemies":"2 Louse","floor":2,"turns":1},{"damage":0,"enemies":"Small Slimes","floor":4,"turns":1},{"damage":9,"enemies":"2 Fungi Beasts","floor":9,"turns":3},{"damage":40,"enemies":"Exordium Wildlife","floor":12,"turns":1},{"damage":8,"enemies":"Red Slaver","floor":16,"turns":2},{"damage":51,"enemies":"The Guardian","floor":18,"turns":11},{"damage":7,"enemies":"conspire:FuzzyDice","floor":20,"turns":4},{"damage":0,"enemies":"Shell Parasite","floor":23,"turns":1},{"damage":0,"enemies":"Masked Bandits","floor":26,"turns":1},{"damage":32,"enemies":"Shelled Parasite and Fungi","floor":27,"turns":4},{"damage":0,"enemies":"Centurion and Healer","floor":29,"turns":3},{"damage":30,"enemies":"Gremlin Leader","floor":33,"turns":3},{"damage":13,"enemies":"Pondfish","floor":35,"turns":8},{"damage":0,"enemies":"3 Darklings","floor":37,"turns":1},{"damage":2,"enemies":"3 Shapes","floor":40,"turns":1},{"damage":3,"enemies":"Jaw Worm Horde","floor":41,"turns":2},{"damage":23,"enemies":"Nemesis","floor":43,"turns":5},{"damage":9,"enemies":"3 Darklings","floor":44,"turns":2},{"damage":35,"enemies":"Reptomancer","floor":46,"turns":3},{"damage":22,"enemies":"Transient","floor":49,"turns":5},{"damage":2,"enemies":"Giant Head","floor":50,"turns":5},{"damage":93,"enemies":"Awakened One","floor":52,"turns":5}],"seed_played":"7724245316402185045","potions_obtained":[{"floor":1,"key":"Strength Potion"},{"floor":2,"key":"Reflective Coating"},{"floor":16,"key":"Swift Potion"},{"floor":18,"key":"AttackPotion"},{"floor":27,"key":"Block Potion"},{"floor":40,"key":"ColorlessPotion"},{"floor":44,"key":"ColorlessPotion"},{"floor":46,"key":"Dota2Spire:HealingSalve"}],"is_trial":false,"path_per_floor":["M","M","?","M","PTL","PTL","?","R","M","?","T","M","?","T","$","M","R","B",null,"M","T","?","M","$","R","?","M","T","M","$","?","R","E","R","B",null,"M","$","?","M","M","R","E","M","T","E","?","R","M","E","R","B"],"character_chosen":"THE_SILENT","items_purchased":["aspiration:Nostalgia","Deadly Poison","REME_BodyOfCthun"],"campfire_rested":3,"item_purchase_floors":[15,15,30],"current_hp_per_floor":[70,70,70,70,70,70,70,70,61,61,61,21,21,21,21,19,55,10,70,69,69,69,70,70,70,70,44,44,50,50,50,50,26,62,55,70,70,70,66,66,66,66,49,46,53,24,24,60,63,67,67,0,0],"gold":685,"neow_bonus":"THREE_ENEMY_KILL","is_daily":false,"chose_seed":false,"campfire_upgraded":4,"win_rate":0.0,"timestamp":1611211888,"path_taken":["M","?","?","M","PTL","PTL","?","R","M","?","T","M","?","?","$","?","R","BOSS","M","?","?","M","$","R","?","?","T","M","$","?","R","E","R","BOSS","M","$","?","M","M","R","E","M","T","E","?","R","?","E","R","BOSS"],"items_purchased_type":["Relic","Card","Card"],"build_version":"2020-12-22","purchased_purges":1,"victory":false,"max_hp_per_floor":[70,70,70,70,70,70,70,70,70,70,70,70,70,70,70,70,70,70,70,70,70,70,70,70,70,70,70,70,70,70,70,70,70,70,70,70,70,70,66,66,66,66,66,66,73,73,73,73,73,73,73,73,73],"card_choices":[{"not_picked":["Backflip","Dagger Spray"],"picked":"jedi:pocketpoison","floor":1},{"not_picked":["Concentrate","Blur"],"picked":"Cloak And Dagger","floor":2},{"not_picked":["jedi:pocketpoison","Outmaneuver"],"picked":"Blade Dance","floor":4},{"not_picked":["Dagger Throw","Prepared"],"picked":"PiercingWail","floor":9},{"not_picked":["ReplayTheSpireMod:Tripwire","Eviscerate"],"picked":"Blade Dance","floor":12},{"not_picked":["Backstab","REME_GreenPollution"],"picked":"Blade Dance","floor":16},{"not_picked":["A Thousand Cuts","Bullet Time"],"picked":"Poison Darts","floor":18},{"not_picked":["Dagger Throw","Flying Knee"],"picked":"AT_WindFlip+1","floor":20},{"not_picked":["Underhanded Strike","Fluid Movement"],"picked":"Hidden Blade","floor":23},{"not_picked":["Backflip","jedi:pocketpoison"],"picked":"Dagger Spray+1","floor":26},{"not_picked":["Draining Mist","Acrobatics"],"picked":"Deflect+1","floor":27},{"not_picked":["Dagger Spray","Predator"],"picked":"jedi:pocketpoison+1","floor":29},{"not_picked":["Setup","AT_WindFlip"],"picked":"Infinite Blades","floor":33},{"not_picked":["ReplayTheSpireMod:From All Sides","Wraith Form v2"],"picked":"Corpse Explosion","floor":35},{"not_picked":["Outmaneuver","Slice+1","AT_TinkerSharpsword"],"picked":"SKIP","floor":37},{"not_picked":["Dagger Throw","Setup+1","Bane"],"picked":"SKIP","floor":40},{"not_picked":["Flying Knee+1","Dodge and Roll"],"picked":"Prepared+1","floor":41},{"not_picked":["REME_LeechingPoison","ReplayTheSpireMod:Exploit Weakness+1"],"picked":"Reflex+1","floor":43},{"not_picked":["Quick Slash+1","Underhanded Strike+1"],"picked":"PiercingWail+1","floor":44},{"not_picked":["Sucker Punch","Blur+1"],"picked":"Cloak And Dagger","floor":46},{"not_picked":["Escape Plan+1","Cloak And Dagger"],"picked":"Endless Agony","floor":49},{"not_picked":["Toxin Wave+1","Night Terror"],"picked":"Masterful Stab+1","floor":50}],"player_experience":142669,"relics_obtained":[{"floor":11,"key":"Regal Pillow"},{"floor":21,"key":"Ancient Tea Set"},{"floor":26,"key":"Red Mask"},{"floor":28,"key":"Nunchaku"},{"floor":33,"key":"AT_Kusabimaru"},{"floor":43,"key":"Replay:PocketPolymizer"},{"floor":45,"key":"Strawberry"},{"floor":46,"key":"Dead Branch"},{"floor":50,"key":"Onion Ring"}],"event_choices":[{"damage_healed":0,"gold_gain":0,"player_choice":"Agree","damage_taken":0,"max_hp_gain":0,"max_hp_loss":0,"event_name":"conspire:LoneGhost","floor":3,"gold_loss":0},{"damage_healed":0,"gold_gain":0,"player_choice":"Leave","damage_taken":0,"max_hp_gain":0,"max_hp_loss":0,"event_name":"conspire:Investor","floor":7,"gold_loss":0},{"damage_healed":0,"gold_gain":0,"player_choice":"Take Wound","damage_taken":0,"relics_obtained":["Golden Idol"],"max_hp_gain":0,"max_hp_loss":0,"event_name":"Golden Idol","floor":13,"gold_loss":0,"cards_obtained":["Injury"]},{"damage_healed":0,"gold_gain":0,"player_choice":"Inject Mutagens","damage_taken":0,"relics_obtained":["MutagenicStrength"],"max_hp_gain":0,"max_hp_loss":0,"event_name":"Drug Dealer","floor":22,"gold_loss":0},{"damage_healed":0,"gold_gain":0,"player_choice":"Fought Bandits","damage_taken":0,"max_hp_gain":0,"max_hp_loss":0,"event_name":"Masked Bandits","floor":26,"gold_loss":0},{"damage_healed":0,"gold_gain":0,"player_choice":"Ignored","damage_taken":0,"max_hp_gain":0,"max_hp_loss":0,"event_name":"Ghosts","floor":31,"gold_loss":0},{"damage_healed":0,"gold_gain":0,"player_choice":"Max HP","damage_taken":0,"max_hp_gain":0,"max_hp_loss":4,"event_name":"Winding Halls","floor":39,"gold_loss":0},{"cards_removed":["conspire:GhostlyDefend"],"damage_healed":0,"gold_gain":0,"player_choice":"Gave Card","damage_taken":0,"relics_obtained":["Dota2Spire:HandOfMidas"],"max_hp_gain":0,"max_hp_loss":0,"event_name":"WeMeetAgain","floor":47,"gold_loss":0}],"is_beta":false,"boss_relics":[{"not_picked":["Cursed Key","ChewingGum"],"picked":"WristBlade"},{"not_picked":["Busted Crown","aspiration:PoetsPen_weak"],"picked":"Dota2Spire:RefresherOrb"}],"items_purged_floors":[24],"is_endless":false,"potions_floor_spawned":[1,2,16,18,20,23,27,40,44,46],"killed_by":"Awakened One","ascension_level":4}}