{"host":"pno9h1fupbyz205f","time":1611190529,"event":{"mods":["Aspiration","BaseMod","Better Altar","Better Match","Better Note","Better Sensory Stone","Better Skull","Better Third Choice","Colored Map","Colored Powertips","Hermit","Highlight Path","Hubris","Infinite Spire","Jedi Mod","Mad Scientist","Marisa????????","Minty Spire (QoL Compilation)","Permanent Neow","Potionbrewer","Prisma Mod","Replay The Spire","Robot Space Explorer","Shop Mod","Spicy Shops","StSLib","Td1madao Mod","The Blackbeard","The Gatherer","The Hierophant","The Marked","The Poker Player","The Runesmith","The Servant 0.9.4","The Spell Scribe","The Vixen","thorton","vexMod"],"gold_per_floor":[116,91,101,26,37,68,68,68,92,110,110,129,304,86,86,181,181,198,210,61,80,40,57,57,92,92,92,122,134,156,185,197,305,317,339,351,378,390,418,430,342,354,448,460,504,79,79,97,97,194,194,205,56,56,56,56,56,56,65,112,112,136,147,152,156,156,235,235,240,245,255,255,30,30,30,48,75,75,90,106,113,76,76,164,164,164],"floor_reached":85,"language":"ENG","playtime":2972,"items_purged":["Doubt","Defend_R","Shrug It Off+1","Strike_R","hubris:ReadiedAction","hermit:Maintenance+1","Pain"],"score":1537,"play_id":"62ebee7d-4868-4dad-b209-8d2e036e2edd","local_time":"20210120165529","is_ascension_mode":false,"campfire_choices":[{"data":"Limit Break","floor":8.0,"key":"SMITH"},{"data":"Metallicize","floor":24.0,"key":"SMITH"},{"data":"Bash","floor":32.0,"key":"PURGE"},{"data":"Berserk","floor":40.0,"key":"SMITH"},{"data":"infinitespire:Starlight","floor":42.0,"key":"SMITH"},{"data":"Heavy Blade","floor":44.0,"key":"SMITH"},{"data":"Whirlwind","floor":47.0,"key":"SMITH"},{"data":"Double Tap","floor":49.0,"key":"SMITH"},{"data":"Juggernaut","floor":57.0,"key":"SMITH"},{"data":"Metallicize","floor":61.0,"key":"SMITH"},{"data":"hermit:WideOpen","floor":66.0,"key":"SMITH"},{"data":"Twin Strike","floor":74.0,"key":"SMITH"},{"data":"hermit:GoldenBullet","floor":78.0,"key":"SMITH"},{"data":"Strike_R","floor":83,"key":"SMITH"}],"circlet_count":0,"master_deck":["Strike_R+1","Strike_R","Strike_R","Defend_R+1","Defend_R","Defend_R+1","Twin Strike+1","Demon Form+1","Whirlwind+1","Limit Break+1","Sword Boomerang+1","Heavy Blade+1","Metallicize+1","Berserk+1","infinitespire:Starlight+1","Thunderclap+1","Double Tap+1","Juggernaut+1","Metallicize+1","hermit:WideOpen+1","Necronomicurse","infinitespire:Starlight+1","hermit:GoldenBullet+1","Offering+1"],"relics":["Burning Blood","Bag of Preparation","hubris:OldNail","Coffee Dripper","Mirror","vexMod:FocusSash","aspiration:MobileForge","Anchor","infinitespire:Cupcake","aspiration:Lifesprig","MerchantsRug","jedi:shrinkray","Snecko Eye","Nunchaku","aspiration:TomeofQuesting","Gambling Chip","Ooze Armor","Necronomicon","Tiny Chest","Potion Belt","Lantern","hubris:ScarierMask"],"acts_visited":["Exordium","TheCity","TheBeyond","Exordium","TheCity","TheBeyond"],"potions_floor_usage":[84],"damage_taken":[{"damage":1.0,"enemies":"Jaw Worm","floor":1.0,"turns":5.0},{"damage":5.0,"enemies":"Cultist","floor":3.0,"turns":4.0},{"damage":5.0,"enemies":"Small Slimes","floor":5.0,"turns":4.0},{"damage":35.0,"enemies":"3 Sentries","floor":6.0,"turns":5.0},{"damage":0.0,"enemies":"Exordium Wildlife","floor":10.0,"turns":2.0},{"damage":11.0,"enemies":"Large Slime","floor":12.0,"turns":5.0},{"damage":35.0,"enemies":"Slime Boss","floor":16.0,"turns":6.0},{"damage":0.0,"enemies":"Chosen","floor":18.0,"turns":3.0},{"damage":0.0,"enemies":"3 Byrds","floor":19.0,"turns":4.0},{"damage":4.0,"enemies":"Centurion and Healer","floor":21.0,"turns":4.0},{"damage":28.0,"enemies":"Snake Plant","floor":23.0,"turns":4.0},{"damage":23.0,"enemies":"Gremlin Leader","floor":25.0,"turns":6.0},{"damage":32.0,"enemies":"Nightmare","floor":28.0,"turns":7.0},{"damage":0.0,"enemies":"Snecko","floor":30.0,"turns":4.0},{"damage":2.0,"enemies":"Centurion and Healer","floor":31.0,"turns":5.0},{"damage":13.0,"enemies":"Champ","floor":33.0,"turns":6.0},{"damage":15.0,"enemies":"Orb Walker","floor":35.0,"turns":3.0},{"damage":16.0,"enemies":"3 Shapes","floor":37.0,"turns":4.0},{"damage":12.0,"enemies":"3 Darklings","floor":39.0,"turns":3.0},{"damage":10.0,"enemies":"R_Hoarder","floor":45.0,"turns":3.0},{"damage":0.0,"enemies":"Maw","floor":48.0,"turns":3.0},{"damage":38.0,"enemies":"Time Eater","floor":50.0,"turns":6.0},{"damage":0.0,"enemies":"2 Louse","floor":52.0,"turns":1.0},{"damage":0.0,"enemies":"Small Slimes","floor":59.0,"turns":1.0},{"damage":0.0,"enemies":"Lagavulin","floor":62.0,"turns":2.0},{"damage":0.0,"enemies":"Jaw Worm","floor":63.0,"turns":1.0},{"damage":0.0,"enemies":"Looter","floor":64.0,"turns":2.0},{"damage":0.0,"enemies":"Large Slime","floor":65.0,"turns":2.0},{"damage":0.0,"enemies":"Fading Forest","floor":67.0,"turns":3.0},{"damage":0.0,"enemies":"Shell Parasite","floor":69.0,"turns":1.0},{"damage":0.0,"enemies":"2 Thieves","floor":70.0,"turns":1.0},{"damage":0.0,"enemies":"3 Cultists","floor":71.0,"turns":2.0},{"damage":0.0,"enemies":"Nightmare","floor":76.0,"turns":2.0},{"damage":0.0,"enemies":"Centurion and Healer","floor":79.0,"turns":1.0},{"damage":0.0,"enemies":"Shelled Parasite and Fungi","floor":80.0,"turns":1.0},{"damage":0.0,"enemies":"Snake Plant","floor":81.0,"turns":1.0},{"damage":48,"enemies":"hubris:MusketHawk","floor":84,"turns":3}],"seed_played":"-2366911758664712877","potions_obtained":[{"floor":1.0,"key":"Elixir"},{"floor":3.0,"key":"potionbrewer:DiscountPotion"},{"floor":5.0,"key":"ElixirPotion"},{"floor":16.0,"key":"Reflective Coating"},{"floor":18.0,"key":"potionbrewer:FreezingPotion"},{"floor":19.0,"key":"Explosive Potion"},{"floor":23.0,"key":"Dexterity Potion"},{"floor":33.0,"key":"jedi:holywater"},{"floor":37.0,"key":"SteroidPotion"},{"floor":45.0,"key":"ColorlessPotion"},{"floor":62.0,"key":"FairyPotion"},{"floor":64.0,"key":"Swift Potion"},{"floor":67.0,"key":"Regen Potion"},{"floor":70.0,"key":"potionbrewer:DiscountPotion"},{"floor":71.0,"key":"jedi:StrikingPotion"},{"floor":84,"key":"potionbrewer:BlacksmithPotion"}],"is_trial":false,"path_per_floor":["M","?","M","?","M","E","?","R","T","M","$","M","?","$","R_BF","B",null,"M","M","$","M","?","M","R","E","T","?","NM","?","M","M","R_BF","B",null,"M","AVR","M","$","M","R","NS","R","T","R","E","$","R","M","R","B",null,"M","$","?","?","AVR","R","$","M","T","R","E","M","M","M","R","B",null,"M","M","M","?","$","R","?","NM","T","R","M","M","M","$","R","B",null],"character_chosen":"IRONCLAD","items_purchased":["hubris:OldNail","Heavy Blade","aspiration:Lifesprig","MerchantsRug","jedi:shrinkray","Nunchaku","Tiny Chest","Lantern"],"campfire_rested":0,"item_purchase_floors":[14,20,46,46,46,53,73,82],"current_hp_per_floor":[80,80,80,80,80,51,51,51,51,57,57,52,52,52,76,47,80,80,80,80,80,80,58,58,41,41,41,15,15,21,25,25,18,80,71,71,71,71,65,65,65,65,65,65,61,61,61,67,67,77,80,80,80,85,85,85,85,85,85,85,85,85,85,85,85,85,85,85,85,85,85,69,69,69,69,85,85,85,85,85,85,85,85,56,85,85],"gold":164,"neow_bonus":"RANDOM_COMMON_RELIC","is_daily":false,"chose_seed":false,"campfire_upgraded":13,"win_rate":0.0,"timestamp":1611190529,"path_taken":["M","?","M","?","M","E","?","R","T","?","?","M","?","$","R_BF","BOSS","M","M","$","M","?","M","R","E","T","?","NM","?","?","M","R_BF","BOSS","M","AVR","M","?","M","R","NS","R","T","R","E","$","R","M","R","BOSS","M","$","?","?","AVR","R","$","?","T","R","E","M","M","M","R","BOSS","M","M","M","?","?","R","?","NM","T","R","M","M","?","$","R","BOSS"],"items_purchased_type":["Relic","Card","Relic","Relic","Relic","Relic","Relic","Relic"],"build_version":"2020-12-22","purchased_purges":7,"victory":false,"max_hp_per_floor":[80,80,80,80,80,80,80,80,80,80,80,80,80,80,80,80,80,80,80,80,80,80,80,80,80,80,80,80,80,80,80,80,80,80,80,80,80,80,80,80,80,80,80,80,80,80,80,80,80,80,80,80,80,85,85,85,85,85,85,85,85,85,85,85,85,85,85,85,85,85,85,85,85,85,85,85,85,85,85,85,85,85,85,85,85,85],"card_choices":[{"not_picked":["Heavy Blade","Disarm","Burning Pact"],"picked":"SKIP","floor":1.0},{"not_picked":["Anger","Uppercut"],"picked":"Twin Strike","floor":3.0},{"not_picked":["Eclipse","Impervious"],"picked":"Demon Form","floor":4.0},{"not_picked":["Disarm","Anger"],"picked":"Whirlwind","floor":5.0},{"not_picked":["Searing Blow","Combust"],"picked":"Limit Break","floor":6.0},{"not_picked":["Anger","Rage"],"picked":"Replay:Undeath\u0027s Touch","floor":10.0},{"not_picked":["Rage","Perfected Strike"],"picked":"Shrug It Off","floor":12.0},{"not_picked":["ReplayTheSpireMod:Corrosion Curse","Warcry+1"],"picked":"Sword Boomerang+1","floor":18.0},{"not_picked":["Searing Blow","Whirlwind+1"],"picked":"Shrug It Off+1","floor":19.0},{"not_picked":["Body Slam","ReplayTheSpireMod:Strike From Hell"],"picked":"Metallicize","floor":21.0},{"not_picked":["ReplayReversal","jedi:fear","Dark Embrace"],"picked":"SKIP","floor":23.0},{"not_picked":["jedi:fear","Searing Blow+1","jedi:collectorstrike"],"picked":"SKIP","floor":25.0},{"not_picked":["Cleave","Wild Strike+1","Abandon"],"picked":"SKIP","floor":28.0},{"not_picked":["Dark Embrace","Shrug It Off+1","Fire Breathing"],"picked":"SKIP","floor":30.0},{"not_picked":["Anger","ReplayTheSpireMod:Strike From Hell+1","Life Link"],"picked":"SKIP","floor":31.0},{"not_picked":["Brutality","Juggernaut"],"picked":"Berserk","floor":33.0},{"not_picked":["Shrug It Off+1","ReplayReversal+1","Clothesline"],"picked":"SKIP","floor":35.0},{"not_picked":["Clash","infinitespire:OneForAll+1","Heavy Blade+1"],"picked":"SKIP","floor":37.0},{"not_picked":["Dropkick","Combust","Dark Embrace+1"],"picked":"SKIP","floor":39.0},{"not_picked":["True Grit+1","Blood for Blood"],"picked":"Thunderclap+1","floor":45.0},{"not_picked":["Warcry","Blood for Blood"],"picked":"Double Tap","floor":48.0},{"not_picked":["Fiend Fire","Berserk"],"picked":"Juggernaut","floor":50.0},{"not_picked":["Heavy Blade","Flame Barrier","Uppercut"],"picked":"SKIP","floor":52.0},{"not_picked":["Clothesline","Pommel Strike","hermit:CalledShot"],"picked":"Metallicize","floor":59.0},{"not_picked":["hubris:ReadiedAction","Warcry","Second Wind"],"picked":"hermit:WideOpen","floor":62.0},{"not_picked":["Thunderclap","Clothesline","Burning Pact","hermit:Glare"],"picked":"SKIP","floor":63.0},{"not_picked":["Bludgeon","ReplayTheSpireMod:Stacked","Clash","hermit:Showdown"],"picked":"SKIP","floor":64.0},{"not_picked":["Replay:Undeath\u0027s Touch","Rage","jedi:suffering","hermit:Coalescence"],"picked":"SKIP","floor":65.0},{"not_picked":["jedi:controlledanger+1","Replay:Undeath\u0027s Touch","True Grit","hermit:Vantage"],"picked":"SKIP","floor":69.0},{"not_picked":["Havoc+1","Intimidate","Pommel Strike","hermit:CursedWeapon"],"picked":"SKIP","floor":70.0},{"not_picked":["Flame Barrier","ReplayTheSpireMod:Strike From Hell+1","Shockwave+1","hermit:HoleUp"],"picked":"SKIP","floor":71.0},{"not_picked":["Sword Boomerang","Cleave","Inflame"],"picked":"hermit:GoldenBullet","floor":76.0},{"not_picked":["Armaments+1","jedi:fear","Twin Strike","hermit:Midnight"],"picked":"SKIP","floor":79.0},{"not_picked":["infinitespire:OneForAll","Intimidate+1","Flame Barrier","hermit:Dive"],"picked":"SKIP","floor":80.0},{"not_picked":["Perfected Strike","Flex","Anger+1","hermit:Headshot"],"picked":"SKIP","floor":81.0},{"not_picked":["Hemogenesis","Immolate"],"picked":"Offering","floor":84}],"player_experience":213614,"relics_obtained":[{"floor":6.0,"key":"ReplayTheSpireMod:Spearhead"},{"floor":9.0,"key":"War Paint"},{"floor":25.0,"key":"Mirror"},{"floor":26.0,"key":"vexMod:FocusSash"},{"floor":28.0,"key":"MawBank"},{"floor":43.0,"key":"hubris:CrystalStatue"},{"floor":45.0,"key":"Chameleon Ring"},{"floor":60.0,"key":"aspiration:TomeofQuesting"},{"floor":62.0,"key":"Gambling Chip"},{"floor":72.0,"key":"Necronomicon"},{"floor":76.0,"key":"Boot"},{"floor":77.0,"key":"Potion Belt"}],"event_choices":[{"damage_healed":0.0,"max_hp_gain":0.0,"max_hp_loss":0.0,"gold_gain":0.0,"event_name":"betterMatch:BetterMatch","player_choice":"1","floor":4.0,"gold_loss":0.0,"damage_taken":0.0,"cards_obtained":["betterMatch:RareCard"]},{"damage_healed":0.0,"max_hp_gain":0.0,"max_hp_loss":0.0,"gold_gain":0.0,"event_name":"Accursed Blacksmith","player_choice":"Forge","floor":7.0,"gold_loss":0.0,"damage_taken":0.0,"cards_upgraded":["Demon Form"]},{"damage_healed":0.0,"max_hp_gain":0.0,"max_hp_loss":0.0,"gold_gain":175.0,"event_name":"betterThird:BetterSerpent","player_choice":"AGREE","floor":13.0,"gold_loss":0.0,"damage_taken":129.0},{"damage_healed":0.0,"max_hp_gain":0.0,"max_hp_loss":0.0,"gold_gain":0.0,"event_name":"Designer","player_choice":"Upgrade","floor":22.0,"gold_loss":40.0,"damage_taken":0.0,"cards_upgraded":["Replay:Undeath\u0027s Touch"]},{"cards_removed":["Metallicize"],"damage_healed":0.0,"max_hp_gain":0.0,"max_hp_loss":0.0,"gold_gain":0.0,"event_name":"betterNote:BetterNote","player_choice":"Take \u0026 Give","floor":27.0,"gold_loss":0.0,"damage_taken":0.0,"cards_obtained":["hermit:Maintenance"]},{"damage_healed":0.0,"max_hp_gain":0.0,"max_hp_loss":0.0,"gold_gain":0.0,"event_name":"N\u0027loth","player_choice":"Ignored","floor":29.0,"gold_loss":0.0,"damage_taken":0.0},{"damage_healed":0.0,"max_hp_gain":5.0,"max_hp_loss":0.0,"gold_gain":0.0,"event_name":"Big Fish","player_choice":"Donut","floor":54.0,"gold_loss":0.0,"damage_taken":0.0},{"damage_healed":0.0,"max_hp_gain":0.0,"max_hp_loss":0.0,"gold_gain":0.0,"cards_transformed":["Strike_R"],"event_name":"Transmorgrifier","player_choice":"Transformed","floor":55.0,"gold_loss":0.0,"damage_taken":0.0,"cards_obtained":["hubris:ReadiedAction"]},{"damage_healed":0.0,"max_hp_gain":0.0,"max_hp_loss":0.0,"gold_gain":0.0,"event_name":"Cursed Tome","player_choice":"Obtained Book","floor":72.0,"gold_loss":0.0,"damage_taken":16.0},{"damage_healed":0.0,"max_hp_gain":0.0,"max_hp_loss":0.0,"gold_gain":0.0,"event_name":"Duplicator","player_choice":"Copied","floor":75.0,"gold_loss":0.0,"damage_taken":0.0,"cards_obtained":["infinitespire:Starlight"]}],"is_beta":false,"boss_relics":[{"not_picked":["vexMod:CursedCompass","aspiration:SecretTechniqueScroll"],"picked":"Coffee Dripper"},{"not_picked":["Replay:Wanted Poster","Runic Pyramid"],"picked":"aspiration:MobileForge"},{"not_picked":["jedi:hotpepper","Runic Dome"],"picked":"Snecko Eye"},{"not_picked":["hubris:BlackHole","Electric Blood"],"picked":"Ooze Armor"},{"not_picked":["Ring of Chaos","ReplayTheSpireMod:SealedPack"],"picked":"hubris:ScarierMask"}],"items_purged_floors":[14,20,36,46,56,73,82],"is_endless":true,"potions_floor_spawned":[1,3,5,16,18,19,23,33,37,45,62,64,67,70,71,84],"ascension_level":0}}