{"host":"2lo6hma6kymb0g9i","time":1611207373,"event":{"mods":["BaseMod","Colored Map","DeckTracker","Minty Spire (QoL Compilation)"],"gold_per_floor":[16,16,16,32,32,72,72,96,96,96,109,124,49,73,73,163,163,188,188,209,109,24,24,24,58,58,82,112,112,153,78,78,178,178,201,534,534,548,548,548,548,548],"floor_reached":41,"language":"JPN","playtime":2997,"items_purged":["Strike_B","Pain"],"score":879,"play_id":"3c00fe86-e2c5-4920-b9a0-733b94a426c7","local_time":"20210121143613","is_ascension_mode":true,"campfire_choices":[{"floor":10,"key":"REST"},{"data":"Defragment","floor":15,"key":"SMITH"},{"data":"Capacitor","floor":23,"key":"SMITH"},{"floor":32,"key":"REST"},{"data":"Conserve Battery","floor":40,"key":"SMITH"}],"circlet_count":0,"master_deck":["AscendersBane","Defend_B","Defend_B+1","Defend_B","Dualcast","Heatsinks","Rebound","Defragment+1","Go for the Eyes","Coolheaded","Hyperbeam","BootSequence","Conserve Battery+1","Capacitor+1","Cold Snap","Melter","Streamline","Core Surge"],"relics":["Cracked Core","Matryoshka","Bronze Scales","Mercury Hourglass","SlaversCollar","WarpedTongs","Pocketwatch","Blood Vial","CeramicFish","Thread and Needle","War Paint","Pen Nib","Inserter"],"acts_visited":["Exordium","TheCity","TheBeyond"],"potions_floor_usage":[6,12,28],"damage_taken":[{"damage":9,"enemies":"Small Slimes","floor":1,"turns":4},{"damage":8,"enemies":"2 Louse","floor":4,"turns":2},{"damage":41,"enemies":"Gremlin Nob","floor":6,"turns":4},{"damage":0,"enemies":"Cultist","floor":8,"turns":4},{"damage":1,"enemies":"Looter","floor":11,"turns":1},{"damage":0,"enemies":"Blue Slaver","floor":12,"turns":4},{"damage":0,"enemies":"Lots of Slimes","floor":14,"turns":1},{"damage":22,"enemies":"Hexaghost","floor":16,"turns":10},{"damage":12,"enemies":"2 Thieves","floor":18,"turns":2},{"damage":7,"enemies":"Spheric Guardian","floor":20,"turns":4},{"damage":5,"enemies":"Gremlin Leader","floor":25,"turns":8},{"damage":0,"enemies":"Centurion and Healer","floor":28,"turns":7},{"damage":19,"enemies":"Book of Stabbing","floor":30,"turns":5},{"damage":20,"enemies":"Automaton","floor":33,"turns":14},{"damage":27,"enemies":"3 Darklings","floor":35,"turns":5},{"damage":10,"enemies":"Orb Walker","floor":38,"turns":4},{"damage":42,"enemies":"Giant Head","floor":41,"turns":13}],"seed_played":"-49044505521055876","potions_obtained":[{"floor":3,"key":"PowerPotion"},{"floor":3,"key":"Fire Potion"},{"floor":4,"key":"FairyPotion"},{"floor":6,"key":"Strength Potion"},{"floor":11,"key":"Regen Potion"},{"floor":18,"key":"Block Potion"},{"floor":33,"key":"SneckoOil"},{"floor":35,"key":"Explosive Potion"}],"is_trial":false,"path_per_floor":["M","?","?","M","?","E","?","M","T","R","M","M","$","M","R","B",null,"M","?","M","$","?","R","$","E","T","T","M","$","E","?","R","B",null,"M","?","?","M","?","R","E"],"character_chosen":"DEFECT","items_purchased":[],"campfire_rested":2,"item_purchase_floors":[],"current_hp_per_floor":[55,55,55,47,47,6,6,6,6,25,24,36,36,36,36,14,52,40,40,33,33,33,33,33,28,28,28,30,30,13,13,32,14,52,27,27,27,19,19,19,0,0],"gold":548,"neow_bonus":"TRANSFORM_TWO_CARDS","is_daily":false,"chose_seed":false,"campfire_upgraded":3,"win_rate":0.0,"timestamp":1611207373,"path_taken":["M","?","?","?","?","E","?","M","T","R","M","M","$","?","R","BOSS","M","?","?","$","?","R","$","E","T","?","?","?","E","?","R","BOSS","M","?","?","M","?","R","E"],"items_purchased_type":[],"build_version":"2020-12-22","purchased_purges":2,"victory":false,"max_hp_per_floor":[71,64,64,64,64,64,64,64,64,64,64,64,64,64,64,64,64,64,64,64,64,64,64,64,64,64,64,64,64,64,64,64,64,64,64,64,64,64,61,61,61,61],"card_choices":[{"not_picked":["Barrage","Hologram"],"picked":"Defragment","floor":1},{"not_picked":["Stack","Rebound"],"picked":"Go for the Eyes","floor":4},{"not_picked":["Tempest","Sweeping Beam"],"picked":"Coolheaded","floor":6},{"not_picked":["Skim","Consume"],"picked":"Conserve Battery","floor":8},{"not_picked":["Turbo","Rebound","Capacitor"],"picked":"SKIP","floor":11},{"not_picked":["Turbo","Rebound","Capacitor"],"picked":"SKIP","floor":11},{"not_picked":["Static Discharge","FTL"],"picked":"Capacitor","floor":12},{"not_picked":["Reboot","Beam Cell","Consume"],"picked":"SKIP","floor":14},{"not_picked":["Go for the Eyes","Aggregate"],"picked":"Cold Snap","floor":18},{"not_picked":["Hello World","Go for the Eyes","Turbo"],"picked":"SKIP","floor":20},{"not_picked":["Rebound","Creative AI"],"picked":"Melter","floor":25},{"not_picked":["BootSequence","Go for the Eyes"],"picked":"Streamline","floor":28},{"not_picked":["Lockon","Cold Snap","FTL"],"picked":"SKIP","floor":30},{"not_picked":["Multi-Cast","Machine Learning"],"picked":"Core Surge","floor":33},{"not_picked":["Streamline","Storm","Steam"],"picked":"SKIP","floor":35},{"not_picked":["Gash+1","Sweeping Beam","Storm"],"picked":"SKIP","floor":38}],"player_experience":1104905,"relics_obtained":[{"floor":6,"key":"Matryoshka"},{"floor":9,"key":"Bronze Scales"},{"floor":9,"key":"Mercury Hourglass"},{"floor":25,"key":"Blood Vial"},{"floor":26,"key":"CeramicFish"},{"floor":26,"key":"Thread and Needle"},{"floor":27,"key":"War Paint"},{"floor":30,"key":"Pen Nib"}],"event_choices":[{"damage_healed":0,"gold_gain":0,"player_choice":"Lose Max HP","damage_taken":0,"relics_obtained":["Golden Idol"],"max_hp_gain":0,"max_hp_loss":7,"event_name":"Golden Idol","floor":2,"gold_loss":0},{"damage_healed":0,"gold_gain":0,"player_choice":"Got Potions","damage_taken":0,"max_hp_gain":0,"max_hp_loss":0,"event_name":"Lab","floor":3,"gold_loss":0},{"cards_removed":["Strike_B"],"damage_healed":0,"gold_gain":0,"player_choice":"Forget","damage_taken":0,"max_hp_gain":0,"max_hp_loss":0,"event_name":"Living Wall","floor":5,"gold_loss":0},{"damage_healed":0,"gold_gain":0,"player_choice":"2 cards matched","damage_taken":0,"max_hp_gain":0,"max_hp_loss":0,"event_name":"Match and Keep!","floor":7,"gold_loss":0,"cards_obtained":["Hyperbeam","BootSequence"]},{"damage_healed":0,"gold_gain":0,"player_choice":"Rummage","damage_taken":0,"relics_obtained":["WarpedTongs"],"max_hp_gain":0,"max_hp_loss":0,"event_name":"Accursed Blacksmith","floor":19,"gold_loss":0,"cards_obtained":["Pain"]},{"damage_healed":0,"gold_gain":0,"player_choice":"Obtained Relic","damage_taken":0,"relics_obtained":["Pocketwatch"],"max_hp_gain":0,"max_hp_loss":0,"event_name":"Addict","floor":22,"gold_loss":85},{"cards_removed":["Zap"],"damage_healed":0,"gold_gain":0,"player_choice":"Gave Gold","damage_taken":0,"max_hp_gain":0,"max_hp_loss":0,"event_name":"Beggar","floor":31,"gold_loss":75},{"damage_healed":0,"gold_gain":333,"player_choice":"Gave Idol","damage_taken":0,"max_hp_gain":0,"max_hp_loss":0,"event_name":"The Moai Head","floor":36,"relics_lost":["Golden Idol"],"gold_loss":0},{"cards_removed":["Defend_B"],"damage_healed":0,"gold_gain":0,"player_choice":"Removed Skill","damage_taken":0,"max_hp_gain":0,"max_hp_loss":0,"event_name":"Falling","floor":37,"gold_loss":0},{"damage_healed":0,"gold_gain":0,"player_choice":"Max HP","damage_taken":0,"max_hp_gain":0,"max_hp_loss":3,"event_name":"Winding Halls","floor":39,"gold_loss":0}],"is_beta":false,"boss_relics":[{"not_picked":["Fusion Hammer","Busted Crown"],"picked":"SlaversCollar"},{"not_picked":["Astrolabe","Runic Dome"],"picked":"Inserter"}],"items_purged_floors":[13,21],"is_endless":false,"potions_floor_spawned":[4,6,11,18,20,25,33,35],"killed_by":"Giant Head","ascension_level":20}}