{"host":"wutzay93uet9pf9y","time":1611190164,"event":{"mods":["BaseMod","Colored Map","Downfall","Minty Spire (QoL Compilation)","StSLib"],"gold_per_floor":[99,119,119,137,153,182,182,82,36,49,64,74,74,524,543,646,646,646,646,661,24,124,134,134,198,211,211,261,274,274,286,299,299,299,299],"floor_reached":33,"language":"ENG","playtime":1569,"items_purged":["sneckomod:Strike"],"score":278,"play_id":"6ab65b5f-5872-4d03-834c-fed4a7b5a434","local_time":"20210120194924","is_ascension_mode":false,"campfire_choices":[{"floor":1,"key":"RECALL"},{"floor":8,"key":"REST"},{"floor":13,"key":"REST"},{"data":"sneckomod:MorePower","floor":18,"key":"SMITH"},{"floor":27,"key":"REST"},{"floor":30,"key":"REST"}],"circlet_count":0,"master_deck":["sneckomod:Strike","sneckomod:Defend","sneckomod:TailWhip","sneckomod:SnekBite","sneckomod:Unknown","sneckomod:Unknown","sneckomod:UnknownUncommonAttack","sneckomod:IronFang","sneckomod:UnknownCommonAttack","sneckomod:UnknownCommonAttack","sneckomod:UnendingSupply","sneckomod:CheapStock","sneckomod:DiceBlock","sneckomod:SnakeSap","sneckomod:UnknownUncommonSkill","downfall:Icky","downfall:Icky","downfall:Icky","sneckomod:UnknownUncommonPower","sneckomod:MorePower+1","sneckomod:UnknownClassRED+1","sneckomod:UnknownBlock+1","sneckomod:UnknownStrike+1","sneckomod:Unknown0Cost","sneckomod:RainOfDice","sneckomod:MasterEye","sneckomod:SlitherStrike","sneckomod:UnknownRareAttack","sneckomod:SnekBeam","sneckomod:UnknownVulnerable+1","sneckomod:SoulDraw","sneckomod:UnknownRareSkill+1","sneckomod:Unknown2Cost","sneckomod:UnknownRarePower+1","sneckomod:UnknownRarePower","sneckomod:UnknownRarePower+1","sneckomod:UnknownBlock","sneckomod:UnknownColorless+1","sneckomod:UnknownClassTHE_CHAMP_GRAY+1","sneckomod:Unknown3Cost+1","sneckomod:Unknown1Cost+1","sneckomod:Unknown1Cost+1"],"relics":["sneckomod:SneckoSoul","Ice Cream","Du-Vu Doll","The Courier","downfall:HeartBlessingRed","Empty Cage","HandDrill","Anchor","downfall:CloakOfManyFaces","CultistMask","FaceOfCleric","NlothsMask","GremlinMask","SsserpentHead","Bottled Tornado"],"acts_visited":["Exordium","TheCity"],"potions_floor_usage":[5,11,16,16,25,29,29,33],"damage_taken":[{"damage":2,"enemies":"2 Louse","floor":2,"turns":4},{"damage":1,"enemies":"Cultist","floor":4,"turns":3},{"damage":0,"enemies":"Small Slimes","floor":5,"turns":3},{"damage":23,"enemies":"Gremlin Nob","floor":6,"turns":4},{"damage":5,"enemies":"downfall:FleeingMerchant","floor":9,"turns":4},{"damage":22,"enemies":"2 Fungi Beasts","floor":10,"turns":4},{"damage":18,"enemies":"Lots of Slimes","floor":11,"turns":5},{"damage":15,"enemies":"Exordium Thugs","floor":12,"turns":4},{"damage":0,"enemies":"Blue Slaver","floor":15,"turns":2},{"damage":34,"enemies":"IC_STATUS_ARCHETYPE","floor":16,"turns":6},{"damage":64,"enemies":"3 Byrds","floor":20,"turns":10},{"damage":3,"enemies":"downfall:FleeingMerchant","floor":21,"turns":4},{"damage":14,"enemies":"downfall:FaceTrader","floor":22,"turns":5},{"damage":8,"enemies":"Spheric Guardian","floor":23,"turns":4},{"damage":19,"enemies":"Snecko","floor":25,"turns":4},{"damage":0,"enemies":"Chosen and Byrds","floor":26,"turns":4},{"damage":16,"enemies":"3 Cultists","floor":29,"turns":4},{"damage":29,"enemies":"Snake Plant","floor":31,"turns":4},{"damage":24,"enemies":"Shelled Parasite and Fungi","floor":32,"turns":4},{"damage":44,"enemies":"DF_ARCHETYPE_CLAW","floor":33,"turns":5}],"seed_played":"323734561319420547","potions_obtained":[{"floor":2,"key":"Fire Potion"},{"floor":5,"key":"FairyPotion"},{"floor":10,"key":"BlessingOfTheForge"},{"floor":11,"key":"GamblersBrew"},{"floor":15,"key":"SteroidPotion"},{"floor":23,"key":"Swift Potion"},{"floor":25,"key":"sneckomod:MuddlingPotion"},{"floor":26,"key":"Fire Potion"},{"floor":29,"key":"EssenceOfSteel"}],"is_trial":false,"path_per_floor":["R","M","?","M","M","E","T","R","$","M","M","M","R","?","M","B",null,"R","?","M","$","?","M","T","M","M","R","T","M","R","M","M","B"],"character_chosen":"THE_SNECKO","items_purchased":["sneckomod:CheapStock","sneckomod:RainOfDice","sneckomod:MasterEye","sneckomod:SlitherStrike","sneckomod:UnknownRareAttack","HandDrill","Anchor","sneckomod:SnekBeam"],"campfire_rested":4,"item_purchase_floors":[9,21,21,21,21,21,21,21],"current_hp_per_floor":[63,61,61,60,60,37,37,64,59,39,26,11,38,38,38,4,90,90,90,33,30,16,9,9,33,34,61,61,46,74,51,28,0,0,0],"gold":299,"neow_bonus":"ONE_RARE_RELIC","is_daily":false,"chose_seed":false,"campfire_upgraded":1,"win_rate":0.0,"timestamp":1611190164,"path_taken":["R","M","?","M","M","E","T","R","$","?","?","M","R","?","M","BOSS","R","?","M","$","?","M","T","?","M","R","?","M","R","M","M","BOSS"],"items_purchased_type":["Card","Card","Card","Card","Card","Relic","Relic","Card"],"build_version":"2020-12-22","purchased_purges":1,"victory":false,"max_hp_per_floor":[90,90,90,90,90,90,90,90,90,90,90,90,90,90,90,90,90,90,90,90,90,90,91,91,92,93,93,93,94,94,95,96,96,96,96],"card_choices":[{"not_picked":["sneckomod:UnknownWeak","sneckomod:SoulDraw"],"picked":"sneckomod:UnknownUncommonAttack","floor":2},{"not_picked":["sneckomod:SoulDraw","sneckomod:SnakeSap"],"picked":"sneckomod:IronFang","floor":4},{"not_picked":["sneckomod:SlitherStrike","sneckomod:SoulDraw"],"picked":"sneckomod:UnknownCommonAttack","floor":5},{"not_picked":["sneckomod:WideSting","sneckomod:Unknown1Cost"],"picked":"sneckomod:UnknownCommonAttack","floor":6},{"not_picked":["sneckomod:SoulDraw","sneckomod:SoulExchange"],"picked":"sneckomod:UnendingSupply","floor":9},{"not_picked":["sneckomod:SlitherStrike","sneckomod:UnknownBlock"],"picked":"sneckomod:DiceBlock","floor":10},{"not_picked":["sneckomod:SnekBeam","sneckomod:SoulRoll"],"picked":"sneckomod:SnakeSap","floor":11},{"not_picked":["sneckomod:DiceCrush","sneckomod:DiceBlock"],"picked":"sneckomod:UnknownUncommonSkill","floor":12},{"not_picked":["sneckomod:ImprovisedGuard","sneckomod:Unknown0Cost"],"picked":"sneckomod:UnknownUncommonPower","floor":15},{"not_picked":["sneckomod:UnknownRareSkill","sneckomod:SerpentMind"],"picked":"sneckomod:MorePower","floor":16},{"not_picked":["sneckomod:Unknown1Cost+1","sneckomod:UnknownDraw+1"],"picked":"sneckomod:UnknownClassRED+1","floor":20},{"not_picked":["sneckomod:Unknown1Cost","sneckomod:Nope"],"picked":"sneckomod:UnknownBlock+1","floor":20},{"not_picked":["sneckomod:Unknown2Cost+1","sneckomod:UnknownClassHEXA_GHOST_PURPLE+1"],"picked":"sneckomod:UnknownStrike+1","floor":21},{"not_picked":["sneckomod:UnknownCommonSkill","sneckomod:UnknownClassHEXA_GHOST_PURPLE+1"],"picked":"sneckomod:Unknown0Cost","floor":21},{"not_picked":["sneckomod:UnknownClassGREEN+1","sneckomod:UnknownUncommonAttack+1"],"picked":"sneckomod:UnknownVulnerable+1","floor":22},{"not_picked":["sneckomod:UnknownClassHEXA_GHOST_PURPLE+1","sneckomod:UnknownX+1"],"picked":"sneckomod:SoulDraw","floor":22},{"not_picked":["sneckomod:UnknownClassBLUE+1","sneckomod:UnknownColorless+1"],"picked":"sneckomod:UnknownRareSkill+1","floor":23},{"not_picked":["sneckomod:UnknownCommonAttack+1","sneckomod:RainOfDice"],"picked":"sneckomod:Unknown2Cost","floor":23},{"not_picked":["sneckomod:UnknownClassSLIMEBOUND+1","sneckomod:UnknownVulnerable+1"],"picked":"sneckomod:UnknownRarePower+1","floor":25},{"not_picked":["sneckomod:UnknownCommonSkill","sneckomod:UnknownClassTHE_CHAMP_GRAY"],"picked":"sneckomod:UnknownRarePower","floor":25},{"not_picked":["sneckomod:UnknownClassSLIMEBOUND+1","sneckomod:Unknown1Cost+1"],"picked":"sneckomod:UnknownRarePower+1","floor":26},{"not_picked":["sneckomod:IronFang","sneckomod:UnknownCommonAttack"],"picked":"sneckomod:UnknownBlock","floor":26},{"not_picked":["sneckomod:Unknown0Cost+1","sneckomod:UnknownBlock+1"],"picked":"sneckomod:UnknownColorless+1","floor":29},{"not_picked":["sneckomod:UnknownWeak","sneckomod:UnknownClassSLIMEBOUND"],"picked":"sneckomod:UnknownClassTHE_CHAMP_GRAY+1","floor":29},{"not_picked":["sneckomod:UnknownClassPURPLE+1","sneckomod:UnknownUncommonAttack+1"],"picked":"sneckomod:Unknown3Cost+1","floor":31},{"not_picked":["sneckomod:SoulDraw","sneckomod:RainOfDice"],"picked":"sneckomod:Unknown1Cost+1","floor":31},{"not_picked":["sneckomod:Unknown0Cost+1","sneckomod:UnknownBlock"],"picked":"sneckomod:Unknown1Cost+1","floor":32}],"player_experience":316956,"relics_obtained":[{"floor":6,"key":"Du-Vu Doll"},{"floor":7,"key":"The Courier"},{"floor":22,"key":"downfall:CloakOfManyFaces"},{"floor":28,"key":"Bottled Tornado"}],"event_choices":[{"cards_removed":["sneckomod:Defend"],"damage_healed":0,"gold_gain":0,"player_choice":"Offered Basic","damage_taken":0,"max_hp_gain":0,"max_hp_loss":0,"event_name":"Bonfire Elementals","floor":3,"gold_loss":0},{"damage_healed":0,"gold_gain":0,"player_choice":"Ignored","damage_taken":0,"max_hp_gain":0,"max_hp_loss":0,"event_name":"Vampires","floor":19,"gold_loss":0}],"is_beta":false,"boss_relics":[{"not_picked":["Pandora\u0027s Box","Coffee Dripper"],"picked":"Empty Cage"}],"items_purged_floors":[21],"is_endless":false,"potions_floor_spawned":[2,5,10,11,15,23,25,26,29],"killed_by":"DF_ARCHETYPE_CLAW","ascension_level":0}}