{"host":"r4aerl4ckfvw1dw3","time":1611273022,"event":{"mods":["BaseMod","BetterRewards","Minty Spire (QoL Compilation)","Quick Restart","StSLib"],"gold_per_floor":[127,155,21,36,52,52,127,127,127,145,145,156,183,183,183,282,282,302,313,313,313,313],"floor_reached":21,"language":"ENG","playtime":1106,"items_purged":[],"score":208,"play_id":"b8554a7f-62d0-4452-84cc-e57f06242daa","local_time":"20210121155022","is_ascension_mode":true,"campfire_choices":[{"data":"Flame Barrier","floor":6.0,"key":"SMITH"},{"floor":8.0,"key":"RECALL"},{"floor":15.0,"key":"REST"}],"circlet_count":0,"master_deck":["Strike_R+1","Strike_R","Strike_R","Strike_R","Strike_R","Defend_R","Defend_R","Defend_R","Defend_R","Bash","Body Slam+1","Seeing Red","Shrug It Off","Flame Barrier+1","Warcry","Clash","Barricade","Clash","Bloodletting"],"relics":["Burning Blood","MawBank","Whetstone","The Courier","Bottled Flame","SacredBark"],"acts_visited":["Exordium","TheCity"],"potions_floor_usage":[21,21],"damage_taken":[{"damage":8.0,"enemies":"Jaw Worm","floor":1.0,"turns":4.0},{"damage":12.0,"enemies":"Small Slimes","floor":2.0,"turns":3.0},{"damage":0.0,"enemies":"Cultist","floor":4.0,"turns":2.0},{"damage":1.0,"enemies":"2 Fungi Beasts","floor":5.0,"turns":3.0},{"damage":0.0,"enemies":"Large Slime","floor":10.0,"turns":6.0},{"damage":0.0,"enemies":"3 Louse","floor":12.0,"turns":4.0},{"damage":21.0,"enemies":"3 Sentries","floor":13.0,"turns":10.0},{"damage":13.0,"enemies":"Hexaghost","floor":16.0,"turns":7.0},{"damage":23.0,"enemies":"Spheric Guardian","floor":18.0,"turns":5.0},{"damage":31.0,"enemies":"Shell Parasite","floor":19.0,"turns":7.0},{"damage":49,"enemies":"Cultist and Chosen","floor":21,"turns":8}],"seed_played":"3229576833483731496","potions_obtained":[{"floor":4.0,"key":"Ancient Potion"},{"floor":12.0,"key":"Block Potion"},{"floor":13.0,"key":"Strength Potion"},{"floor":16.0,"key":"HeartOfIron"}],"is_trial":false,"path_per_floor":["M","M","$","M","M","R","?","R","T","M","?","M","E","?","R","B",null,"M","M","?","M"],"character_chosen":"IRONCLAD","items_purchased":["Whetstone"],"campfire_rested":1,"item_purchase_floors":[3],"current_hp_per_floor":[78,72,72,78,80,80,69,69,69,75,80,80,65,65,80,73,80,63,38,38,0,0],"gold":313,"neow_bonus":"RANDOM_COMMON_RELIC","is_daily":false,"chose_seed":false,"campfire_upgraded":1,"win_rate":0.0,"timestamp":1611273022,"path_taken":["M","M","$","M","M","R","?","R","T","M","?","?","E","?","R","BOSS","M","M","?","M"],"items_purchased_type":["Relic"],"build_version":"2020-12-22","purchased_purges":0,"victory":false,"max_hp_per_floor":[80,80,80,80,80,80,80,80,80,80,80,80,80,80,80,80,80,80,80,80,80,80],"card_choices":[{"not_picked":["Wild Strike","Shrug It Off"],"picked":"Body Slam","floor":1.0},{"not_picked":["Clothesline","Rampage"],"picked":"Seeing Red","floor":2.0},{"not_picked":["Clothesline","Evolve"],"picked":"Shrug It Off","floor":4.0},{"not_picked":["Second Wind","Havoc"],"picked":"Flame Barrier","floor":5.0},{"not_picked":["Body Slam","Perfected Strike"],"picked":"Thunderclap","floor":10.0},{"not_picked":["Wild Strike","Reckless Charge"],"picked":"Warcry","floor":12.0},{"not_picked":["Dark Embrace","Cleave"],"picked":"Clash","floor":13.0},{"not_picked":["Corruption","Brutality"],"picked":"Barricade","floor":16.0},{"not_picked":["Pommel Strike+1","True Grit"],"picked":"Clash","floor":18.0},{"not_picked":["Dual Wield","Iron Wave"],"picked":"Bloodletting","floor":19.0}],"player_experience":394126,"relics_obtained":[{"floor":9.0,"key":"The Courier"},{"floor":13.0,"key":"Bottled Flame"}],"event_choices":[{"damage_healed":0.0,"max_hp_gain":0.0,"max_hp_loss":0.0,"gold_gain":75.0,"event_name":"World of Goop","player_choice":"Gather Gold","floor":7.0,"gold_loss":0.0,"damage_taken":11.0},{"cards_removed":["Thunderclap"],"damage_healed":5.0,"max_hp_gain":0.0,"max_hp_loss":0.0,"gold_gain":0.0,"event_name":"Bonfire Elementals","player_choice":"Offered Common","floor":11.0,"gold_loss":0.0,"damage_taken":0.0},{"cards_removed":["Thunderclap"],"damage_healed":5.0,"max_hp_gain":0.0,"max_hp_loss":0.0,"gold_gain":0.0,"event_name":"Bonfire Elementals","player_choice":"Offered Special","floor":11.0,"gold_loss":0.0,"damage_taken":0.0},{"damage_healed":0.0,"max_hp_gain":0.0,"max_hp_loss":0.0,"gold_gain":0.0,"event_name":"Liars Game","player_choice":"Ignored","floor":14.0,"gold_loss":0.0,"damage_taken":0.0},{"damage_healed":0.0,"max_hp_gain":0.0,"max_hp_loss":0.0,"gold_gain":0.0,"event_name":"Ghosts","player_choice":"Ignored","floor":20.0,"gold_loss":0.0,"damage_taken":0.0}],"is_beta":false,"boss_relics":[{"not_picked":["Astrolabe","Velvet Choker"],"picked":"SacredBark"}],"items_purged_floors":[],"is_endless":false,"potions_floor_spawned":[4,12,13,16],"killed_by":"Cultist and Chosen","ascension_level":3}}