{"host":"ELF","time":1611259617,"event":{"mods":["BaseMod","Bestiary","Minty Spire (QoL Compilation)","Relic Stats","Slay the Relics Exporter"],"gold_per_floor":[124,147,167,196,218,218,183,183,209,253,253,253,262,304,313,416,416,449,197,247,318,336,336,376,376,376],"floor_reached":25,"language":"ENG","playtime":891,"items_purged":["Strike_B"],"score":454,"play_id":"6dff3203-cfd3-44e9-92cb-631365e2dbd2","local_time":"20210121140657","is_ascension_mode":true,"campfire_choices":[{"floor":6,"key":"REST"},{"floor":8,"key":"REST"},{"floor":13,"key":"REST"},{"floor":15,"key":"REST"},{"data":"Fission","floor":23,"key":"SMITH"}],"circlet_count":0,"master_deck":["AscendersBane","Strike_B","Strike_B","Strike_B","Defend_B","Defend_B","Defend_B","Defend_B","Zap+1","Dualcast+1","Coolheaded","Redo","Doom and Gloom","Echo Form","Auto Shields","Electrodynamics","Reinforced Body","Cold Snap","Static Discharge","Fission+1","Reinforced Body","Panache","Machine Learning","Coolheaded","Self Repair"],"relics":["Cracked Core","CeramicFish","Dream Catcher","Omamori","Golden Idol","Tiny Chest","Velvet Choker","Cables","Oddly Smooth Stone"],"acts_visited":["Exordium","TheCity"],"potions_floor_usage":[14],"damage_taken":[{"damage":2,"enemies":"Jaw Worm","floor":1,"turns":5},{"damage":5,"enemies":"Small Slimes","floor":2,"turns":3},{"damage":6,"enemies":"2 Louse","floor":3,"turns":4},{"damage":35,"enemies":"Exordium Thugs","floor":4,"turns":5},{"damage":14,"enemies":"Blue Slaver","floor":5,"turns":4},{"damage":16,"enemies":"Lagavulin","floor":10,"turns":8},{"damage":36,"enemies":"Gremlin Nob","floor":14,"turns":4},{"damage":8,"enemies":"Slime Boss","floor":16,"turns":7},{"damage":20,"enemies":"2 Thieves","floor":18,"turns":3},{"damage":34,"enemies":"Slavers","floor":24,"turns":4},{"damage":6,"enemies":"Spheric Guardian","floor":25,"turns":2}],"seed_played":"-6213961984334958571","potions_obtained":[{"floor":3,"key":"PowerPotion"},{"floor":4,"key":"Explosive Potion"},{"floor":10,"key":"Regen Potion"},{"floor":14,"key":"SpeedPotion"}],"is_trial":false,"path_per_floor":["M","M","M","M","M","R","?","R","T","E","?","?","R","E","R","B",null,"M","$","?","T","?","R","E","M"],"character_chosen":"DEFECT","items_purchased":["Panache"],"campfire_rested":4,"item_purchase_floors":[19],"current_hp_per_floor":[62,57,51,16,2,23,40,61,61,45,45,24,45,9,30,22,59,39,39,39,39,39,39,5,0,0],"gold":376,"neow_bonus":"RANDOM_COMMON_RELIC","is_daily":false,"chose_seed":false,"campfire_upgraded":1,"win_rate":0.0,"timestamp":1611259617,"path_taken":["M","M","M","M","M","R","?","R","T","E","?","?","R","E","R","BOSS","M","$","?","?","?","R","E","M"],"items_purchased_type":["Card"],"build_version":"2020-12-18","purchased_purges":1,"victory":false,"max_hp_per_floor":[71,71,71,71,71,71,71,71,71,71,71,71,71,71,71,71,71,71,71,71,71,71,71,71,71,71],"relic_stats":{"Dream Catcher":2,"counters":[11,49],"Golden Idol":37,"CeramicFish":135,"Tiny Chest":0,"obtain_stats":[{"Dream Catcher":9,"Golden Idol":11,"CeramicFish":0,"Velvet Choker":17,"Oddly Smooth Stone":24,"Tiny Chest":14,"Omamori":10,"Cracked Core":0,"Cables":21},{"Dream Catcher":5,"Golden Idol":6,"CeramicFish":0,"Velvet Choker":8,"Oddly Smooth Stone":10,"Tiny Chest":7,"Omamori":6,"Cracked Core":0,"Cables":9},{"Dream Catcher":21,"Golden Idol":29,"CeramicFish":0,"Velvet Choker":40,"Oddly Smooth Stone":47,"Tiny Chest":33,"Omamori":29,"Cracked Core":0,"Cables":43}],"Cables":[3,1,2,0,0]},"card_choices":[{"not_picked":["Steam Power","Force Field"],"picked":"Coolheaded","floor":1},{"not_picked":["Double Energy","Go for the Eyes"],"picked":"Redo","floor":2},{"not_picked":["Redo","Beam Cell"],"picked":"Doom and Gloom","floor":3},{"not_picked":["Doom and Gloom","Stack"],"picked":"Echo Form","floor":4},{"not_picked":["Rip and Tear","Barrage"],"picked":"Auto Shields","floor":5},{"not_picked":["Storm","Defragment"],"picked":"Electrodynamics","floor":10},{"not_picked":["Heatsinks","White Noise"],"picked":"Reinforced Body","floor":13},{"not_picked":["Turbo","Amplify"],"picked":"Cold Snap","floor":14},{"not_picked":["Steam","Leap"],"picked":"Static Discharge","floor":15},{"not_picked":["Amplify","Core Surge"],"picked":"Fission","floor":16},{"not_picked":["Streamline","Reprogram"],"picked":"Reinforced Body","floor":18},{"not_picked":["All For One","Static Discharge"],"picked":"Self Repair","floor":24}],"player_experience":3264541,"relics_obtained":[{"floor":9,"key":"Dream Catcher"},{"floor":10,"key":"Omamori"},{"floor":14,"key":"Tiny Chest"},{"floor":21,"key":"Cables"},{"floor":24,"key":"Oddly Smooth Stone"}],"event_choices":[{"damage_healed":17,"gold_gain":0,"player_choice":"Healed","damage_taken":0,"max_hp_gain":0,"max_hp_loss":0,"event_name":"The Cleric","floor":7,"gold_loss":35},{"damage_healed":0,"gold_gain":0,"player_choice":"Take Wound","damage_taken":0,"relics_obtained":["Golden Idol"],"max_hp_gain":0,"max_hp_loss":0,"event_name":"Golden Idol","floor":11,"gold_loss":0,"cards_obtained":["Injury"]},{"damage_healed":0,"gold_gain":0,"player_choice":"Entered Light","damage_taken":21,"max_hp_gain":0,"max_hp_loss":0,"event_name":"Shining Light","floor":12,"gold_loss":0,"cards_upgraded":["Zap","Dualcast"]},{"damage_healed":0,"gold_gain":50,"player_choice":"Stole From Cult","damage_taken":0,"max_hp_gain":0,"max_hp_loss":0,"event_name":"Nest","floor":20,"gold_loss":0},{"damage_healed":0,"gold_gain":0,"player_choice":"2 cards matched","damage_taken":0,"max_hp_gain":0,"max_hp_loss":0,"event_name":"Match and Keep!","floor":22,"gold_loss":0,"cards_obtained":["Machine Learning","Coolheaded"]}],"is_beta":true,"boss_relics":[{"not_picked":["Cursed Key","Fusion Hammer"],"picked":"Velvet Choker"}],"items_purged_floors":[19],"is_endless":false,"potions_floor_spawned":[3,4,10,14],"killed_by":"Spheric Guardian","ascension_level":20}}