{"host":"uyrebrj0204enqpc","time":1611269190,"event":{"mods":["Act Like it!","Bard","BaseMod","Block Reminder","Challenge The Spire","Colored Map","Colored Powertips","DeckTracker","Downfall","GifTheSpireLib","HexUI Lib","Highlight Path","Hubris","Infinite Spire","Minty Spire (QoL Compilation)","Pale of the Ancients","Quick Restart","Random Character Button","Relic Sorter","Relic Stats","Shop Mod","StSLib","The Blue Laboratory","The Bug Knight","The Cursed","The Jungle","The Marked","Wandering Minibosses"],"gold_per_floor":[117,42,42,42,42,67,80,93,93,105,133,150,150,183,183,281,281,297,317,330,230,230,263,276,276,276,276,376,376,403,413,413,514,514,524,579,579,579,579,579,625,640,640,139,152,183,198,208,208,312,312,312,312,312],"floor_reached":53,"language":"ENG","playtime":4652,"items_purged":["theMarked:Defend","theMarked:Strike","theMarked:Strike","theMarked:Strike"],"score":1118,"play_id":"d3572ad1-447b-4d49-a1de-53f8d57465bd","local_time":"20210121174630","is_ascension_mode":true,"campfire_choices":[{"data":"infinitespire:Starlight","floor":13.0,"key":"SMITH"},{"floor":15.0,"key":"REST"},{"floor":25.0,"key":"REST"},{"floor":29.0,"key":"DIG"},{"data":"1","floor":32.0,"key":"LIFT"},{"floor":40,"key":"DIG"},{"data":"2","floor":49,"key":"LIFT"}],"circlet_count":0,"master_deck":["theMarked:Defend","theMarked:Defend","theMarked:Defend","theMarked:SoldierOfQuellstein+1","theMarked:Electrocute","infinitespire:Starlight+1","theMarked:ElementalBlade","theMarked:TakeCover+1","theMarked:EmpowerWeapon+1","theMarked:Levitate+1","Ghostly+1","Ghostly+1","Ghostly+1","Ghostly+1","Ghostly+1","theMarked:StartUp+1","theMarked:ReduceFriction+1","theMarked:EmpowerWeapon+1","theMarked:AttractMetal+1","theMarked:HeightenedSenses+1","theMarked:Standoff+1","theMarked:Standoff+1","theMarked:AttractMetal+1","theMarked:EmpowerWeapon+1"],"relics":["theMarked:BronzeBlade","hubris:Icosahedron","hubris:64BitClover","infinitespire:BottledMercury","Toxic Egg 2","Shovel","hubris:VirtuousBlindfold","Guardian:PocketSentry","hubris:Zylophone","Girya","Darkstone Periapt","theMarked:Gun","Eternal Feather","Singing Bowl","Toolbox","theMarked:KettuFlask","Nunchaku","wanderingMiniBosses:CarrionFlame","The Courier","Mummified Hand","Medical Kit","MerchantsRug","Prayer Wheel","Art of War","hubris:MysteriousPyramids","SacredBark","paleoftheancients:Timepiece","paleoftheancients:KeyRelic"],"acts_visited":["Exordium","TheCity","TheBeyond","TheBeyond"],"potions_floor_usage":[46,46,52],"damage_taken":[{"damage":8.0,"enemies":"2 Louse","floor":1.0,"turns":2.0},{"damage":40.0,"enemies":"3 Sentries","floor":6.0,"turns":9.0},{"damage":3.0,"enemies":"Small Slimes","floor":7.0,"turns":2.0},{"damage":1.0,"enemies":"Jaw Worm","floor":8.0,"turns":3.0},{"damage":1.0,"enemies":"3 Louse","floor":10.0,"turns":3.0},{"damage":40.0,"enemies":"Lagavulin","floor":11.0,"turns":7.0},{"damage":38.0,"enemies":"Gremlin Gang","floor":12.0,"turns":6.0},{"damage":20.0,"enemies":"Gremlin Nob","floor":14.0,"turns":5.0},{"damage":19.0,"enemies":"The Guardian","floor":16.0,"turns":10.0},{"damage":11.0,"enemies":"2 Thieves","floor":18.0,"turns":4.0},{"damage":14.0,"enemies":"Spheric Guardian","floor":19.0,"turns":4.0},{"damage":40.0,"enemies":"Snecko","floor":20.0,"turns":7.0},{"damage":23.0,"enemies":"Nightmare","floor":23.0,"turns":9.0},{"damage":0.0,"enemies":"Snake Plant","floor":24.0,"turns":4.0},{"damage":0.0,"enemies":"Colosseum Slavers","floor":28.0,"turns":6.0},{"damage":2.0,"enemies":"Colosseum Nobs","floor":28.0,"turns":5.0},{"damage":14.0,"enemies":"Slavers","floor":30.0,"turns":8.0},{"damage":2.0,"enemies":"Shelled Parasite and Fungi","floor":31.0,"turns":6.0},{"damage":24.0,"enemies":"Automaton","floor":33.0,"turns":10.0},{"damage":1,"enemies":"3 Shapes","floor":35,"turns":4},{"damage":5,"enemies":"2 Orb Walkers","floor":36,"turns":6},{"damage":6,"enemies":"Reptomancer","floor":41,"turns":9},{"damage":1,"enemies":"3 Darklings","floor":42,"turns":6},{"damage":0,"enemies":"Jaw Worm Horde","floor":45,"turns":4},{"damage":44,"enemies":"Giant Head","floor":46,"turns":8},{"damage":1,"enemies":"Transient","floor":47,"turns":5},{"damage":1,"enemies":"3 Darklings","floor":48,"turns":4},{"damage":50,"enemies":"Donu and Deca","floor":50,"turns":9},{"damage":84,"enemies":"Donu and Deca","floor":52,"turns":8},{"damage":123,"enemies":"Donu and Deca","floor":53,"turns":12}],"seed_played":"-7433345300615631555","potions_obtained":[{"floor":6.0,"key":"blueLaboratory:NullPotion"},{"floor":8.0,"key":"blueLaboratory:RememoryPotion"},{"floor":14.0,"key":"blueLaboratory:PyrophylliteBrew"},{"floor":20.0,"key":"Ancient Potion"},{"floor":30.0,"key":"FearPotion"},{"floor":33.0,"key":"Dexterity Potion"},{"floor":36,"key":"FearPotion"},{"floor":46,"key":"blueLaboratory:PhilterOfMotion"},{"floor":50,"key":"hexamod:SoulburnPotion"}],"is_trial":false,"path_per_floor":["M","$","?","?","?","E","M","M","T","M","E","M","R","E","R","B",null,"M","M","M","$","?","NM","M","R","T","?","?","R","E","M","R","B",null,"M","?","?","AVR","?","R","E","M","T","$","M","E","M","M","R","B",null,"M","M"],"character_chosen":"THE_DEFAULT","items_purchased":["Mummified Hand","Medical Kit","MerchantsRug","Prayer Wheel"],"campfire_rested":2,"item_purchase_floors":[44,44,44,44],"current_hp_per_floor":[51,51,39,17,17,22,19,28,28,37,7,24,24,4,29,25,69,58,44,19,19,19,11,26,38,38,38,40,40,26,24,36,12,35,34,43,43,43,43,55,51,58,58,58,62,18,51,52,64,61,71,73,0,0],"gold":312,"neow_bonus":"TWENTY_PERCENT_HP_BONUS","is_daily":false,"chose_seed":false,"campfire_upgraded":1,"win_rate":0.0,"timestamp":1611269190,"path_taken":["M","$","?","?","?","E","M","M","T","M","E","M","R","E","R","BOSS","M","M","M","$","?","NM","M","R","T","?","?","R","E","M","R","BOSS","M","?","?","AVR","?","R","E","M","T","$","M","E","M","?","R","BOSS","M","M"],"items_purchased_type":["Relic","Relic","Relic","Relic"],"build_version":"2020-12-22","purchased_purges":4,"victory":false,"max_hp_per_floor":[84,84,84,84,84,84,84,84,84,84,84,84,84,84,84,84,84,84,84,84,84,42,42,42,42,42,42,42,42,42,42,42,42,42,42,56,56,56,56,56,58,58,58,58,62,62,66,68,68,70,73,73,73,73],"relic_stats":{"Darkstone Periapt":0,"Nunchaku":[7],"Shovel":2,"Singing Bowl":14,"counters":[30,184],"Mummified Hand":[13],"Eternal Feather":36,"Prayer Wheel":3,"Art of War":[7],"Medical Kit":[0],"obtain_stats":[{"Darkstone Periapt":28,"infinitespire:BottledMercury":6,"Singing Bowl":38,"SacredBark":51,"hubris:VirtuousBlindfold":17,"Mango":36,"hubris:MysteriousPyramids":46,"theMarked:KettuFlask":40,"Lizard Tail":11,"Nunchaku":41,"hubris:Icosahedron":5,"Shovel":14,"hubris:Backtick":38,"Mummified Hand":44,"Toolbox":38,"Prayer Wheel":44,"theMarked:BronzeBlade":34,"Toxic Egg 2":9,"Girya":28,"MerchantsRug":44,"paleoftheancients:KeyRelic":51,"theMarked:Gun":29,"hubris:64BitClover":3,"Eternal Feather":30,"The Courier":43,"Guardian:PocketSentry":23,"Medical Kit":44,"hubris:Zylophone":26,"paleoftheancients:Timepiece":51,"theMarked:ArtifactOfAir":0,"wanderingMiniBosses:CarrionFlame":42,"Art of War":45,"StrikeDummy":19},{"Darkstone Periapt":16,"infinitespire:BottledMercury":2,"Singing Bowl":21,"SacredBark":28,"hubris:VirtuousBlindfold":9,"Mango":21,"hubris:MysteriousPyramids":25,"theMarked:KettuFlask":21,"Lizard Tail":6,"Nunchaku":22,"hubris:Icosahedron":1,"Shovel":8,"hubris:Backtick":21,"Mummified Hand":23,"Toolbox":21,"Prayer Wheel":23,"theMarked:BronzeBlade":19,"Toxic Egg 2":4,"Girya":16,"MerchantsRug":23,"paleoftheancients:KeyRelic":28,"theMarked:Gun":16,"hubris:64BitClover":1,"Eternal Feather":17,"The Courier":23,"Guardian:PocketSentry":13,"Medical Kit":23,"hubris:Zylophone":14,"paleoftheancients:Timepiece":28,"theMarked:ArtifactOfAir":0,"wanderingMiniBosses:CarrionFlame":23,"Art of War":24,"StrikeDummy":11},{"Darkstone Periapt":86,"infinitespire:BottledMercury":11,"Singing Bowl":120,"SacredBark":164,"hubris:VirtuousBlindfold":47,"Mango":120,"hubris:MysteriousPyramids":146,"theMarked:KettuFlask":120,"Lizard Tail":26,"Nunchaku":129,"hubris:Icosahedron":2,"Shovel":37,"hubris:Backtick":120,"Mummified Hand":134,"Toolbox":120,"Prayer Wheel":134,"theMarked:BronzeBlade":110,"Toxic Egg 2":16,"Girya":86,"MerchantsRug":134,"paleoftheancients:KeyRelic":164,"theMarked:Gun":86,"hubris:64BitClover":2,"Eternal Feather":94,"The Courier":134,"Guardian:PocketSentry":71,"Medical Kit":134,"hubris:Zylophone":75,"paleoftheancients:Timepiece":164,"theMarked:ArtifactOfAir":0,"wanderingMiniBosses:CarrionFlame":134,"Art of War":138,"StrikeDummy":55}]},"card_choices":[{"not_picked":["theMarked:Indomitable","theMarked:WastefulDefense"],"picked":"theMarked:Electrocute","floor":1.0},{"not_picked":["infinitespire:UltimateForm","infinitespire:TheBestDefense"],"picked":"infinitespire:Starlight","floor":4.0},{"not_picked":["theMarked:SwordAndMagic","theMarked:WardOff"],"picked":"theMarked:ElementalBlade","floor":6.0},{"not_picked":["theMarked:DeterminationOfTheMarked","theMarked:Seal","theMarked:GodGivenPower"],"picked":"SKIP","floor":7.0},{"not_picked":["theMarked:SwordAndMagic","theMarked:Generate","theMarked:KeepCalmAndFightOn"],"picked":"SKIP","floor":8.0},{"not_picked":["theMarked:StartUp","theMarked:Frustration"],"picked":"theMarked:TakeCover+1","floor":10.0},{"not_picked":["theMarked:Aftermath+1","theMarked:Static+1","theMarked:ResourceFulStrike"],"picked":"SKIP","floor":11.0},{"not_picked":["theMarked:RepellingDischarge+1","theMarked:ElectricStrings","theMarked:Aftermath+1"],"picked":"SKIP","floor":12.0},{"not_picked":["theMarked:ChainLightning","theMarked:Standoff"],"picked":"theMarked:EmpowerWeapon+1","floor":14.0},{"not_picked":["theMarked:Vacuum","theMarked:DispelDoubt"],"picked":"theMarked:Levitate+1","floor":16.0},{"not_picked":["theMarked:ContemptForTheProud","theMarked:TwofoldDefense+1","theMarked:SwordAndMagic+1"],"picked":"SKIP","floor":18.0},{"not_picked":["theMarked:Overcharge+1","theMarked:Generate+1","theMarked:Panic+1"],"picked":"SKIP","floor":19.0},{"not_picked":["theMarked:ComboAttacks","theMarked:BanishingStrike","theMarked:Aftermath+1"],"picked":"SKIP","floor":20.0},{"not_picked":["theMarked:Improvise+1","theMarked:CreepingChasm+1","theMarked:ElectricStrings"],"picked":"SKIP","floor":23.0},{"not_picked":["theMarked:PowerFlow+1","theMarked:BanishingStrike+1","theMarked:ResourceFulStrike"],"picked":"SKIP","floor":24.0},{"not_picked":["theMarked:ChainLightning+1","theMarked:Frustration"],"picked":"theMarked:EmpowerWeapon+1","floor":28.0},{"not_picked":["theMarked:Electrocute","theMarked:Abjuration"],"picked":"theMarked:AttractMetal+1","floor":30.0},{"not_picked":["theMarked:TunnelVision","theMarked:Seal+1","theMarked:ShockingTouch"],"picked":"SKIP","floor":31.0},{"not_picked":["theMarked:Polarize+1","theMarked:WardOff+1"],"picked":"theMarked:HeightenedSenses+1","floor":35},{"not_picked":["theMarked:RepellingDischarge+1","theMarked:SwordAndMagic+1"],"picked":"theMarked:Standoff+1","floor":36},{"not_picked":["theMarked:SwordAndMagic","theMarked:WastefulAttack","theMarked:DispelDoubt"],"picked":"Singing Bowl","floor":41},{"not_picked":["theMarked:SwordAndMagic+1","theMarked:Frustration+1"],"picked":"theMarked:Standoff+1","floor":42},{"not_picked":["theMarked:TwofoldDefense+1","theMarked:Static+1","theMarked:KeepCalmAndFightOn+1"],"picked":"Singing Bowl","floor":45},{"not_picked":["theMarked:Electrocute","theMarked:Frustration","theMarked:ChainLightning"],"picked":"Singing Bowl","floor":45},{"not_picked":["theMarked:ElectricStrings","theMarked:RepellingDischarge+1"],"picked":"theMarked:AttractMetal+1","floor":46},{"not_picked":["theMarked:SwordAndMagic+1","theMarked:Static+1","theMarked:Parkour+1"],"picked":"Singing Bowl","floor":47},{"not_picked":["theMarked:Parkour","theMarked:Electrocute+1","theMarked:HeightenedSenses+1"],"picked":"Singing Bowl","floor":47},{"not_picked":["theMarked:SwordAndMagic+1","theMarked:Reabsorb+1"],"picked":"theMarked:EmpowerWeapon+1","floor":48},{"not_picked":["theMarked:TunnelVision","theMarked:SelfDefenseTraining","theMarked:Standoff"],"picked":"Singing Bowl","floor":48},{"not_picked":["theMarked:FavorableWinds+1","theMarked:SuspiciousRaven+1","theMarked:Snap"],"picked":"Singing Bowl","floor":50}],"player_experience":1094734,"relics_obtained":[{"floor":6.0,"key":"infinitespire:BottledMercury"},{"floor":9.0,"key":"Toxic Egg 2"},{"floor":11.0,"key":"Lizard Tail"},{"floor":14.0,"key":"Shovel"},{"floor":19.0,"key":"StrikeDummy"},{"floor":23.0,"key":"Guardian:PocketSentry"},{"floor":26.0,"key":"hubris:Zylophone"},{"floor":28.0,"key":"Girya"},{"floor":28.0,"key":"Darkstone Periapt"},{"floor":29.0,"key":"theMarked:Gun"},{"floor":30.0,"key":"Eternal Feather"},{"floor":36,"key":"Mango"},{"floor":40,"key":"theMarked:KettuFlask"},{"floor":41,"key":"Nunchaku"},{"floor":42,"key":"wanderingMiniBosses:CarrionFlame"},{"floor":43,"key":"The Courier"},{"floor":45,"key":"Art of War"},{"floor":46,"key":"hubris:MysteriousPyramids"}],"event_choices":[{"damage_healed":0.0,"max_hp_gain":0.0,"max_hp_loss":0.0,"gold_gain":0.0,"event_name":"Scrap Ooze","player_choice":"Success","floor":3.0,"gold_loss":0.0,"damage_taken":12.0,"relics_obtained":["hubris:64BitClover"]},{"damage_healed":0.0,"max_hp_gain":0.0,"max_hp_loss":42.0,"gold_gain":0.0,"event_name":"Ghosts","player_choice":"Became a Ghost","floor":22.0,"gold_loss":0.0,"damage_taken":0.0,"cards_obtained":["Ghostly","Ghostly","Ghostly","Ghostly","Ghostly"]},{"damage_healed":0.0,"max_hp_gain":0.0,"max_hp_loss":0.0,"gold_gain":0.0,"cards_transformed":["theMarked:Strike","theMarked:Strike"],"event_name":"Drug Dealer","player_choice":"Became Test Subject","floor":27.0,"gold_loss":0.0,"damage_taken":0.0,"cards_obtained":["theMarked:StartUp","theMarked:ReduceFriction"]},{"damage_healed":0.0,"max_hp_gain":0.0,"max_hp_loss":0.0,"gold_gain":0.0,"event_name":"Colosseum","player_choice":"Fight","floor":28.0,"gold_loss":0.0,"damage_taken":0.0},{"damage_healed":0.0,"max_hp_gain":0.0,"max_hp_loss":0.0,"gold_gain":0.0,"event_name":"Colosseum","player_choice":"Fought Nobs","floor":28.0,"gold_loss":0.0,"damage_taken":0.0},{"damage_healed":0,"gold_gain":0,"player_choice":"Fight","damage_taken":0,"max_hp_gain":0,"max_hp_loss":0,"event_name":"Mysterious Sphere","floor":36,"gold_loss":0},{"damage_healed":0,"gold_gain":0,"player_choice":"Upgraded","damage_taken":0,"max_hp_gain":0,"max_hp_loss":0,"event_name":"Upgrade Shrine","floor":39,"gold_loss":0,"cards_upgraded":["theMarked:StartUp"]}],"is_beta":false,"boss_relics":[{"not_picked":["Runic Dome","Ectoplasm"],"picked":"hubris:VirtuousBlindfold"},{"not_picked":["Runic Pyramid","hubris:Stopwatch"],"picked":"theMarked:BronzeBlade"},{"not_picked":["Snecko Eye","Tiny House"],"picked":"SacredBark"}],"items_purged_floors":[2,21,38,44],"is_endless":true,"potions_floor_spawned":[6,8,14,16,20,23,30,33,36,42,46,50],"killed_by":"Donu and Deca","ascension_level":6}}