{"host":"p89so9zptozcr3ai","time":1611248472,"event":{"mods":["AchievementEnabler","BaseMod","Beaked The Cultist","Better Third Choice","Block Reminder","Colored Map","Hermit","Jorbs\u0027s Wanderer Trilogy","Minty Spire (QoL Compilation)","Relic Stats","Shade Mod","Somnambulant","StSLib","The Bladedancer","The Cursed","The Death Knight","The Gatherer","The Hierophant","The Sage","Trackpad","vexMod"],"gold_per_floor":[115,115,128,46,63,238,255,272,322,322,322,322,349,360,360,460,460,400,400,7,7,18,117,117,146,146,68,81,93,93,93,93,195,195,195],"floor_reached":34,"language":"ENG","playtime":2779,"items_purged":["TheCursedMod:Strike_TheCursed"],"score":368,"play_id":"e8506a4a-5a79-4959-a829-899f502dcac4","local_time":"20210121120112","is_ascension_mode":false,"campfire_choices":[{"data":"TheCursedMod:CleanUpWorkshop","floor":10,"key":"SMITH"},{"floor":15,"key":"REST"},{"data":"TheCursedMod:Neurasthenia","floor":24,"key":"SMITH"},{"floor":32,"key":"REST"}],"circlet_count":0,"master_deck":["TheCursedMod:Strike_TheCursed","TheCursedMod:Strike_TheCursed","TheCursedMod:Defend_TheCursed+1","TheCursedMod:Defend_TheCursed+1","TheCursedMod:Defend_TheCursed","TheCursedMod:CursedWand","TheCursedMod:CleanUpWorkshop+1","TheCursedMod:Dregs","TheCursedMod:CursedArmor","TheCursedMod:HellfireBreathing","Doubt","TheCursedMod:CursedBlade","TheCursedMod:CircleOfFlame","TheCursedMod:Grudge","TheCursedMod:Neurasthenia+1","TheCursedMod:LuckyCharm","Decay","TheCursedMod:ShockAndAwe","TheCursedMod:HellsGateOpen","TheCursedMod:VoidForm"],"relics":["TheCursedMod:BlackMagic101","Art of War","DeathKnight:SindragosasSkull","SacredBark","War Paint","Nilry\u0027s Codex","Juzu Bracelet","Blue Candle","Cursed Key"],"acts_visited":["Exordium","TheCity","TheBeyond"],"potions_floor_usage":[13,16,25,33],"damage_taken":[{"damage":10,"enemies":"Jaw Worm","floor":1,"turns":4},{"damage":0,"enemies":"Cultist","floor":3,"turns":4},{"damage":3,"enemies":"2 Louse","floor":5,"turns":3},{"damage":2,"enemies":"2 Fungi Beasts","floor":7,"turns":4},{"damage":7,"enemies":"Red Slaver","floor":8,"turns":4},{"damage":8,"enemies":"Lagavulin","floor":13,"turns":7},{"damage":6,"enemies":"Exordium Thugs","floor":14,"turns":6},{"damage":36,"enemies":"The Guardian","floor":16,"turns":8},{"damage":4,"enemies":"2 Thieves","floor":18,"turns":4},{"damage":7,"enemies":"Spheric Guardian","floor":22,"turns":4},{"damage":44,"enemies":"Slavers","floor":25,"turns":8},{"damage":13,"enemies":"Shelled Parasite and Fungi","floor":28,"turns":5},{"damage":12,"enemies":"3 Cultists","floor":29,"turns":6},{"damage":22,"enemies":"Champ","floor":33,"turns":9}],"seed_played":"-6923382358140860628","potions_obtained":[{"floor":1,"key":"PowerPotion"},{"floor":5,"key":"Regen Potion"},{"floor":7,"key":"Dexterity Potion"},{"floor":8,"key":"AttackPotion"},{"floor":16,"key":"Explosive Potion"},{"floor":28,"key":"TheCursedMod:DregsPotion"},{"floor":29,"key":"Strength Potion"},{"floor":33,"key":"FearPotion"}],"is_trial":false,"path_per_floor":["M","?","M","$","M","?","M","M","T","R","?","?","E","M","R","B",null,"M","?","$","?","M","?","R","E","T","$","M","M","?","?","R","B",null],"character_chosen":"THE_CURSED","items_purchased":["TheCursedMod:HellfireBreathing","War Paint","TheCursedMod:ShockAndAwe","TheCursedMod:VoidForm"],"campfire_rested":2,"item_purchase_floors":[4,20,20,27],"current_hp_per_floor":[72,72,72,72,69,69,67,60,60,60,60,60,52,46,70,34,82,78,78,78,62,55,55,55,60,60,60,47,35,76,76,76,54,76,76],"gold":195,"neow_bonus":"TEN_PERCENT_HP_BONUS","is_daily":false,"chose_seed":false,"campfire_upgraded":2,"win_rate":0.0,"timestamp":1611248472,"path_taken":["M","?","M","$","?","?","M","M","T","R","?","?","E","M","R","BOSS","M","?","?","?","M","?","R","E","T","$","M","M","?","?","R","BOSS"],"items_purchased_type":["Card","Relic","Card","Card"],"build_version":"2020-12-22","purchased_purges":1,"victory":false,"max_hp_per_floor":[82,82,82,82,82,82,82,82,82,82,82,82,82,82,82,82,82,82,82,82,82,82,82,82,82,82,82,82,82,76,76,76,76,76,76],"relic_stats":{"counters":[14,73],"Blue Candle":[0],"Art of War":[12],"Juzu Bracelet":1,"War Paint":["TheCursedMod:Defend_TheCursed","TheCursedMod:Defend_TheCursed"],"Cursed Key":0,"obtain_stats":[{"TheCursedMod:BlackMagic101":0,"Nilry\u0027s Codex":21,"SacredBark":17,"Blue Candle":26,"Art of War":9,"Juzu Bracelet":25,"War Paint":20,"Cursed Key":34,"DeathKnight:SindragosasSkull":13},{"TheCursedMod:BlackMagic101":0,"Nilry\u0027s Codex":9,"SacredBark":8,"Blue Candle":11,"Art of War":5,"Juzu Bracelet":11,"War Paint":9,"Cursed Key":14,"DeathKnight:SindragosasSkull":6},{"TheCursedMod:BlackMagic101":0,"Nilry\u0027s Codex":41,"SacredBark":37,"Blue Candle":53,"Art of War":18,"Juzu Bracelet":53,"War Paint":41,"Cursed Key":73,"DeathKnight:SindragosasSkull":24}]},"card_choices":[{"not_picked":["TheCursedMod:CursedArmor","TheCursedMod:SpitefulStrike","TheCursedMod:FleshFromBone"],"picked":"SKIP","floor":1},{"not_picked":["TheCursedMod:SpitefulStrike","TheCursedMod:FleshFromBone"],"picked":"TheCursedMod:CursedArmor","floor":1},{"not_picked":["TheCursedMod:TacticalStrike","TheCursedMod:TroublousMinions","TheCursedMod:Obscuration"],"picked":"SKIP","floor":3},{"not_picked":["TheCursedMod:TacticalStrike","TheCursedMod:SpreadPlague","TheCursedMod:SpitefulStrike"],"picked":"SKIP","floor":5},{"not_picked":["TheCursedMod:Stigma","TheCursedMod:CircleOfFlame","TheCursedMod:TacticalStrike"],"picked":"SKIP","floor":7},{"not_picked":["TheCursedMod:SpitefulStrike","TheCursedMod:Obscuration"],"picked":"TheCursedMod:CursedBlade","floor":8},{"not_picked":["TheCursedMod:CursedAmulet","TheCursedMod:ReleasedKnowledge"],"picked":"TheCursedMod:Grudge","floor":13},{"not_picked":["TheCursedMod:OutForBlood","TheCursedMod:CircleOfCorruption","TheCursedMod:TacticalStrike"],"picked":"SKIP","floor":14},{"not_picked":["TheCursedMod:StunningStrike","TheCursedMod:UltimatePain"],"picked":"TheCursedMod:Neurasthenia","floor":16},{"not_picked":["TheCursedMod:RavingStaff","TheCursedMod:Stretching"],"picked":"TheCursedMod:LuckyCharm","floor":18},{"not_picked":["TheCursedMod:CursedShiv","TheCursedMod:CursedMace+1"],"picked":"TheCursedMod:HellsGateOpen","floor":22},{"not_picked":["TheCursedMod:Stretching","TheCursedMod:TroublousMinions","TheCursedMod:SpreadPlague"],"picked":"SKIP","floor":25},{"not_picked":["TheCursedMod:CircleOfAmplification+1","TheCursedMod:CursedMace+1","TheCursedMod:CircleOfFlame+1"],"picked":"SKIP","floor":28},{"not_picked":["TheCursedMod:ReleasedKnowledge","TheCursedMod:VitalStrike+1","TheCursedMod:Stigma"],"picked":"SKIP","floor":29}],"player_experience":224642,"relics_obtained":[{"floor":9,"key":"Art of War"},{"floor":13,"key":"DeathKnight:SindragosasSkull"},{"floor":21,"key":"Nilry\u0027s Codex"},{"floor":25,"key":"Juzu Bracelet"},{"floor":26,"key":"Blue Candle"}],"event_choices":[{"cards_removed":["TheCursedMod:Strike_TheCursed"],"damage_healed":0,"gold_gain":0,"player_choice":"Purged","damage_taken":0,"max_hp_gain":0,"max_hp_loss":0,"event_name":"Purifier","floor":2,"gold_loss":0},{"damage_healed":0,"gold_gain":175,"player_choice":"AGREE","damage_taken":63,"max_hp_gain":0,"max_hp_loss":0,"event_name":"betterThird:BetterSerpent","floor":6,"gold_loss":0},{"damage_healed":0,"gold_gain":0,"cards_transformed":["TheCursedMod:Defend_TheCursed"],"player_choice":"Change","damage_taken":0,"max_hp_gain":0,"max_hp_loss":0,"event_name":"Living Wall","floor":11,"gold_loss":0,"cards_obtained":["TheCursedMod:CircleOfFlame"]},{"damage_healed":0,"gold_gain":0,"player_choice":"Ignored","damage_taken":0,"max_hp_gain":0,"max_hp_loss":0,"event_name":"NoteForYourself","floor":12,"gold_loss":0},{"damage_healed":0,"gold_gain":0,"player_choice":"Smashed Altar","damage_taken":0,"max_hp_gain":0,"max_hp_loss":0,"event_name":"Forgotten Altar","floor":19,"gold_loss":0,"cards_obtained":["Decay"]},{"damage_healed":0,"gold_gain":0,"player_choice":"Obtained Book","damage_taken":16,"max_hp_gain":0,"max_hp_loss":0,"event_name":"Cursed Tome","floor":21,"gold_loss":0},{"damage_healed":0,"gold_gain":99,"player_choice":"Steal","damage_taken":0,"max_hp_gain":0,"max_hp_loss":0,"event_name":"betterThird:BetterNest","floor":23,"gold_loss":0},{"damage_healed":0,"gold_gain":0,"player_choice":"Ignored","damage_taken":0,"max_hp_gain":0,"max_hp_loss":0,"event_name":"Ghosts","floor":31,"gold_loss":0}],"is_beta":false,"boss_relics":[{"not_picked":["Velvet Choker","Black Star"],"picked":"SacredBark"},{"not_picked":["Tiny House","Sozu"],"picked":"Cursed Key"}],"items_purged_floors":[20],"is_endless":false,"potions_floor_spawned":[1,5,7,8,16,28,29,33],"ascension_level":0}}