{"host":"test","time":1611239857,"event":{"mods":["BaseMod","Colored Map","Colored Powertips","Minty Spire (QoL Compilation)","Relic Stats","Slay the Relics Exporter","SpireBot","StSLib","ojb\u0027s Better Paths Mod","ojb\u0027s Info Mod"],"gold_per_floor":[117,41,55,75,89,120,120,120,120,149,149,149,17,30,30,104,104,117,194,194,194,204,234,252,65,138,138,173,173,48,48,48,119,119,132,132,132,152,2,29,82,113,113,140,140,140,140,174,174,174,174,174,174,11,38,38],"floor_reached":57,"language":"JPN","playtime":9605,"items_purged":["Poisoned Stab","Setup","Terror","Dodge and Roll"],"score":3570,"play_id":"89f486d1-ea56-4ba6-9064-604b805938ef","local_time":"20210121233737","is_ascension_mode":true,"campfire_choices":[{"data":"Calculated Gamble","floor":8.0,"key":"SMITH"},{"data":"Expertise","floor":11.0,"key":"SMITH"},{"data":"Outmaneuver","floor":15.0,"key":"SMITH"},{"floor":29.0,"key":"REST"},{"data":"Neutralize","floor":32.0,"key":"SMITH"},{"floor":45.0,"key":"RECALL"},{"data":"A Thousand Cuts","floor":47.0,"key":"SMITH"},{"data":"Footwork","floor":49.0,"key":"SMITH"},{"data":"Survivor","floor":53.0,"key":"SMITH"}],"circlet_count":0,"master_deck":["AscendersBane","Survivor+1","Neutralize+1","PiercingWail","After Image","After Image","Expertise+1","Footwork+1","Outmaneuver+1","Calculated Gamble+1","Calculated Gamble+1","Blade Dance+1","Backflip+1","Blade Dance+1","Prepared+1","Acrobatics+1","Malaise+1","Blur+1","Prepared+1","Tactician+1","Acrobatics+1","A Thousand Cuts+1"],"relics":["Pandora\u0027s Box","Toxic Egg 2","Kunai","Blue Candle","Tiny Chest","Philosopher\u0027s Stone","Juzu Bracelet","Sundial","Shuriken","Bag of Marbles","Runic Pyramid","CeramicFish","CaptainsWheel","Ice Cream","Toy Ornithopter","TungstenRod","Anchor","Bronze Scales","Oddly Smooth Stone","Bottled Lightning"],"acts_visited":["Exordium","TheCity","TheBeyond","TheEnding"],"potions_floor_usage":[56],"damage_taken":[{"damage":11.0,"enemies":"Jaw Worm","floor":1.0,"turns":28.0},{"damage":0.0,"enemies":"Cultist","floor":3.0,"turns":4.0},{"damage":7.0,"enemies":"2 Louse","floor":4.0,"turns":4.0},{"damage":2.0,"enemies":"Red Slaver","floor":5.0,"turns":5.0},{"damage":0.0,"enemies":"Lagavulin","floor":6.0,"turns":7.0},{"damage":10.0,"enemies":"Gremlin Nob","floor":10.0,"turns":4.0},{"damage":0.0,"enemies":"2 Fungi Beasts","floor":14.0,"turns":4.0},{"damage":1.0,"enemies":"Hexaghost","floor":16.0,"turns":8.0},{"damage":12.0,"enemies":"2 Thieves","floor":18.0,"turns":4.0},{"damage":1.0,"enemies":"Shell Parasite","floor":22.0,"turns":6.0},{"damage":1.0,"enemies":"Gremlin Leader","floor":23.0,"turns":15.0},{"damage":14.0,"enemies":"3 Cultists","floor":24.0,"turns":8.0},{"damage":1.0,"enemies":"Book of Stabbing","floor":28.0,"turns":3.0},{"damage":1.0,"enemies":"Automaton","floor":33.0,"turns":2.0},{"damage":4.0,"enemies":"3 Shapes","floor":35.0,"turns":3.0},{"damage":1.0,"enemies":"3 Darklings","floor":38.0,"turns":3.0},{"damage":1.0,"enemies":"Nemesis","floor":40.0,"turns":1.0},{"damage":29.0,"enemies":"2 Orb Walkers","floor":41.0,"turns":5.0},{"damage":1.0,"enemies":"Giant Head","floor":42.0,"turns":3.0},{"damage":0.0,"enemies":"Reptomancer","floor":44.0,"turns":1.0},{"damage":0.0,"enemies":"Nemesis","floor":48.0,"turns":3.0},{"damage":0.0,"enemies":"Awakened One","floor":50.0,"turns":3.0},{"damage":0.0,"enemies":"Donu and Deca","floor":51.0,"turns":2.0},{"damage":0.0,"enemies":"Shield and Spear","floor":55.0,"turns":1.0},{"damage":0,"enemies":"The Heart","floor":56,"turns":6}],"seed_played":"-6846171561223224152","potions_obtained":[{"floor":4.0,"key":"Energy Potion"},{"floor":5.0,"key":"PowerPotion"},{"floor":10.0,"key":"Swift Potion"},{"floor":12.0,"key":"CultistPotion"},{"floor":22.0,"key":"Energy Potion"},{"floor":23.0,"key":"PowerPotion"},{"floor":28.0,"key":"GhostInAJar"}],"is_trial":false,"path_per_floor":["M","?","M","M","M","E","?","R","T","E","R","?","$","M","R","B",null,"M","T","?","T","M","E","M","$","T","?","E","R","$","?","R","B",null,"M","?","T","M","$","E","?","E","T","E","R","$","R","E","R","B","B",null,"R","$","E","B",null],"character_chosen":"THE_SILENT","items_purchased":["Prepared+1","Tactician+1","Oddly Smooth Stone"],"campfire_rested":1,"item_purchase_floors":[13,25,54],"current_hp_per_floor":[48,48,48,41,39,39,39,39,39,29,29,29,29,29,29,28,57,45,45,45,45,44,43,29,29,29,29,28,47,47,47,47,46,61,57,57,57,56,56,55,26,25,25,25,25,25,25,25,25,25,25,56,56,56,56,61],"gold":38,"neow_bonus":"BOSS_RELIC","is_daily":false,"chose_seed":true,"campfire_upgraded":7,"win_rate":0.0,"timestamp":1611239857,"path_taken":["M","?","M","M","?","E","?","R","T","E","R","?","$","M","R","BOSS","M","?","?","?","M","E","M","$","T","?","E","R","$","?","R","BOSS","M","?","?","M","?","E","?","E","T","E","R","$","R","E","R","BOSS","BOSS","R","$","E","BOSS"],"items_purchased_type":["Card","Card","Relic"],"build_version":"2020-12-18","purchased_purges":4,"victory":true,"max_hp_per_floor":[66,66,66,66,66,66,66,66,66,66,66,66,66,66,66,66,66,66,66,66,66,66,66,66,66,66,66,66,66,66,66,66,66,66,66,66,66,66,66,66,66,66,66,66,66,66,66,66,66,66,66,66,66,66,66,66],"relic_stats":{"counters":[25,133],"Blue Candle":[16],"CeramicFish":0,"Juzu Bracelet":0,"Sundial":[188],"Shuriken":[123],"Bronze Scales":[60],"Pandora\u0027s Box":["PiercingWail","After Image","After Image","Dodge and Roll","Terror","Setup","Expertise","Footwork","Outmaneuver","Calculated Gamble"],"Tiny Chest":2,"Kunai":[188],"obtain_stats":[{"Ice Cream":41,"Blue Candle":9,"CeramicFish":37,"Oddly Smooth Stone":54,"Juzu Bracelet":21,"CaptainsWheel":40,"Anchor":44,"Sundial":23,"Shuriken":26,"Bronze Scales":48,"Pandora\u0027s Box":0,"Tiny Chest":10,"Philosopher\u0027s Stone":17,"Bag of Marbles":28,"Kunai":6,"Bottled Lightning":55,"Toxic Egg 2":2,"Toy Ornithopter":42,"TungstenRod":43,"Ring of the Snake":0,"Runic Pyramid":34},{"Ice Cream":18,"Blue Candle":5,"CeramicFish":15,"Oddly Smooth Stone":23,"Juzu Bracelet":9,"CaptainsWheel":17,"Anchor":20,"Sundial":11,"Shuriken":12,"Bronze Scales":21,"Pandora\u0027s Box":0,"Tiny Chest":6,"Philosopher\u0027s Stone":8,"Bag of Marbles":13,"Kunai":5,"Bottled Lightning":24,"Toxic Egg 2":1,"Toy Ornithopter":19,"TungstenRod":19,"Ring of the Snake":0,"Runic Pyramid":14},{"Ice Cream":114,"Blue Candle":48,"CeramicFish":105,"Oddly Smooth Stone":126,"Juzu Bracelet":68,"CaptainsWheel":109,"Anchor":118,"Sundial":89,"Shuriken":97,"Bronze Scales":121,"Pandora\u0027s Box":0,"Tiny Chest":52,"Philosopher\u0027s Stone":64,"Bag of Marbles":100,"Kunai":48,"Bottled Lightning":127,"Toxic Egg 2":28,"Toy Ornithopter":117,"TungstenRod":117,"Ring of the Snake":0,"Runic Pyramid":102}],"Toy Ornithopter":5,"TungstenRod":6},"card_choices":[{"not_picked":["Well Laid Plans","All Out Attack"],"picked":"Poisoned Stab","floor":1.0},{"not_picked":["Skewer","Endless Agony"],"picked":"Calculated Gamble+1","floor":3.0},{"not_picked":["Poisoned Stab","Slice"],"picked":"Blade Dance+1","floor":4.0},{"not_picked":["Crippling Poison+1","PiercingWail+1"],"picked":"Backflip+1","floor":5.0},{"not_picked":["Deflect+1","Catalyst+1"],"picked":"Blade Dance+1","floor":6.0},{"not_picked":["Sucker Punch","Choke","Crippling Poison+1"],"picked":"SKIP","floor":10.0},{"not_picked":["Leg Sweep+1","Predator"],"picked":"Acrobatics+1","floor":14.0},{"not_picked":["Bullet Time+1","Phantasmal Killer+1"],"picked":"Malaise+1","floor":16.0},{"not_picked":["Deflect+1","Flying Knee","Blade Dance+1"],"picked":"SKIP","floor":18.0},{"not_picked":["Dagger Spray","Quick Slash","Dash+1"],"picked":"SKIP","floor":22.0},{"not_picked":["Dagger Spray","Quick Slash","Dash+1"],"picked":"SKIP","floor":22.0},{"not_picked":["Outmaneuver+1","Choke"],"picked":"Prepared+1","floor":23.0},{"not_picked":["Cloak And Dagger+1","Terror+1","Bane"],"picked":"SKIP","floor":24.0},{"not_picked":["Riddle With Holes","A Thousand Cuts"],"picked":"Acrobatics+1","floor":28.0},{"not_picked":["Unload","Tools of the Trade"],"picked":"A Thousand Cuts","floor":33.0},{"not_picked":["Blade Dance+1","Bane+1","Slice"],"picked":"SKIP","floor":35.0},{"not_picked":["Outmaneuver+1","Deadly Poison+1","Finisher"],"picked":"SKIP","floor":38.0},{"not_picked":["Backflip+1","Heel Hook+1","Sucker Punch"],"picked":"SKIP","floor":40.0},{"not_picked":["Backflip+1","Flying Knee","Venomology+1"],"picked":"SKIP","floor":42.0},{"not_picked":["Backflip+1","Flying Knee","Venomology+1"],"picked":"SKIP","floor":42.0},{"not_picked":["Finisher","Bane+1","Sucker Punch"],"picked":"SKIP","floor":44.0},{"not_picked":["Accuracy","Tactician+1","PiercingWail+1"],"picked":"SKIP","floor":48.0},{"not_picked":["Backflip+1","Dagger Throw+1","Distraction+1"],"picked":"SKIP","floor":55.0}],"player_experience":1942118,"relics_obtained":[{"floor":6.0,"key":"Kunai"},{"floor":9.0,"key":"Blue Candle"},{"floor":10.0,"key":"Tiny Chest"},{"floor":21.0,"key":"Juzu Bracelet"},{"floor":23.0,"key":"Sundial"},{"floor":26.0,"key":"Shuriken"},{"floor":28.0,"key":"Bag of Marbles"},{"floor":37.0,"key":"CeramicFish"},{"floor":40.0,"key":"CaptainsWheel"},{"floor":41.0,"key":"Ice Cream"},{"floor":42.0,"key":"Toy Ornithopter"},{"floor":43.0,"key":"TungstenRod"},{"floor":44.0,"key":"Anchor"},{"floor":48.0,"key":"Bronze Scales"},{"floor":55.0,"key":"Bottled Lightning"}],"event_choices":[{"damage_healed":0.0,"max_hp_gain":0.0,"max_hp_loss":0.0,"gold_gain":0.0,"event_name":"WeMeetAgain","player_choice":"Paid Gold","floor":2.0,"gold_loss":76.0,"damage_taken":0.0,"relics_obtained":["Toxic Egg 2"]},{"damage_healed":0.0,"max_hp_gain":0.0,"max_hp_loss":0.0,"gold_gain":0.0,"event_name":"Liars Game","player_choice":"Ignored","floor":7.0,"gold_loss":0.0,"damage_taken":0.0},{"damage_healed":0.0,"max_hp_gain":0.0,"max_hp_loss":0.0,"gold_gain":0.0,"event_name":"Lab","player_choice":"Got Potions","floor":12.0,"gold_loss":0.0,"damage_taken":0.0},{"damage_healed":0.0,"max_hp_gain":0.0,"max_hp_loss":0.0,"gold_gain":0.0,"event_name":"The Library","player_choice":"Read","floor":20.0,"gold_loss":0.0,"damage_taken":0.0,"cards_obtained":["Blur"]},{"damage_healed":0.0,"max_hp_gain":0.0,"max_hp_loss":0.0,"gold_gain":0.0,"event_name":"Vampires","player_choice":"Ignored","floor":27.0,"gold_loss":0.0,"damage_taken":0.0},{"damage_healed":0.0,"max_hp_gain":0.0,"max_hp_loss":0.0,"gold_gain":0.0,"event_name":"The Mausoleum","player_choice":"Ignored","floor":31.0,"gold_loss":0.0,"damage_taken":0.0},{"damage_healed":0.0,"max_hp_gain":0.0,"max_hp_loss":0.0,"gold_gain":0.0,"event_name":"Tomb of Lord Red Mask","player_choice":"Ignored","floor":36.0,"gold_loss":0.0,"damage_taken":0.0},{"damage_healed":0.0,"max_hp_gain":0.0,"max_hp_loss":0.0,"gold_gain":0.0,"event_name":"Mysterious Sphere","player_choice":"Fight","floor":41.0,"gold_loss":0.0,"damage_taken":0.0}],"is_beta":true,"boss_relics":[{"not_picked":["Empty Cage","Cursed Key"],"picked":"Philosopher\u0027s Stone"},{"not_picked":["WristBlade","Snecko Eye"],"picked":"Runic Pyramid"}],"items_purged_floors":[13,25,30,39],"is_endless":false,"potions_floor_spawned":[4,5,10,22,23,28,35,38,48],"ascension_level":20}}