{"host":"g01l53quoe6lrer0","time":1611263631,"event":{"mods":["2.2 Compatiblity","AchievementEnabler","BaseMod","Colored Map","Highlight Path","Keyboard Shortcuts","Minty Spire (QoL Compilation)","Permanent Neow","StSLib","SuperFastMode","everything is the same but u backflip on backflip"],"gold_per_floor":[16,34,44,59,134,134,167,167,220,220,237,250,1,18,18,97,97,113,126,126,126,126],"floor_reached":21,"language":"KOR","playtime":489,"items_purged":["Strike_B"],"score":357,"play_id":"c6ccd432-d955-4879-a229-40e660858dd4","local_time":"20210122061351","is_ascension_mode":true,"campfire_choices":[{"data":"Streamline","floor":6.0,"key":"SMITH"},{"data":"Zap","floor":10.0,"key":"SMITH"},{"floor":15,"key":"REST"}],"circlet_count":0,"master_deck":["AscendersBane","Strike_B","Strike_B","Strike_B","Defend_B","Defend_B","Defend_B","Defend_B","Zap+1","Dualcast","Turbo","Turbo","Streamline+1","Thunder Strike","White Noise","Sweeping Beam","Coolheaded","Loop","Darkness","Stack","Stack","Echo Form","Skim","Steam Power","Writhe"],"relics":["Cracked Core","Pocketwatch","White Beast Statue","FaceOfCleric","Potion Belt","Velvet Choker","Smiling Mask"],"acts_visited":["Exordium","TheCity"],"potions_floor_usage":[14,16,18,19],"damage_taken":[{"damage":1.0,"enemies":"Small Slimes","floor":1.0,"turns":4.0},{"damage":0.0,"enemies":"Cultist","floor":2.0,"turns":4.0},{"damage":2.0,"enemies":"Jaw Worm","floor":3.0,"turns":3.0},{"damage":6.0,"enemies":"Looter","floor":4.0,"turns":2.0},{"damage":15.0,"enemies":"3 Sentries","floor":7.0,"turns":8.0},{"damage":15.0,"enemies":"Gremlin Gang","floor":11.0,"turns":3.0},{"damage":0.0,"enemies":"Exordium Wildlife","floor":12.0,"turns":2.0},{"damage":0,"enemies":"3 Louse","floor":14,"turns":3},{"damage":26,"enemies":"Slime Boss","floor":16,"turns":7},{"damage":16,"enemies":"Chosen","floor":18,"turns":6},{"damage":31,"enemies":"Shell Parasite","floor":19,"turns":4},{"damage":0,"enemies":"Centurion and Healer","floor":21,"turns":1}],"seed_played":"-431904742371059349","potions_obtained":[{"floor":7.0,"key":"PowerPotion"},{"floor":11.0,"key":"Block Potion"},{"floor":12.0,"key":"ColorlessPotion"},{"floor":14,"key":"GamblersBrew"},{"floor":16,"key":"Dexterity Potion"},{"floor":18,"key":"SkillPotion"},{"floor":19,"key":"LiquidBronze"}],"is_trial":false,"path_per_floor":["M","M","M","M","?","R","E","?","T","R","M","M","$","M","R","B",null,"M","M","?","M"],"character_chosen":"DEFECT","items_purchased":["Loop","Darkness","Stack"],"campfire_rested":1,"item_purchase_floors":[13,13,13],"current_hp_per_floor":[63,63,61,55,44,44,29,29,29,29,15,16,16,17,39,14,60,45,15,15,15,15],"gold":126,"neow_bonus":"ONE_RARE_RELIC","is_daily":false,"chose_seed":false,"campfire_upgraded":2,"win_rate":0.0,"timestamp":1611263631,"path_taken":["M","M","M","M","?","R","E","?","T","R","?","M","$","M","R","BOSS","M","M","?","M"],"items_purchased_type":["Card","Card","Card"],"build_version":"2020-12-22","purchased_purges":1,"victory":false,"max_hp_per_floor":[71,71,71,71,71,71,71,71,71,71,72,73,73,74,74,75,75,76,77,77,77,77],"card_choices":[{"not_picked":["Gash","Beam Cell"],"picked":"Turbo","floor":1.0},{"not_picked":["Storm","Rebound"],"picked":"Turbo","floor":2.0},{"not_picked":["Stack","Auto Shields"],"picked":"Streamline","floor":3.0},{"not_picked":["Leap","Darkness"],"picked":"Thunder Strike","floor":4.0},{"not_picked":["Leap","Rebound"],"picked":"White Noise","floor":7.0},{"not_picked":["Hello World","Cold Snap"],"picked":"Sweeping Beam","floor":11.0},{"not_picked":["Doom and Gloom","Rebound"],"picked":"Coolheaded","floor":12.0},{"not_picked":["Turbo","Go for the Eyes"],"picked":"Stack","floor":14},{"not_picked":["Buffer","All For One"],"picked":"Echo Form","floor":16},{"not_picked":["Barrage","Static Discharge"],"picked":"Skim","floor":18},{"not_picked":["Turbo","Reprogram"],"picked":"Steam Power","floor":19}],"player_experience":222780,"relics_obtained":[{"floor":7.0,"key":"White Beast Statue"},{"floor":9.0,"key":"Potion Belt"}],"event_choices":[{"damage_healed":0.0,"max_hp_gain":0.0,"max_hp_loss":0.0,"gold_gain":75.0,"event_name":"World of Goop","player_choice":"Gather Gold","floor":5.0,"gold_loss":0.0,"damage_taken":11.0},{"damage_healed":0.0,"max_hp_gain":0.0,"max_hp_loss":0.0,"gold_gain":0.0,"event_name":"FaceTrader","player_choice":"Trade","floor":8.0,"gold_loss":0.0,"damage_taken":0.0,"relics_obtained":["FaceOfCleric"]},{"damage_healed":0,"gold_gain":0,"player_choice":"Opened","damage_taken":0,"relics_obtained":["Smiling Mask"],"max_hp_gain":0,"max_hp_loss":0,"event_name":"The Mausoleum","floor":20,"gold_loss":0,"cards_obtained":["Writhe"]}],"is_beta":false,"boss_relics":[{"not_picked":["SlaversCollar","Snecko Eye"],"picked":"Velvet Choker"}],"items_purged_floors":[13],"is_endless":false,"potions_floor_spawned":[7,11,12,14,16,18,19],"killed_by":"Centurion and Healer","ascension_level":19}}