{"host":"q1dfbtk1mb5myi3r","time":1611192280,"event":{"mods":["BaseMod","BetterRewards","Minty Spire (QoL Compilation)","Replay The Spire","StSLib","The Animator"],"gold_per_floor":[111,111,141,189,439,439,454,497,497,510,510,524,334,334,334,464,464,464,464],"floor_reached":18,"language":"ENG","playtime":1031,"items_purged":[],"score":160,"play_id":"c0a54c40-cb16-408e-ae47-cfb051d6fbb8","local_time":"20210120202440","is_ascension_mode":false,"campfire_choices":[{"data":"animator:Mitsurugi","floor":6,"key":"SMITH"},{"data":"animator:Darkness","floor":11,"key":"SMITH"},{"data":"animator:Mitsurugi","floor":15,"key":"SMITH"}],"circlet_count":0,"master_deck":["animator:Strike_Konosuba","animator:Defend_Konosuba","animator:Strike","animator:Strike","animator:Strike","animator:Defend","animator:Defend","animator:Defend","animator:Kazuma","animator:Aqua","Injury","animator:Mitsurugi+1","animator:Darkness+1","animator:Mitsurugi+1","Overencumbered","ReplayTheSpireMod:Brewmster"],"relics":["animator:LivingPicture","animator:TheMissingPiece","NeowsBlessing","Golden Idol","animator:ShionDessert","Bag of Preparation","Brimstone","PrismaticShard","Sozu"],"acts_visited":["Exordium","TheCity"],"potions_floor_usage":[10,10,18],"damage_taken":[{"damage":0,"enemies":"Small Slimes","floor":1,"turns":1},{"damage":0,"enemies":"Jaw Worm","floor":3,"turns":1},{"damage":0,"enemies":"2 Louse","floor":7,"turns":1},{"damage":9,"enemies":"Replay:BlueRogue","floor":8,"turns":7},{"damage":3,"enemies":"Exordium Wildlife","floor":10,"turns":3},{"damage":0,"enemies":"Large Slime","floor":12,"turns":7},{"damage":47,"enemies":"Fading Forest","floor":16,"turns":11},{"damage":58,"enemies":"3 Byrds","floor":18,"turns":4}],"seed_played":"6100035864904578850","potions_obtained":[{"floor":7,"key":"Fire Potion"},{"floor":8,"key":"Explosive Potion"},{"floor":16,"key":"ColorlessPotion"}],"is_trial":false,"path_per_floor":["M","?","M","T","?","R","M","E","T","M","R","M","$","?","R","B",null,"M"],"character_chosen":"THE_ANIMATOR","items_purchased":["animator:Mitsurugi","Brimstone"],"campfire_rested":0,"item_purchase_floors":[13,13],"current_hp_per_floor":[66,66,66,66,50,50,50,44,44,43,43,45,45,45,45,22,67,9,9],"gold":464,"neow_bonus":"THREE_ENEMY_KILL","is_daily":false,"chose_seed":false,"campfire_upgraded":3,"win_rate":0.0,"timestamp":1611192280,"path_taken":["M","?","M","?","?","R","?","E","T","M","R","M","$","?","R","BOSS","M"],"items_purchased_type":["Card","Relic"],"build_version":"2020-12-22","purchased_purges":0,"victory":false,"max_hp_per_floor":[66,66,66,66,66,66,66,67,67,67,67,67,67,67,67,67,67,67,67],"card_choices":[{"not_picked":["animator:Yoichi","animator:DolaSchwi","animator:KrulTepes"],"picked":"SKIP","floor":1},{"not_picked":["animator:Gillette","animator:Nanami"],"picked":"animator:Mitsurugi","floor":3},{"not_picked":["animator:Konayuki","animator:Archer","animator:YuiTsuruno"],"picked":"SKIP","floor":7},{"not_picked":["animator:YunYun","animator:Chris"],"picked":"animator:Darkness","floor":8},{"not_picked":["animator:Gillette","animator:OrikoMikuni","animator:HiiragiShinya"],"picked":"SKIP","floor":10},{"not_picked":["animator:AcuraAkari","animator:DolaRiku","animator:Jibril"],"picked":"SKIP","floor":12},{"not_picked":["Midas Touch","Transmutation"],"picked":"ReplayTheSpireMod:Brewmster","floor":16}],"player_experience":122753,"relics_obtained":[{"floor":4,"key":"animator:ShionDessert"},{"floor":8,"key":"Bag of Preparation"}],"event_choices":[{"damage_healed":0,"gold_gain":0,"player_choice":"Take Wound","damage_taken":0,"relics_obtained":["Golden Idol"],"max_hp_gain":0,"max_hp_loss":0,"event_name":"Golden Idol","floor":2,"gold_loss":0,"cards_obtained":["Injury"]}],"is_beta":false,"boss_relics":[{"not_picked":["Runic Dome","Replay:Drink Me"],"picked":"Sozu"}],"items_purged_floors":[],"is_endless":false,"potions_floor_spawned":[7,8,16],"killed_by":"3 Byrds","ascension_level":0}}