{"host":"jscggscbx0p7706o","time":1611240334,"event":{"mods":["AchievementEnabler","BaseMod","Block Reminder","Colored Powertips","Filter the Spire","Minty Spire (QoL Compilation)","Permanent Neow","Quick Restart","StSLib"],"gold_per_floor":[210,210,97,108,108,108,108,127,127,154,169,219,119,119,132,132,132,132],"floor_reached":17,"language":"ENG","playtime":418,"items_purged":["Strike_R","Defend_R"],"score":95,"play_id":"55c4b7eb-a0e6-4b34-bd56-b20ae7b69819","local_time":"20210121224534","is_ascension_mode":false,"campfire_choices":[{"data":"True Grit","floor":7,"key":"SMITH"},{"data":"Bash","floor":9,"key":"SMITH"},{"floor":16,"key":"REST"}],"circlet_count":0,"master_deck":["Strike_R","Strike_R","Strike_R+1","Strike_R","Defend_R","Defend_R","Defend_R+1","Bash+1","Ghostly Armor","True Grit+1","Inflame"],"relics":["Burning Blood","Blood Vial"],"acts_visited":["Exordium"],"potions_floor_usage":[11,17],"damage_taken":[{"damage":6,"enemies":"Cultist","floor":1,"turns":3},{"damage":10,"enemies":"Small Slimes","floor":4,"turns":5},{"damage":3,"enemies":"Red Slaver","floor":8,"turns":7},{"damage":22,"enemies":"Exordium Thugs","floor":11,"turns":6},{"damage":13,"enemies":"Lots of Slimes","floor":15,"turns":5},{"damage":78,"enemies":"Hexaghost","floor":17,"turns":12}],"seed_played":"9166828417788234162","potions_obtained":[{"floor":1,"key":"Block Potion"},{"floor":4,"key":"LiquidBronze"}],"is_trial":false,"path_per_floor":["M","M","$","M","?","?","R","M","R","T","M","?","$","?","M","R","B"],"character_chosen":"IRONCLAD","items_purchased":["Ghostly Armor"],"campfire_rested":1,"item_purchase_floors":[3],"current_hp_per_floor":[80,80,80,76,81,81,81,84,84,84,69,69,69,52,47,72,0,0],"gold":132,"neow_bonus":"HUNDRED_GOLD","is_daily":false,"chose_seed":false,"campfire_upgraded":2,"win_rate":0.0,"timestamp":1611240334,"path_taken":["M","?","$","M","?","?","R","M","R","T","M","?","$","?","M","R","BOSS"],"items_purchased_type":["Card"],"build_version":"2020-12-22","purchased_purges":2,"victory":false,"max_hp_per_floor":[80,80,80,80,85,85,85,85,85,85,85,85,85,85,85,85,85,85],"card_choices":[{"not_picked":["Thunderclap","Sword Boomerang","Carnage"],"picked":"SKIP","floor":1},{"not_picked":["Iron Wave","Wild Strike"],"picked":"True Grit","floor":4},{"not_picked":["Pommel Strike","Clothesline","Headbutt"],"picked":"SKIP","floor":8},{"not_picked":["Intimidate","Warcry"],"picked":"Inflame","floor":11},{"not_picked":["True Grit","Body Slam","Sentinel"],"picked":"SKIP","floor":15}],"player_experience":333853,"relics_obtained":[{"floor":10,"key":"Blood Vial"}],"event_choices":[{"damage_healed":0,"gold_gain":0,"player_choice":"Donut","damage_taken":0,"max_hp_gain":5,"max_hp_loss":0,"event_name":"Big Fish","floor":5,"gold_loss":0},{"damage_healed":0,"gold_gain":0,"player_choice":"Ignored","damage_taken":0,"max_hp_gain":0,"max_hp_loss":0,"event_name":"Liars Game","floor":6,"gold_loss":0},{"damage_healed":0,"gold_gain":50,"player_choice":"Gained Gold","damage_taken":0,"max_hp_gain":0,"max_hp_loss":0,"event_name":"Golden Wing","floor":12,"gold_loss":0},{"damage_healed":0,"gold_gain":0,"player_choice":"Entered Light","damage_taken":17,"max_hp_gain":0,"max_hp_loss":0,"event_name":"Shining Light","floor":14,"gold_loss":0,"cards_upgraded":["Defend_R","Strike_R"]}],"is_beta":false,"boss_relics":[],"items_purged_floors":[3,13],"is_endless":false,"potions_floor_spawned":[1,4],"killed_by":"Hexaghost","ascension_level":0}}