{"host":"5gfra4hjb6stk8c2","time":1611260035,"event":{"mods":["BaseMod","Minty Spire (QoL Compilation)","Quick Restart","SuperFastMode"],"gold_per_floor":[109,121,121,121,141,141,168,168,168,180,196,225,1,27,27,128,128,141,141,155,155,169,169,201,201,201,220,220,120,120,120,120,220,220,237,292,292,342,342,375,395,413,413,59,91,106,117,0,0,0,0,0,0,31,31],"floor_reached":56,"language":"ENG","playtime":1551,"items_purged":["Defend_P","Strike_P","Strike_P"],"score":1966,"play_id":"31dfa5a2-6982-4b8d-bf3d-de939247ec81","local_time":"20210121171355","is_ascension_mode":true,"campfire_choices":[{"data":"Prostrate","floor":6,"key":"SMITH"},{"data":"Eruption","floor":8,"key":"SMITH"},{"data":"CrushJoints","floor":15,"key":"SMITH"},{"data":"Prostrate","floor":23,"key":"SMITH"},{"data":"Ragnarok","floor":28,"key":"SMITH"},{"data":"Devotion","floor":32,"key":"SMITH"},{"floor":49,"key":"RECALL"},{"data":"Worship","floor":52,"key":"SMITH"}],"circlet_count":0,"master_deck":["Strike_P+1","Eruption+1","Vigilance","Consecrate+1","Prostrate+1","Scrawl","Worship+1","CrushJoints+1","Devotion+1","Halt+1","Adaptation+1","Prostrate+1","Consecrate+1","Ragnarok+1","Ghostly","Ghostly","Ghostly","Ghostly","Ghostly","MentalFortress+1","Prostrate+1","Madness","Madness","Halt","Halt","Vault"],"relics":["PureWater","NeowsBlessing","Lizard Tail","Incense Burner","Damaru","Calipers","Astrolabe","Nloth\u0027s Gift","Nilry\u0027s Codex","Thread and Needle","TungstenRod","MutagenicStrength","Busted Crown","StoneCalendar","Unceasing Top","Vajra","Mercury Hourglass","Ancient Tea Set","Oddly Smooth Stone","Red Mask","Bag of Preparation"],"acts_visited":["Exordium","TheCity","TheBeyond","TheEnding"],"potions_floor_usage":[7,16,18,24,24,33,45,50,55,55],"damage_taken":[{"damage":0,"enemies":"2 Louse","floor":1,"turns":1},{"damage":0,"enemies":"Jaw Worm","floor":2,"turns":1},{"damage":0,"enemies":"Cultist","floor":5,"turns":1},{"damage":11,"enemies":"3 Sentries","floor":7,"turns":7},{"damage":0,"enemies":"Large Slime","floor":10,"turns":2},{"damage":5,"enemies":"Red Slaver","floor":11,"turns":2},{"damage":0,"enemies":"Gremlin Nob","floor":12,"turns":2},{"damage":0,"enemies":"Lagavulin","floor":14,"turns":2},{"damage":2,"enemies":"Hexaghost","floor":16,"turns":4},{"damage":0,"enemies":"3 Byrds","floor":18,"turns":3},{"damage":0,"enemies":"Spheric Guardian","floor":20,"turns":2},{"damage":0,"enemies":"Chosen and Byrds","floor":22,"turns":2},{"damage":2,"enemies":"Book of Stabbing","floor":24,"turns":2},{"damage":0,"enemies":"Cultist and Chosen","floor":27,"turns":4},{"damage":0,"enemies":"Automaton","floor":33,"turns":6},{"damage":0,"enemies":"3 Shapes","floor":35,"turns":2},{"damage":0,"enemies":"2 Orb Walkers","floor":36,"turns":3},{"damage":0,"enemies":"Mind Bloom Boss Battle","floor":38,"turns":6},{"damage":0,"enemies":"Giant Head","floor":40,"turns":5},{"damage":0,"enemies":"3 Darklings","floor":41,"turns":3},{"damage":0,"enemies":"Spire Growth","floor":42,"turns":3},{"damage":0,"enemies":"Reptomancer","floor":45,"turns":2},{"damage":0,"enemies":"Transient","floor":46,"turns":5},{"damage":0,"enemies":"4 Shapes","floor":47,"turns":4},{"damage":0,"enemies":"Time Eater","floor":50,"turns":9},{"damage":0,"enemies":"Shield and Spear","floor":54,"turns":4},{"damage":0,"enemies":"The Heart","floor":55,"turns":10}],"seed_played":"8052108343523091156","potions_obtained":[{"floor":1,"key":"Dexterity Potion"},{"floor":10,"key":"ColorlessPotion"},{"floor":16,"key":"Energy Potion"},{"floor":20,"key":"GamblersBrew"},{"floor":22,"key":"Regen Potion"},{"floor":24,"key":"BlessingOfTheForge"},{"floor":35,"key":"SmokeBomb"},{"floor":42,"key":"Weak Potion"},{"floor":46,"key":"SpeedPotion"},{"floor":54,"key":"SpeedPotion"}],"is_trial":false,"path_per_floor":["M","M","?","?","M","R","E","R","T","M","M","E","$","E","R","B",null,"M","?","M","?","M","R","E","T","T","M","R","$","?","?","R","B",null,"M","?","?","?","?","E","M","M","T","$","E","M","M","?","R","B",null,"R","$","E","B",null],"character_chosen":"WATCHER","items_purchased":["Damaru","Ancient Tea Set","DistilledChaos"],"campfire_rested":0,"item_purchase_floors":[13,44,44],"current_hp_per_floor":[65,65,65,51,51,51,40,40,40,40,35,35,35,35,35,33,62,62,62,62,46,46,46,49,49,49,49,49,49,36,36,36,36,36,36,36,36,36,32,32,32,32,32,32,32,32,32,32,32,32,35,35,35,35,35],"gold":31,"neow_bonus":"THREE_ENEMY_KILL","is_daily":false,"chose_seed":false,"campfire_upgraded":7,"win_rate":0.0,"timestamp":1611260035,"path_taken":["M","M","?","?","?","R","E","R","T","M","M","E","?","E","R","BOSS","M","?","?","?","M","R","E","?","T","M","R","?","?","?","R","BOSS","M","?","?","?","?","E","M","M","T","$","E","M","?","?","R","BOSS","R","$","E","BOSS"],"items_purchased_type":["Relic","Relic","Potion"],"build_version":"2020-12-22","purchased_purges":3,"victory":true,"max_hp_per_floor":[72,72,72,72,72,72,72,72,72,72,72,72,72,72,72,72,72,72,72,72,72,72,72,72,72,72,72,72,72,36,36,36,36,36,36,36,36,36,36,36,36,36,36,36,36,36,36,36,36,36,36,36,36,36,36],"card_choices":[{"not_picked":["ThirdEye","Crescendo","EmptyFist"],"picked":"SKIP","floor":1},{"not_picked":["WreathOfFlame","JustLucky"],"picked":"Consecrate","floor":2},{"not_picked":["Nirvana","ThirdEye"],"picked":"Prostrate","floor":5},{"not_picked":["ThirdEye","ClearTheMind"],"picked":"Scrawl","floor":7},{"not_picked":["EmptyFist","Sanctity"],"picked":"Worship","floor":10},{"not_picked":["Swivel","JustLucky"],"picked":"CrushJoints","floor":11},{"not_picked":["Perseverance","Wallop","SashWhip"],"picked":"SKIP","floor":12},{"not_picked":["Vengeance","Meditate","Indignation"],"picked":"SKIP","floor":14},{"not_picked":["Brilliance","LessonLearned"],"picked":"Devotion","floor":16},{"not_picked":["BowlingBash","ThirdEye"],"picked":"Prostrate","floor":18},{"not_picked":["Protect","CutThroughFate","CarveReality"],"picked":"SKIP","floor":20},{"not_picked":["Perseverance+1","Swivel","Wireheading+1"],"picked":"SKIP","floor":22},{"not_picked":["EmptyFist","Swivel"],"picked":"Consecrate+1","floor":24},{"not_picked":["ThirdEye","CrushJoints+1"],"picked":"Ragnarok","floor":27},{"not_picked":[],"picked":"MentalFortress+1","floor":35},{"not_picked":[],"picked":"Prostrate+1","floor":38},{"not_picked":[],"picked":"Halt","floor":40},{"not_picked":[],"picked":"Halt","floor":41},{"not_picked":["Nirvana"],"picked":"SKIP","floor":42},{"not_picked":["Pray"],"picked":"SKIP","floor":45},{"not_picked":["BowlingBash"],"picked":"SKIP","floor":46},{"not_picked":["SignatureMove"],"picked":"SKIP","floor":47},{"not_picked":[],"picked":"Vault","floor":54}],"player_experience":178598,"relics_obtained":[{"floor":7,"key":"Lizard Tail"},{"floor":9,"key":"Incense Burner"},{"floor":12,"key":"Ornamental Fan"},{"floor":14,"key":"Calipers"},{"floor":21,"key":"Nilry\u0027s Codex"},{"floor":24,"key":"Thread and Needle"},{"floor":25,"key":"TungstenRod"},{"floor":36,"key":"StoneCalendar"},{"floor":38,"key":"Unceasing Top"},{"floor":40,"key":"Vajra"},{"floor":43,"key":"Mercury Hourglass"},{"floor":45,"key":"Oddly Smooth Stone"},{"floor":54,"key":"Bag of Preparation"}],"event_choices":[{"cards_removed":["Defend_P"],"damage_healed":0,"gold_gain":0,"player_choice":"Forget","damage_taken":0,"max_hp_gain":0,"max_hp_loss":0,"event_name":"Living Wall","floor":3,"gold_loss":0},{"damage_healed":0,"gold_gain":0,"player_choice":"Entered Light","damage_taken":14,"max_hp_gain":0,"max_hp_loss":0,"event_name":"Shining Light","floor":4,"gold_loss":0,"cards_upgraded":["Consecrate","Strike_P"]},{"damage_healed":0,"gold_gain":0,"player_choice":"Traded Relic","damage_taken":0,"relics_obtained":["Nloth\u0027s Gift"],"max_hp_gain":0,"max_hp_loss":0,"event_name":"N\u0027loth","floor":19,"relics_lost":["Ornamental Fan"],"gold_loss":0},{"damage_healed":0,"gold_gain":0,"player_choice":"Obtained Book","damage_taken":16,"max_hp_gain":0,"max_hp_loss":0,"event_name":"Cursed Tome","floor":21,"gold_loss":0},{"damage_healed":0,"gold_gain":0,"player_choice":"Became a Ghost","damage_taken":0,"max_hp_gain":0,"max_hp_loss":36,"event_name":"Ghosts","floor":30,"gold_loss":0,"cards_obtained":["Ghostly","Ghostly","Ghostly","Ghostly","Ghostly"]},{"damage_healed":0,"gold_gain":0,"player_choice":"Inject Mutagens","damage_taken":0,"relics_obtained":["MutagenicStrength"],"max_hp_gain":0,"max_hp_loss":0,"event_name":"Drug Dealer","floor":31,"gold_loss":0},{"damage_healed":0,"gold_gain":0,"player_choice":"Fight","damage_taken":0,"max_hp_gain":0,"max_hp_loss":0,"event_name":"Mysterious Sphere","floor":36,"gold_loss":0},{"cards_removed":["Adaptation"],"damage_healed":0,"gold_gain":0,"player_choice":"Removed Power","damage_taken":0,"max_hp_gain":0,"max_hp_loss":0,"event_name":"Falling","floor":37,"gold_loss":0},{"damage_healed":0,"gold_gain":0,"player_choice":"Fight","damage_taken":0,"max_hp_gain":0,"max_hp_loss":0,"event_name":"MindBloom","floor":38,"gold_loss":0},{"damage_healed":0,"gold_gain":0,"player_choice":"Embrace Madness","damage_taken":5,"max_hp_gain":0,"max_hp_loss":0,"event_name":"Winding Halls","floor":39,"gold_loss":0,"cards_obtained":["Madness","Madness"]},{"damage_healed":0,"gold_gain":0,"player_choice":"Paid","damage_taken":0,"relics_obtained":["Red Mask"],"max_hp_gain":0,"max_hp_loss":0,"event_name":"Tomb of Lord Red Mask","floor":48,"gold_loss":117}],"is_beta":false,"boss_relics":[{"not_picked":["Empty Cage","Tiny House"],"picked":"Astrolabe"},{"not_picked":["Cursed Key","Pandora\u0027s Box"],"picked":"Busted Crown"}],"items_purged_floors":[13,29,44],"is_endless":false,"potions_floor_spawned":[1,10,16,20,22,24,35,42,46,54],"ascension_level":6}}