{"host":"h3bgw7p7cb1roykn","time":1611233973,"event":{"mods":["BaseMod","Colored Map","Downfall","Minty Spire (QoL Compilation)","StSLib"],"gold_per_floor":[113,131,131,143,160,192,192,204,229,292,292,345,224,224,224,326,326,336,356,356,356,369,369,387,416,416,448,448,463,477,477,477],"floor_reached":31,"language":"ENG","playtime":1215,"items_purged":["Strike_B"],"score":291,"play_id":"286128e8-c595-416d-80e3-40cc7e68b681","local_time":"20210121135933","is_ascension_mode":true,"campfire_choices":[{"floor":7,"key":"RECALL"},{"floor":15,"key":"REST"},{"floor":23,"key":"REST"},{"floor":28,"key":"REST"}],"circlet_count":0,"master_deck":["Strike_B","Strike_B","Defend_B","Defend_B","Defend_B","Defend_B","Zap","Dualcast","Hologram","Capacitor","Cold Snap+1","Sweeping Beam","Multi-Cast","Consume","Loop","Coolheaded","Parasite","Electrodynamics","Self Repair","Ball Lightning+1","Double Energy","Blizzard"],"relics":["Cracked Core","Mercury Hourglass","Anchor","Strawberry","Regal Pillow","Sozu","Enchiridion","Letter Opener","Calipers","InkBottle"],"acts_visited":["Exordium","TheCity"],"potions_floor_usage":[16,19,25],"damage_taken":[{"damage":0,"enemies":"Cultist","floor":1,"turns":3},{"damage":1,"enemies":"2 Louse","floor":2,"turns":3},{"damage":0,"enemies":"Small Slimes","floor":4,"turns":3},{"damage":8,"enemies":"Looter","floor":5,"turns":3},{"damage":11,"enemies":"3 Sentries","floor":6,"turns":8},{"damage":12,"enemies":"2 Fungi Beasts","floor":8,"turns":2},{"damage":17,"enemies":"3 Sentries","floor":10,"turns":5},{"damage":32,"enemies":"Hexaghost","floor":16,"turns":11},{"damage":14,"enemies":"Chosen","floor":18,"turns":5},{"damage":9,"enemies":"3 Byrds","floor":19,"turns":3},{"damage":5,"enemies":"Cultist and Chosen","floor":22,"turns":4},{"damage":20,"enemies":"Centurion and Healer","floor":24,"turns":7},{"damage":21,"enemies":"Slavers","floor":25,"turns":3},{"damage":23,"enemies":"Gremlin Leader","floor":27,"turns":5},{"damage":16,"enemies":"Snake Plant","floor":29,"turns":4},{"damage":15,"enemies":"Sentry and Sphere","floor":30,"turns":6},{"damage":63,"enemies":"Book of Stabbing","floor":31,"turns":4}],"seed_played":"-4950418721512224432","potions_obtained":[{"floor":1,"key":"FocusPotion"},{"floor":2,"key":"LiquidBronze"},{"floor":5,"key":"Block Potion"}],"is_trial":false,"path_per_floor":["M","M","?","M","M","E","R","M","T","?","?","T","$","?","R","B",null,"M","M","?","?","M","R","M","E","T","E","R","M","M","E"],"character_chosen":"DEFECT","items_purchased":["Coolheaded"],"campfire_rested":3,"item_purchase_floors":[13],"current_hp_per_floor":[75,74,74,74,66,55,55,43,43,26,8,8,8,28,67,35,82,68,59,59,43,38,77,64,50,50,34,73,64,56,0,0],"gold":477,"neow_bonus":"THREE_CARDS","is_daily":false,"chose_seed":false,"campfire_upgraded":0,"win_rate":0.0,"timestamp":1611233973,"path_taken":["M","?","?","?","M","E","R","M","T","?","?","?","$","?","R","BOSS","M","M","?","?","M","R","M","E","T","E","R","M","M","E"],"items_purchased_type":["Card"],"build_version":"2020-12-22","purchased_purges":1,"victory":false,"max_hp_per_floor":[75,75,75,75,75,75,75,75,75,75,82,82,82,82,82,82,82,82,82,82,82,82,82,82,82,82,82,82,82,82,82,82],"card_choices":[{"not_picked":["Barrage","Leap"],"picked":"Hologram","floor":0},{"not_picked":["Reinforced Body","Heatsinks"],"picked":"Capacitor","floor":1},{"not_picked":["Leap","Streamline"],"picked":"Cold Snap","floor":2},{"not_picked":["Stack","Aggregate","Hologram"],"picked":"SKIP","floor":4},{"not_picked":["Stack","Compile Driver"],"picked":"Sweeping Beam","floor":5},{"not_picked":["Chaos","Barrage"],"picked":"Multi-Cast","floor":6},{"not_picked":["Chill","Conserve Battery"],"picked":"Consume","floor":8},{"not_picked":["Streamline","Beam Cell"],"picked":"Loop","floor":10},{"not_picked":["Seek","Echo Form"],"picked":"Electrodynamics","floor":16},{"not_picked":["Compile Driver","Rip and Tear+1","Force Field"],"picked":"SKIP","floor":18},{"not_picked":["Cold Snap","Turbo","Gash"],"picked":"SKIP","floor":19},{"not_picked":["Leap","Sweeping Beam"],"picked":"Self Repair","floor":22},{"not_picked":["Redo","Auto Shields"],"picked":"Ball Lightning+1","floor":24},{"not_picked":["Beam Cell+1","Creative AI","Steam Power+1"],"picked":"SKIP","floor":25},{"not_picked":["Barrage","Compile Driver"],"picked":"Double Energy","floor":27},{"not_picked":["Melter","Stack"],"picked":"Blizzard","floor":29},{"not_picked":["Gash","Reinforced Body","Reboot"],"picked":"SKIP","floor":30}],"player_experience":250720,"relics_obtained":[{"floor":6,"key":"Mercury Hourglass"},{"floor":10,"key":"Anchor"},{"floor":12,"key":"Regal Pillow"},{"floor":21,"key":"Enchiridion"},{"floor":25,"key":"Letter Opener"},{"floor":26,"key":"Calipers"},{"floor":27,"key":"InkBottle"}],"event_choices":[{"damage_healed":0,"gold_gain":0,"player_choice":"Upgraded","damage_taken":0,"max_hp_gain":0,"max_hp_loss":0,"event_name":"Upgrade Shrine","floor":3,"gold_loss":0,"cards_upgraded":["Cold Snap"]},{"damage_healed":0,"gold_gain":0,"player_choice":"Searched \u00271\u0027 times","damage_taken":0,"max_hp_gain":0,"max_hp_loss":0,"event_name":"Dead Adventurer","floor":10,"gold_loss":0},{"damage_healed":0,"gold_gain":0,"player_choice":"Success","damage_taken":25,"relics_obtained":["Strawberry"],"max_hp_gain":0,"max_hp_loss":0,"event_name":"Scrap Ooze","floor":11,"gold_loss":0},{"damage_healed":20,"gold_gain":0,"player_choice":"Healed and dodged fight","damage_taken":0,"max_hp_gain":0,"max_hp_loss":0,"event_name":"Mushrooms","floor":14,"gold_loss":0,"cards_obtained":["Parasite"]},{"cards_removed":["Strike_B"],"damage_healed":0,"gold_gain":0,"player_choice":"Elegance","damage_taken":0,"max_hp_gain":0,"max_hp_loss":0,"event_name":"Back to Basics","floor":20,"gold_loss":0},{"damage_healed":0,"gold_gain":0,"player_choice":"Obtained Book","damage_taken":16,"max_hp_gain":0,"max_hp_loss":0,"event_name":"Cursed Tome","floor":21,"gold_loss":0}],"is_beta":false,"boss_relics":[{"not_picked":["Snecko Eye","Tiny House"],"picked":"Sozu"}],"items_purged_floors":[13],"is_endless":false,"potions_floor_spawned":[1,2,5,19,22,24,29],"killed_by":"Book of Stabbing","ascension_level":1}}