{"host":"51f0ad793vly1w6u","time":1611204930,"event":{"mods":["BaseMod","Colored Map","DeckTracker","Minty Spire (QoL Compilation)","Replay The Spire","StSLib","SuperFastMode"],"gold_per_floor":[116,127,127,146,161,161,195,212,212,212,212,240,240,240,240,341,341,353,553,14,24,24,24,36,36,104,137,137,149,149,174,174,271,271,286,286,286,300,347,347,379,379,379,257,62,77,77,87,87,87,87,87,46,78,78],"floor_reached":56,"language":"KOR","playtime":3500,"items_purged":["Amnesia","Injury"],"score":1646,"play_id":"663b3e4b-d994-402d-bb85-aaaa132b96f9","local_time":"20210121135530","is_ascension_mode":false,"campfire_choices":[{"data":"Eruption","floor":6.0,"key":"SMITH"},{"data":"Vault","floor":11.0,"key":"SMITH"},{"data":"EmptyFist","floor":13.0,"key":"SMITH"},{"data":"FearNoEvil","floor":15.0,"key":"SMITH"},{"floor":23.0,"key":"REST"},{"data":"Adaptation","floor":25.0,"key":"SMITH"},{"data":"Adaptation","floor":28.0,"key":"SMITH"},{"data":"ConjureBlade","floor":32.0,"key":"SMITH"},{"floor":40.0,"key":"REST"},{"data":"Vault","floor":42.0,"key":"SMITH"},{"floor":49,"key":"DIG"},{"data":"Wallop","floor":52,"key":"SMITH"}],"circlet_count":0,"master_deck":["Strike_P+1","Defend_P","Defend_P+1","Eruption+1","Vigilance","FearNoEvil+1","EmptyFist+1","EmptyBody","Vault+1","ReachHeaven","DevaForm+1","ConjureBlade+1","Adaptation+1","FlurryOfBlows","Adaptation+1","Tantrum+1","Vault+1","Wallop+1","Halt+1","MentalFortress","MentalFortress"],"relics":["PureWater","PreservedInsect","Mercury Hourglass","Sundial","ReplayTheSpireMod:Ninjato","Kintsugi","Bottled Tornado","Singing Bowl","The Courier","Quantum Egg","Pen Nib","VioletLotus","Torii","Eternal Feather","Counterbalance","OrangePellets","Orichalcum","Onion Ring"],"acts_visited":["Exordium","TheCity","TheBeyond","TheEnding"],"potions_floor_usage":[50,55,55],"damage_taken":[{"damage":0.0,"enemies":"Cultist","floor":1.0,"turns":2.0},{"damage":0.0,"enemies":"2 Louse","floor":2.0,"turns":1.0},{"damage":0.0,"enemies":"Small Slimes","floor":4.0,"turns":3.0},{"damage":0.0,"enemies":"3 Louse","floor":5.0,"turns":3.0},{"damage":9.0,"enemies":"Gremlin Nob","floor":7.0,"turns":3.0},{"damage":0.0,"enemies":"Gremlin Gang","floor":8.0,"turns":3.0},{"damage":0.0,"enemies":"Lagavulin","floor":12.0,"turns":3.0},{"damage":0.0,"enemies":"Slime Boss","floor":16.0,"turns":6.0},{"damage":28.0,"enemies":"2 Thieves","floor":18.0,"turns":5.0},{"damage":3.0,"enemies":"Spheric Guardian","floor":21.0,"turns":3.0},{"damage":0.0,"enemies":"Snecko","floor":24.0,"turns":3.0},{"damage":0.0,"enemies":"Gremlin Leader","floor":27.0,"turns":4.0},{"damage":8.0,"enemies":"Centurion and Healer","floor":29.0,"turns":3.0},{"damage":0.0,"enemies":"Replay:Snechameleon","floor":31.0,"turns":1.0},{"damage":32.0,"enemies":"Pondfish","floor":33.0,"turns":4.0},{"damage":3.0,"enemies":"3 Darklings","floor":35.0,"turns":3.0},{"damage":30.0,"enemies":"Orb Walker","floor":38.0,"turns":2.0},{"damage":10.0,"enemies":"2 Orb Walkers","floor":39.0,"turns":3.0},{"damage":0.0,"enemies":"Reptomancer","floor":41.0,"turns":3.0},{"damage":1.0,"enemies":"Spire Growth","floor":46.0,"turns":3.0},{"damage":0.0,"enemies":"3 Darklings","floor":48.0,"turns":4.0},{"damage":21,"enemies":"Donu and Deca","floor":50,"turns":4},{"damage":32,"enemies":"Shield and Spear","floor":54,"turns":4},{"damage":47,"enemies":"The Heart","floor":55,"turns":10}],"seed_played":"2585106673834773507","potions_obtained":[{"floor":4.0,"key":"SteroidPotion"},{"floor":12.0,"key":"DuplicationPotion"},{"floor":16.0,"key":"LiquidBronze"},{"floor":29.0,"key":"Milkshake"},{"floor":39.0,"key":"BlessingOfTheForge"},{"floor":48,"key":"LifebloodPotion"}],"is_trial":false,"path_per_floor":["M","M","?","M","M","R","E","M","T","?","R","E","R","?","R","B",null,"M","?","$","M","?","R","M","R","T","E","R","M","?","E","R","B",null,"M","?","?","M","?","R","E","R","T","$","$","M","?","M","R_BF","B",null,"R","$","E","B",null],"character_chosen":"WATCHER","items_purchased":["Bottled Tornado","FlurryOfBlows","Singing Bowl","Wallop","OrangePellets","MentalFortress"],"campfire_rested":2,"item_purchase_floors":[20,20,20,44,45,53],"current_hp_per_floor":[72,72,58,58,58,58,49,49,49,49,49,49,49,49,49,49,72,44,44,44,41,28,51,53,53,53,53,53,47,47,49,49,17,83,82,82,78,50,42,70,72,81,81,81,81,82,82,82,91,70,99,99,99,69,22],"gold":78,"neow_bonus":"RANDOM_COMMON_RELIC","is_daily":false,"chose_seed":false,"campfire_upgraded":9,"win_rate":0.0,"timestamp":1611204930,"path_taken":["M","M","?","M","M","R","E","M","T","?","R","E","R","?","R","BOSS","M","?","$","?","?","R","M","R","T","E","R","M","?","E","R","BOSS","M","?","?","M","?","R","E","R","T","?","$","?","?","M","R_BF","BOSS","R","$","E","BOSS"],"items_purchased_type":["Relic","Card","Relic","Card","Relic","Card"],"build_version":"2020-12-22","purchased_purges":2,"victory":true,"max_hp_per_floor":[72,72,72,72,72,72,72,72,72,72,72,72,72,72,72,72,72,72,72,72,72,77,77,79,79,79,79,79,81,81,83,83,83,83,85,85,91,93,95,95,97,97,97,97,97,99,99,99,99,99,99,99,99,101,101],"card_choices":[{"not_picked":["FlyingSleeves","PathToVictory"],"picked":"FearNoEvil","floor":1.0},{"not_picked":["JustLucky","MentalFortress"],"picked":"EmptyFist","floor":2.0},{"not_picked":["ClearTheMind","BowlingBash"],"picked":"EmptyBody","floor":4.0},{"not_picked":["Study","BowlingBash","LikeWater"],"picked":"SKIP","floor":5.0},{"not_picked":["ReachHeaven","Crescendo"],"picked":"Vault","floor":7.0},{"not_picked":["ThirdEye","Protect"],"picked":"ReachHeaven","floor":8.0},{"not_picked":["Halt","EmptyFist"],"picked":"DevaForm","floor":12.0},{"not_picked":["Establishment","Devotion"],"picked":"ConjureBlade","floor":16.0},{"not_picked":["Replay:DivineShield","BattleHymn"],"picked":"Adaptation","floor":18.0},{"not_picked":["EmptyFist+1","Replay:Battleflow+1"],"picked":"Adaptation","floor":21.0},{"not_picked":["EmptyBody+1","Crescendo","Conclude"],"picked":"Singing Bowl","floor":24.0},{"not_picked":["Pray","ClearTheMind"],"picked":"Tantrum+1","floor":27.0},{"not_picked":["Replay:Hum","Prostrate","Replay:BluntJabs"],"picked":"Singing Bowl","floor":29.0},{"not_picked":["Pray+1","CarveReality","ClearTheMind+1"],"picked":"Singing Bowl","floor":31.0},{"not_picked":["Replay:LoomingThreat","Omniscience"],"picked":"Vault","floor":33.0},{"not_picked":["Evaluate","EmptyBody","Halt+1"],"picked":"Singing Bowl","floor":35.0},{"not_picked":["Forethought","PanicButton","Replay:BasicMightCard"],"picked":"Singing Bowl","floor":37.0},{"not_picked":["Specialist","Flash of Steel","Jack Of All Trades"],"picked":"Singing Bowl","floor":37.0},{"not_picked":["Chrysalis","Dramatic Entrance","Magnetism"],"picked":"Singing Bowl","floor":37.0},{"not_picked":["Collect","Perseverance+1","Replay:BluntJabs"],"picked":"Singing Bowl","floor":38.0},{"not_picked":["BattleHymn","Weave+1","ThirdEye"],"picked":"Singing Bowl","floor":39.0},{"not_picked":["Protect+1","Judgement","MasterReality"],"picked":"Singing Bowl","floor":41.0},{"not_picked":["FollowUp","BowlingBash","Halt"],"picked":"Singing Bowl","floor":46.0},{"not_picked":["FollowUp","Worship"],"picked":"Halt+1","floor":48},{"not_picked":["Swivel","Crescendo","Replay:ManipulateFuture+1"],"picked":"Singing Bowl","floor":54}],"player_experience":1407294,"relics_obtained":[{"floor":7.0,"key":"Mercury Hourglass"},{"floor":9.0,"key":"Sundial"},{"floor":12.0,"key":"ReplayTheSpireMod:Ninjato"},{"floor":26.0,"key":"The Courier"},{"floor":27.0,"key":"Quantum Egg"},{"floor":31.0,"key":"Pen Nib"},{"floor":39.0,"key":"Torii"},{"floor":41.0,"key":"Eternal Feather"},{"floor":43.0,"key":"Counterbalance"},{"floor":49,"key":"Orichalcum"},{"floor":54,"key":"Onion Ring"}],"event_choices":[{"damage_healed":0.0,"max_hp_gain":0.0,"max_hp_loss":0.0,"gold_gain":0.0,"event_name":"Shining Light","player_choice":"Entered Light","floor":3.0,"gold_loss":0.0,"damage_taken":14.0,"cards_upgraded":["Strike_P","Defend_P"]},{"damage_healed":0.0,"max_hp_gain":0.0,"max_hp_loss":0.0,"gold_gain":0.0,"event_name":"Living Wall","player_choice":"Grow","floor":14.0,"gold_loss":0.0,"damage_taken":0.0,"cards_upgraded":["DevaForm"]},{"damage_healed":0.0,"max_hp_gain":0.0,"max_hp_loss":0.0,"gold_gain":250.0,"event_name":"The Joust","player_choice":"Bet on Owner","floor":19.0,"gold_loss":50.0,"damage_taken":0.0},{"damage_healed":0.0,"max_hp_gain":5.0,"max_hp_loss":0.0,"gold_gain":0.0,"event_name":"Forgotten Altar","player_choice":"Shed Blood","floor":22.0,"gold_loss":0.0,"damage_taken":18.0},{"damage_healed":0.0,"max_hp_gain":0.0,"max_hp_loss":0.0,"gold_gain":0.0,"event_name":"Ghosts","player_choice":"Ignored","floor":30.0,"gold_loss":0.0,"damage_taken":0.0},{"damage_healed":0.0,"max_hp_gain":0.0,"max_hp_loss":0.0,"gold_gain":0.0,"event_name":"Tomb of Lord Red Mask","player_choice":"Ignored","floor":36.0,"gold_loss":0.0,"damage_taken":0.0},{"damage_healed":0.0,"max_hp_gain":0.0,"max_hp_loss":0.0,"gold_gain":0.0,"event_name":"SensoryStone","player_choice":"Memory 3","floor":37.0,"gold_loss":0.0,"damage_taken":10.0},{"damage_healed":0.0,"max_hp_gain":0.0,"max_hp_loss":0.0,"gold_gain":0.0,"event_name":"Mysterious Sphere","player_choice":"Fight","floor":39.0,"gold_loss":0.0,"damage_taken":0.0},{"damage_healed":0.0,"max_hp_gain":0.0,"max_hp_loss":0.0,"gold_gain":0.0,"event_name":"Match and Keep!","player_choice":"0 cards matched","floor":47.0,"gold_loss":0.0,"damage_taken":0.0,"cards_obtained":[]}],"is_beta":false,"boss_relics":[{"not_picked":["SacredBark","ReplayTheSpireMod:DimensionalGlitch"],"picked":"Kintsugi"},{"not_picked":["Abe\u0027s Treasure","Replay:Ancient Bell"],"picked":"VioletLotus"}],"items_purged_floors":[44,45],"is_endless":false,"potions_floor_spawned":[4,12,16,27,29,31,39,48],"ascension_level":0}}