{"host":"oc9z8cublggqyfxu","time":1611227392,"event":{"mods":["AchievementEnabler","Act Like it!","Aspiration","BaseMod","Colored Map","Colored Powertips","Dota2Spire","Friendly Minions","Gensokyo","GifTheSpireLib","Hallownest","Hermit","Highlight Path","Infinite Spire","KinomotoSakuraMod(木之本樱)","Koishi","Lobotomy","LobotomyExtend","Marisa（F雨　魔理沙）","Minty Spire (QoL Compilation)","Quick Restart","Rare Cards Sparkle","Relic Stats","Remilia（蕾米莉亚）","Replay The Spire","RumiaBox-露米娅的神秘盒子","Spicy Shops","StSLib","The Administrix","The Animator","The Blackbeard","The Bug Knight","The Cursed","The Hierophant","The Mystic","The Runesmith","The Servant 0.9.4","Yakumo Yukari mod","Youmu（魂魄妖梦）","Yuyuko","vexMod","【功能Mod】混沌之环修复补丁","【功能Mod】聪明的最终Boss"],"gold_per_floor":[109,124,140,159,18,18,29,29,53,53,63,79,136,86,86,212,212,237,267,267,278,278,398,398,408,408,528,528,1088,1166,1242,1242,1392,1392,1438,1451,537,537,537,626,626,642,642,642,673,673,686,596,596,596,596],"floor_reached":52,"language":"ZHS","playtime":7725,"items_purged":["Strike_P+1","Defend_P+1"],"score":762,"play_id":"eba7fccb-b20e-4180-b7c9-b6954b370dc2","local_time":"20210121190952","is_ascension_mode":true,"campfire_choices":[{"data":"LessonLearned","floor":6.0,"key":"SMITH"},{"data":"Eruption","floor":8.0,"key":"SMITH"},{"data":"Replay:Battleflow","floor":10.0,"key":"SMITH"},{"floor":15.0,"key":"REST"},{"data":"FlurryOfBlows","floor":24.0,"key":"SMITH"},{"floor":28.0,"key":"REST"},{"floor":46,"key":"REST"},{"data":"LessonLearned+1","floor":49,"key":"PURGE"}],"circlet_count":0,"master_deck":["Mercenary","BlueStar","Strike_P+1","Strike_P+1","Defend_P+1","Defend_P+1","Eruption+1","Vigilance+1","Halt+1","UniverseFragment","FearNoEvil+1","FlurryOfBlows+1","Replay:Battleflow+1","Wish+1","OSAHOGD","EmptyBody+1","FlurryOfBlows+1","MHz","FieryBird","Crescendo+1","EmptyFist+1","ClearTheMind+1","LikeWater+1","Adaptation+1","FlurryOfBlows+1","Gensokyo:LifeSpringInfinity+1","SnowQueen","Gensokyo:CustomPotion"],"relics":["PureWater","CogitoBucket","RabbitCall","LetterFromLob","Vajra","BackwardClock","Dota2Spire:MaskOfMadness","vexMod:MysteryBossChallenge","ChangeAnything","infinitespire:Beetle Shell","AtMidnight","SkinProphecy","SoulBox","MagicDraw1","ClockworkSouvenir","HandDrill","Regal Pillow","SoundOfStar_r","WantedRequest","Replay:Multitool","Dota2Spire:DivineRapier","Dota2Spire:AssaultCuirass","aspiration:HatOfInfinitePower"],"acts_visited":["Exordium","Hallownest:CityofTears","Gensokyo:Gensokyoest"],"potions_floor_usage":[36],"damage_taken":[{"damage":3.0,"enemies":"2 Louse","floor":1.0,"turns":3.0},{"damage":0.0,"enemies":"Cultist","floor":2.0,"turns":4.0},{"damage":3.0,"enemies":"Jaw Worm","floor":3.0,"turns":4.0},{"damage":1.0,"enemies":"2 Fungi Beasts","floor":4.0,"turns":4.0},{"damage":2.0,"enemies":"Looter","floor":7.0,"turns":4.0},{"damage":21.0,"enemies":"Red Slaver","floor":11.0,"turns":3.0},{"damage":0.0,"enemies":"Exordium Wildlife","floor":12.0,"turns":3.0},{"damage":26.0,"enemies":"Lagavulin","floor":13.0,"turns":12.0},{"damage":19.0,"enemies":"The Guardian","floor":16.0,"turns":7.0},{"damage":10.0,"enemies":"Hallownest:Flukemon_and_Top","floor":18.0,"turns":9.0},{"damage":20.0,"enemies":"Hallownest:Flukemon_and_Top","floor":19.0,"turns":7.0},{"damage":38.0,"enemies":"Hallownest:Flukemon_and_Top","floor":21.0,"turns":5.0},{"damage":23.0,"enemies":"Hallownest:eliteSoulWarrior","floor":23.0,"turns":7.0},{"damage":3.0,"enemies":"Hallownest:2_Mistakes","floor":25.0,"turns":3.0},{"damage":51.0,"enemies":"Hallownest:Glutton_and_Coward","floor":27.0,"turns":5.0},{"damage":26.0,"enemies":"Hallownest:3_Mistakes","floor":30.0,"turns":8.0},{"damage":49.0,"enemies":"Hallownest:Warrior_and_Youth","floor":31.0,"turns":16.0},{"damage":24.0,"enemies":"Hallownest:BossGrimm","floor":33.0,"turns":5.0},{"damage":9.0,"enemies":"Gensokyo:3_Bats","floor":35.0,"turns":5.0},{"damage":0,"enemies":"Gensokyo:3_Boulders","floor":36,"turns":3},{"damage":98,"enemies":"Gensokyo:3_Boulders","floor":38,"turns":16},{"damage":38,"enemies":"Gensokyo:Marisa","floor":40,"turns":6},{"damage":2,"enemies":"Gensokyo:AtlasGolem","floor":42,"turns":3},{"damage":14,"enemies":"Gensokyo:Doremy","floor":45,"turns":4},{"damage":3,"enemies":"Gensokyo:SeedOfUnknown","floor":47,"turns":3},{"damage":50,"enemies":"Gensokyo:Shinki","floor":50,"turns":7}],"seed_played":"8774871569132719220","potions_obtained":[{"floor":11.0,"key":"Fruit Juice"},{"floor":12.0,"key":"Languid Potion"},{"floor":13.0,"key":"Weak Potion"},{"floor":16.0,"key":"Regen Potion"},{"floor":23.0,"key":"LifebloodPotion"},{"floor":25.0,"key":"Swift Potion"},{"floor":30.0,"key":"FearPotion"},{"floor":31.0,"key":"SteroidPotion"},{"floor":40,"key":"Elixir"},{"floor":45,"key":"ColorlessPotion"},{"floor":47,"key":"LifebloodPotion"}],"is_trial":false,"path_per_floor":["M","M","M","M","$","R","M","R","T","R","M","M","E","?","R_BF","B",null,"M","?","?","M","?","E","R","M","T","M","R","?","M","M","R_BF","B",null,"M","M","$","?","?","E","AVR","M","T","R","E","R","M","?","R","B",null,null],"character_chosen":"WATCHER","items_purchased":["LessonLearned","Adaptation","FlurryOfBlows","MagicDraw1","ClockworkSouvenir","HandDrill","Regal Pillow"],"campfire_rested":3,"item_purchase_floors":[5,37,37,37,37,37,37],"current_hp_per_floor":[69,69,66,65,65,65,63,63,63,63,42,42,16,16,37,38,77,67,74,77,49,61,64,64,67,67,22,45,45,44,43,66,50,79,78,83,83,83,83,76,76,79,79,79,61,89,82,82,82,52,52],"gold":596,"neow_bonus":"","is_daily":false,"chose_seed":false,"campfire_upgraded":4,"win_rate":0.0,"timestamp":1611227392,"path_taken":["M","M","M","M","$","R","M","R","T","R","M","?","E","?","R_BF","BOSS","M","?","?","?","?","E","R","M","T","M","R","?","M","M","R_BF","BOSS","M","M","$","?","?","E","AVR","M","T","R","E","R","?","?","R","BOSS"],"items_purchased_type":["Card","Card","Card","Relic","Relic","Relic","Relic"],"build_version":"2020-12-22","purchased_purges":2,"victory":true,"max_hp_per_floor":[72,72,72,72,72,72,72,72,72,72,72,72,72,72,72,77,77,77,77,77,77,77,77,77,77,77,77,77,77,77,77,77,79,79,81,83,83,83,83,85,85,87,87,87,89,89,91,91,91,93,93],"relic_stats":{"Regal Pillow":2,"counters":[29,159],"HandDrill":[10],"obtain_stats":[{"RabbitCall":0,"BackwardClock":11,"Dota2Spire:MaskOfMadness":13,"Regal Pillow":37,"Inserter":17,"Vajra":9,"vexMod:MysteryBossChallenge":17,"infinitespire:Beetle Shell":23,"SoulBox":34,"Replay:Multitool":40,"SkinProphecy":31,"MagicDraw1":37,"ClockworkSouvenir":37,"CogitoBucket":0,"AtMidnight":31,"SoundOfStar_r":38,"Dota2Spire:DivineRapier":41,"LetterFromLob":1,"HandDrill":37,"Dota2Spire:AssaultCuirass":43,"PureWater":0,"ChangeAnything":21,"aspiration:HatOfInfinitePower":45,"WantedRequest":40},{"RabbitCall":0,"BackwardClock":7,"Dota2Spire:MaskOfMadness":9,"Regal Pillow":23,"Inserter":10,"Vajra":5,"vexMod:MysteryBossChallenge":10,"infinitespire:Beetle Shell":15,"SoulBox":21,"Replay:Multitool":25,"SkinProphecy":20,"MagicDraw1":23,"ClockworkSouvenir":23,"CogitoBucket":0,"AtMidnight":20,"SoundOfStar_r":24,"Dota2Spire:DivineRapier":25,"LetterFromLob":1,"HandDrill":23,"Dota2Spire:AssaultCuirass":26,"PureWater":0,"ChangeAnything":14,"aspiration:HatOfInfinitePower":27,"WantedRequest":25},{"RabbitCall":0,"BackwardClock":23,"Dota2Spire:MaskOfMadness":38,"Regal Pillow":120,"Inserter":45,"Vajra":19,"vexMod:MysteryBossChallenge":45,"infinitespire:Beetle Shell":74,"SoulBox":112,"Replay:Multitool":142,"SkinProphecy":107,"MagicDraw1":120,"ClockworkSouvenir":120,"CogitoBucket":0,"AtMidnight":107,"SoundOfStar_r":128,"Dota2Spire:DivineRapier":142,"LetterFromLob":3,"HandDrill":120,"Dota2Spire:AssaultCuirass":145,"PureWater":0,"ChangeAnything":67,"aspiration:HatOfInfinitePower":149,"WantedRequest":138}]},"card_choices":[{"not_picked":["VoidDream","ShyLook","UniverseFragment"],"picked":"Singing Bowl","floor":1.0},{"not_picked":["WindmillStrike","EmptyMind"],"picked":"Halt","floor":1.0},{"not_picked":["SpiderBud","CherryBlossoms","Wellcheers"],"picked":"Singing Bowl","floor":2.0},{"not_picked":["ShyLook","VoidDream"],"picked":"UniverseFragment","floor":2.0},{"not_picked":["Weave","JustLucky"],"picked":"FearNoEvil","floor":2.0},{"not_picked":["CrumblingArmor","Laetitia","BeautyBeast"],"picked":"Singing Bowl","floor":3.0},{"not_picked":["EmptyBody","Halt"],"picked":"FlurryOfBlows","floor":3.0},{"not_picked":["MHz","Funeral","SingingMachine"],"picked":"Singing Bowl","floor":4.0},{"not_picked":["Omniscience","Weave"],"picked":"Replay:Battleflow","floor":4.0},{"not_picked":["BeautyBeast","Rudolta","Murderer"],"picked":"Singing Bowl","floor":7.0},{"not_picked":["JustLucky","ForeignInfluence","Replay:DivineShield"],"picked":"SKIP","floor":7.0},{"not_picked":["CarveReality","WindmillStrike"],"picked":"Wish","floor":11.0},{"not_picked":["BlackSwan","FairyFestival","SingingMachine"],"picked":"Singing Bowl","floor":11.0},{"not_picked":["FairyFestival","VoidDream"],"picked":"OSAHOGD","floor":12.0},{"not_picked":["ForeignInfluence","Consecrate","BowlingBash"],"picked":"SKIP","floor":12.0},{"not_picked":["ShyLook","OldLady"],"picked":"QueenOfHatred","floor":13.0},{"not_picked":["Crescendo","Replay:AtTheReady","Wireheading"],"picked":"SKIP","floor":13.0},{"not_picked":["CherryBlossoms","GreedKing","SpiderBud"],"picked":"Singing Bowl","floor":16.0},{"not_picked":["FlyingSleeves+1","Halt"],"picked":"EmptyBody","floor":21.0},{"not_picked":["DespairKnight","Funeral","Scarecrow"],"picked":"Singing Bowl","floor":21.0},{"not_picked":["MasterReality","Study"],"picked":"FlurryOfBlows+1","floor":23.0},{"not_picked":["NakedNest","MHz","VoidDream"],"picked":"Singing Bowl","floor":23.0},{"not_picked":["WhitesApple","LittleHelper","Woodsman"],"picked":"Singing Bowl","floor":25.0},{"not_picked":["NothingThere","PunishingBird"],"picked":"MHz","floor":25.0},{"not_picked":["Worship","CrushJoints","Pray"],"picked":"SKIP","floor":25.0},{"not_picked":["WallGazer","Porccubus"],"picked":"FieryBird","floor":27.0},{"not_picked":["Conclude","Replay:AtTheReady","Weave+1"],"picked":"SKIP","floor":27.0},{"not_picked":["Conclude","Replay:AtTheReady","Weave+1"],"picked":"SKIP","floor":27.0},{"not_picked":["Funeral","GalaxyChild","ShyLook"],"picked":"Singing Bowl","floor":30.0},{"not_picked":["Meditate","CrushJoints+1"],"picked":"Crescendo","floor":30.0},{"not_picked":["BeautyBeast","OldLady","Variant"],"picked":"Singing Bowl","floor":31.0},{"not_picked":["ForeignInfluence","Protect+1"],"picked":"EmptyFist","floor":31.0},{"not_picked":["Scarecrow","WhitesApple","Funeral"],"picked":"Singing Bowl","floor":33.0},{"not_picked":["SpiderBud","OldLady"],"picked":"BlueStar","floor":33.0},{"not_picked":["Crescendo","Pray+1"],"picked":"ClearTheMind+1","floor":35.0},{"not_picked":["DespairKnight","HeroicMonk"],"picked":"MeltingLove","floor":35.0},{"not_picked":["Bloodbath","BodiesMountain","ShyLook"],"picked":"Singing Bowl","floor":36},{"not_picked":["DreamingCurrent","SingingMachine"],"picked":"Mercenary","floor":36},{"not_picked":["FlyingSleeves+1","JustLucky+1"],"picked":"LikeWater","floor":36},{"not_picked":["Gensokyo:Dawn+1","Gensokyo:HouraiInAPot+1"],"picked":"Gensokyo:LifeSpringInfinity+1","floor":38},{"not_picked":["NothingThere","Funeral","LongBird"],"picked":"Singing Bowl","floor":40},{"not_picked":["Ragnarok","Consecrate","Conclude+1"],"picked":"SKIP","floor":40},{"not_picked":["SnowQueen","Rudolta","BodiesMountain"],"picked":"Singing Bowl","floor":42},{"not_picked":["Consecrate+1","Swivel","JustLucky+1"],"picked":"SKIP","floor":42},{"not_picked":["Alriune","Woodsman","LaLuna"],"picked":"Singing Bowl","floor":45},{"not_picked":["WhitesApple","Alriune"],"picked":"SnowQueen","floor":45},{"not_picked":["Replay:BluntJabs","Replay:Hum","MasterReality"],"picked":"SKIP","floor":45},{"not_picked":["Replay:BluntJabs","Replay:Hum","MasterReality"],"picked":"SKIP","floor":45},{"not_picked":["Woodsman","Freischutz","WhiteNight"],"picked":"Singing Bowl","floor":47},{"not_picked":["WaveOfTheHand+1","Consecrate+1","EmptyBody"],"picked":"SKIP","floor":47}],"player_experience":360906,"relics_obtained":[{"floor":1.0,"key":"LetterFromLob"},{"floor":9.0,"key":"Vajra"},{"floor":13.0,"key":"Dota2Spire:MaskOfMadness"},{"floor":23.0,"key":"infinitespire:Beetle Shell"},{"floor":31.0,"key":"AtMidnight"},{"floor":40,"key":"Replay:Multitool"},{"floor":43,"key":"Dota2Spire:AssaultCuirass"},{"floor":45,"key":"aspiration:HatOfInfinitePower"}],"event_choices":[{"cards_removed":["Defend_P"],"damage_healed":0.0,"max_hp_gain":0.0,"max_hp_loss":0.0,"gold_gain":0.0,"event_name":"The Cleric","player_choice":"Card Removal","floor":14.0,"gold_loss":50.0,"damage_taken":0.0}],"is_beta":false,"boss_relics":[{"not_picked":["SlaversCollar","vexMod:TanglingVine"],"picked":"vexMod:MysteryBossChallenge"},{"not_picked":["ChewingGum","SacredBark"],"picked":"SoulBox"}],"items_purged_floors":[37,41],"is_endless":false,"potions_floor_spawned":[11,12,13,16,18,23,25,30,31,40,45,47],"ascension_level":1}}