{"host":"pq8o62wp0h1hflf3","time":1611248387,"event":{"mods":["BaseMod","Minty Spire (QoL Compilation)","Relic Stats","ojb\u0027s Info Mod"],"gold_per_floor":[119,119,26,126,137,165,180,212,212,212,229,43,70,145,145,217,217,230,230,241,241,23,23,62,88,88,88,88],"floor_reached":27,"language":"ENG","playtime":3577,"items_purged":["Strike_G"],"score":598,"play_id":"f54bce5a-932f-489c-8d89-5bd96a7b8b8b","local_time":"20210121115947","is_ascension_mode":true,"campfire_choices":[{"floor":10,"key":"REST"},{"data":"Catalyst","floor":15,"key":"SMITH"},{"data":"Corpse Explosion","floor":23,"key":"SMITH"}],"circlet_count":0,"master_deck":["AscendersBane","Strike_G","Strike_G","Strike_G","Strike_G","Defend_G","Defend_G","Defend_G+1","Defend_G+1","Defend_G","Survivor","Neutralize","Blade Dance","Footwork","Deadly Poison","Bouncing Flask","Poisoned Stab","Escape Plan","Catalyst+1","Envenom","Corpse Explosion+1","Backflip","Ghostly","Ghostly","Ghostly","Malaise","PiercingWail"],"relics":["Ring of the Snake","Art of War","The Specimen","The Courier","Oddly Smooth Stone","Nunchaku","Snecko Eye","Nloth\u0027s Gift","Singing Bowl","CeramicFish"],"acts_visited":["Exordium","TheCity"],"potions_floor_usage":[27],"damage_taken":[{"damage":0.0,"enemies":"2 Louse","floor":1.0,"turns":1.0},{"damage":0.0,"enemies":"Jaw Worm","floor":5.0,"turns":1.0},{"damage":0.0,"enemies":"3 Sentries","floor":6.0,"turns":2.0},{"damage":4.0,"enemies":"Cultist","floor":7.0,"turns":3.0},{"damage":6,"enemies":"Lagavulin","floor":8,"turns":6},{"damage":5,"enemies":"Red Slaver","floor":11,"turns":3},{"damage":2,"enemies":"Gremlin Nob","floor":13,"turns":3},{"damage":22,"enemies":"Hexaghost","floor":16,"turns":8},{"damage":15,"enemies":"3 Byrds","floor":18,"turns":3},{"damage":7,"enemies":"2 Thieves","floor":20,"turns":2},{"damage":0,"enemies":"Gremlin Leader","floor":24,"turns":6},{"damage":10,"enemies":"Centurion and Healer","floor":25,"turns":8},{"damage":20,"enemies":"Slavers","floor":27,"turns":4}],"seed_played":"-8797444723211020355","potions_obtained":[{"floor":5.0,"key":"EssenceOfSteel"},{"floor":8,"key":"Ancient Potion"},{"floor":11,"key":"DuplicationPotion"}],"is_trial":false,"path_per_floor":["M","?","$","?","M","E","M","E","T","R","M","$","E","?","R","B",null,"M","?","M","?","$","R","E","M","T","E"],"character_chosen":"THE_SILENT","items_purchased":["Footwork","Deadly Poison","Oddly Smooth Stone","Singing Bowl"],"campfire_rested":1,"item_purchase_floors":[3,3,12,22],"current_hp_per_floor":[59,39,39,39,39,39,35,29,29,48,43,43,41,30,30,8,52,37,37,30,30,30,30,30,20,20,0,0],"gold":88,"neow_bonus":"THREE_ENEMY_KILL","is_daily":false,"chose_seed":false,"campfire_upgraded":2,"win_rate":0.0,"timestamp":1611248387,"path_taken":["M","?","$","?","?","E","M","E","T","R","M","?","E","?","R","BOSS","M","?","?","?","$","R","E","M","T","E"],"items_purchased_type":["Card","Card","Relic","Relic"],"build_version":"2020-12-22","purchased_purges":1,"victory":false,"max_hp_per_floor":[66,66,66,66,66,66,66,66,66,66,66,66,66,66,66,66,66,66,66,66,33,33,33,33,33,33,33,33],"relic_stats":{"Nunchaku":[3],"Singing Bowl":0,"counters":[13,50],"CeramicFish":18,"Snecko Eye":[36,47,44,47],"Art of War":[22],"Nloth\u0027s Gift":0,"obtain_stats":[{"Nunchaku":13,"NeowsBlessing":0,"The Specimen":8,"Singing Bowl":22,"CeramicFish":24,"Oddly Smooth Stone":12,"Snecko Eye":17,"The Courier":9,"Art of War":6,"Nloth\u0027s Gift":19,"Ring of the Snake":0},{"Nunchaku":7,"NeowsBlessing":0,"The Specimen":5,"Singing Bowl":10,"CeramicFish":11,"Oddly Smooth Stone":6,"Snecko Eye":8,"The Courier":5,"Art of War":3,"Nloth\u0027s Gift":9,"Ring of the Snake":0},{"Nunchaku":19,"NeowsBlessing":0,"The Specimen":13,"Singing Bowl":32,"CeramicFish":38,"Oddly Smooth Stone":16,"Snecko Eye":27,"The Courier":13,"Art of War":4,"Nloth\u0027s Gift":30,"Ring of the Snake":0}],"Ring of the Snake":[26]},"card_choices":[{"not_picked":["PiercingWail","Quick Slash"],"picked":"Blade Dance","floor":1.0},{"not_picked":["Heel Hook","Dagger Spray"],"picked":"Bouncing Flask","floor":5.0},{"not_picked":["Underhanded Strike","Flechettes"],"picked":"Poisoned Stab","floor":6.0},{"not_picked":["Deflect","Unload","Slice"],"picked":"SKIP","floor":7.0},{"not_picked":["Slice","Choke"],"picked":"Escape Plan","floor":8},{"not_picked":["Quick Slash","Flying Knee"],"picked":"Catalyst","floor":11},{"not_picked":["Setup","Finisher"],"picked":"Envenom","floor":13},{"not_picked":["Storm of Steel","Unload"],"picked":"Corpse Explosion","floor":16},{"not_picked":["Deflect","Endless Agony"],"picked":"Backflip","floor":18},{"not_picked":["Quick Slash","Tactician","Expertise"],"picked":"SKIP","floor":20},{"not_picked":["Setup","Dagger Spray"],"picked":"Malaise","floor":24},{"not_picked":["Deadly Poison","Slice"],"picked":"PiercingWail","floor":25}],"player_experience":1151950,"relics_obtained":[{"floor":6.0,"key":"Art of War"},{"floor":8,"key":"The Specimen"},{"floor":9,"key":"The Courier"},{"floor":13,"key":"Nunchaku"},{"floor":24,"key":"CeramicFish"}],"event_choices":[{"damage_healed":0.0,"max_hp_gain":0.0,"max_hp_loss":0.0,"gold_gain":0.0,"event_name":"Shining Light","player_choice":"Entered Light","floor":2.0,"gold_loss":0.0,"damage_taken":20.0,"cards_upgraded":["Defend_G","Defend_G"]},{"damage_healed":0.0,"max_hp_gain":0.0,"max_hp_loss":0.0,"gold_gain":100.0,"event_name":"Wheel of Change","player_choice":"Gold","floor":4.0,"gold_loss":0.0,"damage_taken":0.0},{"damage_healed":0,"gold_gain":75,"player_choice":"Gather Gold","damage_taken":11,"max_hp_gain":0,"max_hp_loss":0,"event_name":"World of Goop","floor":14,"gold_loss":0},{"damage_healed":0,"gold_gain":0,"player_choice":"Traded Relic","damage_taken":0,"relics_obtained":["Nloth\u0027s Gift"],"max_hp_gain":0,"max_hp_loss":0,"event_name":"N\u0027loth","floor":19,"relics_lost":["NeowsBlessing"],"gold_loss":0},{"damage_healed":0,"gold_gain":0,"player_choice":"Became a Ghost","damage_taken":0,"max_hp_gain":0,"max_hp_loss":33,"event_name":"Ghosts","floor":21,"gold_loss":0,"cards_obtained":["Ghostly","Ghostly","Ghostly"]}],"is_beta":false,"boss_relics":[{"not_picked":["Calling Bell","Runic Pyramid"],"picked":"Snecko Eye"}],"items_purged_floors":[12],"is_endless":false,"potions_floor_spawned":[5,8,11,18,20],"killed_by":"Slavers","ascension_level":20}}