{"host":"wogey4gsknv4ot2d","time":1611223087,"event":{"mods":["2.2 Compatiblity","AchievementEnabler","Act Like it!","Alarm Clock","BaseMod","Bestiary","Better Match","Better Third Choice","Colored Map","Colored Powertips","Googly Eyes","Key Reminder","Minty Spire (QoL Compilation)","Permanent Neow","Rare Cards Sparkle","Relic Stats","StSLib"],"gold_per_floor":[115,135,211,6,25,25,54,54,54,54,84,97,97,132,132,227,227,243,243,243,291,216,245,255,255,335,10,20,20,37,47,47,147,147,166,21,39,39,39,39,39],"floor_reached":40,"language":"ENG","playtime":1271,"items_purged":[],"score":489,"play_id":"4cb515d3-a474-47d1-9124-20f025cedb9d","local_time":"20210121035807","is_ascension_mode":true,"campfire_choices":[{"floor":6,"key":"RECALL"},{"floor":8,"key":"REST"},{"data":"Cold Snap","floor":10,"key":"SMITH"},{"floor":15,"key":"REST"},{"floor":25,"key":"REST"},{"floor":32,"key":"REST"}],"circlet_count":0,"master_deck":["Strike_B+1","Strike_B+1","Strike_B+1","Strike_B+1","Defend_B+1","Defend_B+1","Defend_B+1","Defend_B+1","Zap","Dualcast","Coolheaded","Streamline+1","Cold Snap+1","Loop","Cold Snap+1","Cold Snap+1","Beam Cell","Defragment","Coolheaded","Self Repair","Conserve Battery","Streamline","Leap+1","Madness","Madness"],"relics":["Cracked Core","Lantern","Boot","Turnip","Juzu Bracelet","Ancient Tea Set","Fusion Hammer","Whetstone","Bronze Scales","Singing Bowl","Meat on the Bone","Busted Crown","Orrery"],"acts_visited":["Exordium","TheCity","TheBeyond"],"potions_floor_usage":[11,28,30,40,40],"damage_taken":[{"damage":10,"enemies":"2 Louse","floor":1,"turns":3},{"damage":2,"enemies":"Jaw Worm","floor":2,"turns":4},{"damage":0,"enemies":"Small Slimes","floor":5,"turns":3},{"damage":11,"enemies":"3 Sentries","floor":7,"turns":7},{"damage":28,"enemies":"Gremlin Nob","floor":11,"turns":5},{"damage":9,"enemies":"Red Slaver","floor":12,"turns":2},{"damage":26,"enemies":"Lagavulin","floor":14,"turns":5},{"damage":19,"enemies":"Hexaghost","floor":16,"turns":15},{"damage":30,"enemies":"3 Byrds","floor":18,"turns":5},{"damage":35,"enemies":"Slavers","floor":23,"turns":9},{"damage":16,"enemies":"2 Thieves","floor":24,"turns":4},{"damage":16,"enemies":"3 Cultists","floor":28,"turns":6},{"damage":5,"enemies":"Centurion and Healer","floor":30,"turns":7},{"damage":19,"enemies":"Sentry and Sphere","floor":31,"turns":6},{"damage":2,"enemies":"Champ","floor":33,"turns":15},{"damage":4,"enemies":"Orb Walker","floor":35,"turns":4},{"damage":32,"enemies":"3 Darklings","floor":37,"turns":6},{"damage":72,"enemies":"Reptomancer","floor":40,"turns":2}],"seed_played":"370834953346104429","potions_obtained":[{"floor":7,"key":"LiquidBronze"},{"floor":16,"key":"Swift Potion"},{"floor":24,"key":"SkillPotion"},{"floor":33,"key":"ColorlessPotion"},{"floor":37,"key":"ColorlessPotion"}],"is_trial":false,"path_per_floor":["M","M","?","$","M","R","E","R","T","R","E","M","?","E","R","B",null,"M","?","?","T","?","E","M","R","T","$","M","?","M","M","R","B",null,"M","$","M","?","$","E"],"character_chosen":"DEFECT","items_purchased":["Boot","Cold Snap","Meat on the Bone","Regen Potion","Orrery"],"campfire_rested":4,"item_purchase_floors":[4,4,27,27,36],"current_hp_per_floor":[65,63,63,63,63,63,52,74,74,74,46,37,37,11,33,14,75,45,45,70,70,70,35,26,48,48,48,53,39,56,58,83,86,86,88,94,71,59,59,0,0],"gold":39,"neow_bonus":"RANDOM_COMMON_RELIC","is_daily":false,"chose_seed":false,"campfire_upgraded":1,"win_rate":0.0,"timestamp":1611223087,"path_taken":["M","M","?","$","M","R","E","R","T","R","E","M","?","E","R","BOSS","M","?","?","?","?","E","M","R","T","?","M","?","M","M","R","BOSS","M","$","M","?","$","E"],"items_purchased_type":["Relic","Card","Relic","Potion","Relic"],"build_version":"2020-12-22","purchased_purges":0,"victory":false,"max_hp_per_floor":[75,75,75,75,75,75,75,75,75,75,75,75,75,75,75,75,75,75,75,75,75,75,75,75,75,75,75,77,82,82,84,84,86,86,88,94,96,96,96,96,96],"relic_stats":{"Busted Crown":14,"Singing Bowl":16,"counters":[18,108],"Bronze Scales":[149],"Turnip":[13],"Juzu Bracelet":1,"Whetstone":["Cold Snap","Streamline"],"Boot":[54],"obtain_stats":[{"Lantern":0,"Singing Bowl":26,"Juzu Bracelet":11,"Whetstone":21,"Boot":4,"Ancient Tea Set":14,"keyreminder:keyreminder":6,"Busted Crown":34,"Bronze Scales":23,"Orrery":36,"Turnip":7,"Fusion Hammer":17,"Cracked Core":0,"Meat on the Bone":27},{"Lantern":0,"Singing Bowl":11,"Juzu Bracelet":5,"Whetstone":9,"Boot":2,"Ancient Tea Set":7,"keyreminder:keyreminder":3,"Busted Crown":15,"Bronze Scales":10,"Orrery":16,"Turnip":4,"Fusion Hammer":8,"Cracked Core":0,"Meat on the Bone":11},{"Lantern":0,"Singing Bowl":62,"Juzu Bracelet":22,"Whetstone":49,"Boot":7,"Ancient Tea Set":29,"keyreminder:keyreminder":10,"Busted Crown":96,"Bronze Scales":58,"Orrery":100,"Turnip":17,"Fusion Hammer":44,"Cracked Core":0,"Meat on the Bone":62}],"Meat on the Bone":24},"card_choices":[{"not_picked":["Go for the Eyes","Barrage"],"picked":"Coolheaded","floor":1},{"not_picked":["Sweeping Beam","Hologram"],"picked":"Streamline","floor":2},{"not_picked":["Fusion","Compile Driver"],"picked":"Loop","floor":5},{"not_picked":["Turbo","Thunder Strike"],"picked":"Cold Snap","floor":7},{"not_picked":["Redo","Sweeping Beam"],"picked":"Cold Snap","floor":11},{"not_picked":["Sweeping Beam","Ball Lightning"],"picked":"Beam Cell","floor":12},{"not_picked":["Amplify","Conserve Battery"],"picked":"Defragment","floor":14},{"not_picked":["Hologram","Stack"],"picked":"Coolheaded","floor":18},{"not_picked":["Conserve Battery","Sweeping Beam+1"],"picked":"Self Repair","floor":23},{"not_picked":["Gash+1","Ball Lightning","Auto Shields"],"picked":"SKIP","floor":24},{"not_picked":["Tempest","Ball Lightning","Compile Driver"],"picked":"Singing Bowl","floor":28},{"not_picked":["Heatsinks","Doom and Gloom"],"picked":"Conserve Battery","floor":30},{"not_picked":["Barrage","Darkness","Static Discharge+1"],"picked":"Singing Bowl","floor":31},{"not_picked":["Amplify","Biased Cognition","Rainbow"],"picked":"Singing Bowl","floor":33},{"not_picked":["Sunder+1"],"picked":"Singing Bowl","floor":35},{"not_picked":["Biased Cognition"],"picked":"Singing Bowl","floor":36},{"not_picked":["Barrage"],"picked":"Singing Bowl","floor":36},{"not_picked":[],"picked":"Streamline","floor":36},{"not_picked":[],"picked":"Leap+1","floor":36},{"not_picked":["Aggregate+1"],"picked":"Singing Bowl","floor":36},{"not_picked":["Reinforced Body"],"picked":"Singing Bowl","floor":37}],"player_experience":66134,"relics_obtained":[{"floor":7,"key":"Turnip"},{"floor":11,"key":"Juzu Bracelet"},{"floor":14,"key":"Ancient Tea Set"},{"floor":21,"key":"Whetstone"},{"floor":23,"key":"Bronze Scales"},{"floor":26,"key":"Singing Bowl"}],"event_choices":[{"damage_healed":0,"gold_gain":76,"player_choice":"Gained Gold","damage_taken":0,"max_hp_gain":0,"max_hp_loss":0,"event_name":"Golden Wing","floor":3,"gold_loss":0},{"damage_healed":0,"gold_gain":0,"player_choice":"Grow","damage_taken":0,"max_hp_gain":0,"max_hp_loss":0,"event_name":"Living Wall","floor":13,"gold_loss":0,"cards_upgraded":["Cold Snap"]},{"damage_healed":0,"gold_gain":0,"player_choice":"Simplicity","damage_taken":0,"max_hp_gain":0,"max_hp_loss":8,"event_name":"betterThird:BetterWriting","floor":19,"gold_loss":0},{"damage_healed":25,"gold_gain":0,"player_choice":"Heal","damage_taken":0,"max_hp_gain":0,"max_hp_loss":0,"event_name":"The Library","floor":20,"gold_loss":0},{"damage_healed":0,"gold_gain":0,"player_choice":"1","damage_taken":0,"max_hp_gain":0,"max_hp_loss":0,"event_name":"betterMatch:BetterMatch","floor":22,"gold_loss":0,"cards_obtained":[]},{"damage_healed":0,"gold_gain":0,"player_choice":"Shed Blood","damage_taken":19,"max_hp_gain":5,"max_hp_loss":0,"event_name":"Forgotten Altar","floor":29,"gold_loss":0},{"damage_healed":0,"gold_gain":0,"player_choice":"Embrace Madness","damage_taken":12,"max_hp_gain":0,"max_hp_loss":0,"event_name":"Winding Halls","floor":38,"gold_loss":0,"cards_obtained":["Madness","Madness"]}],"is_beta":false,"boss_relics":[{"not_picked":["Coffee Dripper","Runic Dome"],"picked":"Fusion Hammer"},{"not_picked":["SlaversCollar","Snecko Eye"],"picked":"Busted Crown"}],"items_purged_floors":[],"is_endless":false,"potions_floor_spawned":[7,12,16,18,24,30,33,37],"killed_by":"Reptomancer","ascension_level":2}}