{"host":"yfdtuf6ojcxn06xg","time":1611193722,"event":{"mods":["2.2 Compatiblity","AchievementEnabler","BaseMod","Colored Map","Colored Powertips","Curses Come First","Hermit","JesterMod","Jorbs\u0027s Wanderer Trilogy","Minty Spire (QoL Compilation)","Quick Restart","Rare Cards Sparkle","Relic Stats","Replay The Spire","StSLib","The Cursed","The Disciple","The Hierophant","The Jungle","The Marked","The Necromancer","The Servant 0.9.4"],"gold_per_floor":[110,110,123,142,192,192,223,223,275,275,328,67,78,109,109,213,213,213,213],"floor_reached":18,"language":"ENG","playtime":863,"items_purged":["hermit:Defend_Hermit"],"score":176,"play_id":"c21310cd-bc2c-4fa0-88e6-195b35ef2f03","local_time":"20210120204842","is_ascension_mode":true,"campfire_choices":[{"data":"hermit:Covet","floor":6,"key":"SMITH"},{"data":"hermit:CursedWeapon","floor":8,"key":"SMITH"},{"data":"hermit:Determination","floor":10,"key":"SMITH"},{"floor":15,"key":"REST"}],"circlet_count":0,"master_deck":["hermit:Strike_Hermit","hermit:Strike_Hermit","hermit:Strike_Hermit","hermit:Defend_Hermit","hermit:Defend_Hermit","hermit:Defend_Hermit","hermit:Snapshot","hermit:Covet+1","hermit:Glare","hermit:Headshot","hermit:Determination+1","hermit:CursedWeapon+1","hermit:ImpendingDoom","hermit:ShadowCloak","Chrysalis+1","hermit:Desperado","hermit:FatalDesire+1","hermit:Purgatory+1","Voices","Doubt","stsjorbsmod:Withering"],"relics":["hermit:Momento","NeowsBlessing","Ring of Greed","Ring of Hypnosis","Golden Egg","Blue Doll","Nunchaku","Replay:Mystery Machine","Oddly Smooth Stone","Toxic Egg 2","Astrolabe"],"acts_visited":["Exordium","TheCity"],"potions_floor_usage":[13,14,14],"damage_taken":[{"damage":0,"enemies":"Jaw Worm","floor":1,"turns":1},{"damage":0,"enemies":"Cultist","floor":3,"turns":1},{"damage":0,"enemies":"Small Slimes","floor":4,"turns":1},{"damage":17,"enemies":"3 Sentries","floor":7,"turns":4},{"damage":17,"enemies":"3 Louse","floor":13,"turns":5},{"damage":10,"enemies":"Lagavulin","floor":14,"turns":5},{"damage":22,"enemies":"Fading Forest","floor":16,"turns":11},{"damage":21,"enemies":"3 Byrds","floor":18,"turns":2}],"seed_played":"-6751184958504821405","potions_obtained":[{"floor":3,"key":"SteroidPotion"},{"floor":11,"key":"SteroidPotion"},{"floor":11,"key":"Venom Potion"},{"floor":13,"key":"GamblersBrew"}],"is_trial":false,"path_per_floor":["M","?","M","M","?","R","E","R","T","R","?","$","M","E","R","B",null,"M"],"character_chosen":"HERMIT","items_purchased":["Chrysalis"],"campfire_rested":1,"item_purchase_floors":[12],"current_hp_per_floor":[75,75,75,75,75,75,58,58,58,58,58,58,41,31,53,45,75,54,54],"gold":213,"neow_bonus":"THREE_ENEMY_KILL","is_daily":false,"chose_seed":false,"campfire_upgraded":3,"win_rate":0.0,"timestamp":1611193722,"path_taken":["M","?","?","M","?","R","E","R","T","R","?","$","?","E","R","BOSS","M"],"items_purchased_type":["Card"],"build_version":"2020-12-22","purchased_purges":1,"victory":false,"max_hp_per_floor":[75,75,75,75,75,75,75,75,75,75,75,75,75,75,75,75,75,75,75],"relic_stats":{"Nunchaku":[3],"counters":[8,30],"Astrolabe":["Voices","Doubt","stsjorbsmod:Withering"],"obtain_stats":[{"Golden Egg":5,"Nunchaku":7,"NeowsBlessing":0,"Ring of Hypnosis":5,"Astrolabe":17,"Oddly Smooth Stone":11,"Blue Doll":5,"Ring of Greed":5,"Replay:Mystery Machine":9,"Toxic Egg 2":14,"hermit:Momento":0},{"Golden Egg":3,"Nunchaku":4,"NeowsBlessing":0,"Ring of Hypnosis":3,"Astrolabe":7,"Oddly Smooth Stone":4,"Blue Doll":3,"Ring of Greed":3,"Replay:Mystery Machine":4,"Toxic Egg 2":6,"hermit:Momento":0},{"Golden Egg":3,"Nunchaku":7,"NeowsBlessing":0,"Ring of Hypnosis":3,"Astrolabe":28,"Oddly Smooth Stone":7,"Blue Doll":3,"Ring of Greed":3,"Replay:Mystery Machine":7,"Toxic Egg 2":17,"hermit:Momento":0}]},"card_choices":[{"not_picked":["hermit:Coalescence","hermit:DeadMansHand"],"picked":"hermit:Glare","floor":1},{"not_picked":["hermit:Coalescence","hermit:Glare"],"picked":"hermit:Headshot","floor":3},{"not_picked":["hermit:Roulette","hermit:Maintenance"],"picked":"hermit:Determination","floor":4},{"not_picked":["hermit:EyeOfTheStorm","hermit:CalledShot"],"picked":"hermit:CursedWeapon","floor":7},{"not_picked":["hermit:NoHoldsBarred","hermit:Determination"],"picked":"hermit:ShadowCloak","floor":11},{"not_picked":["hermit:Horror","hermit:Deadeye"],"picked":"hermit:Desperado","floor":13},{"not_picked":["hermit:Maintenance+1","hermit:WideOpen"],"picked":"hermit:FatalDesire","floor":14},{"not_picked":["hermit:HighNoon","hermit:BlackWind"],"picked":"hermit:Purgatory","floor":16}],"player_experience":214428,"relics_obtained":[{"floor":5,"key":"Ring of Greed"},{"floor":5,"key":"Ring of Hypnosis"},{"floor":5,"key":"Golden Egg"},{"floor":5,"key":"Blue Doll"},{"floor":7,"key":"Nunchaku"},{"floor":9,"key":"Replay:Mystery Machine"},{"floor":11,"key":"Oddly Smooth Stone"},{"floor":14,"key":"Toxic Egg 2"}],"event_choices":[{"cards_removed":["hermit:Strike_Hermit"],"damage_healed":0,"gold_gain":0,"player_choice":"Purged","damage_taken":0,"max_hp_gain":0,"max_hp_loss":0,"event_name":"Purifier","floor":2,"gold_loss":0}],"is_beta":false,"boss_relics":[{"not_picked":["Ectoplasm","jesterMod:MachoBrace"],"picked":"Astrolabe"}],"items_purged_floors":[12],"is_endless":false,"potions_floor_spawned":[3,13],"killed_by":"3 Byrds","ascension_level":1}}