{"host":"h3bgw7p7cb1roykn","time":1611262647,"event":{"mods":["BaseMod","Colored Map","Downfall","Minty Spire (QoL Compilation)","StSLib"],"gold_per_floor":[116,116,132,146,211,243,243,293,344,65,76,108,127,144,144,144,144],"floor_reached":16,"language":"ENG","playtime":545,"items_purged":["Strike_B"],"score":146,"play_id":"08c7abb4-2993-4ba4-8e68-91a15836fc82","local_time":"20210121215726","is_ascension_mode":true,"campfire_choices":[{"floor":7,"key":"REST"},{"floor":15,"key":"REST"}],"circlet_count":0,"master_deck":["Strike_B","Strike_B","Defend_B","Defend_B","Defend_B","Defend_B","Zap","Dualcast","Sunder","Coolheaded","Sweeping Beam","Melter","Conserve Battery","Conserve Battery","Genetic Algorithm"],"relics":["Cracked Core","SsserpentHead","The Courier","Tiny Chest","Strawberry"],"acts_visited":["Exordium"],"potions_floor_usage":[6,12,12,16,16],"damage_taken":[{"damage":4,"enemies":"2 Louse","floor":1,"turns":2},{"damage":0,"enemies":"Cultist","floor":3,"turns":2},{"damage":9,"enemies":"Jaw Worm","floor":4,"turns":3},{"damage":4,"enemies":"Exordium Thugs","floor":5,"turns":3},{"damage":29,"enemies":"Lagavulin","floor":6,"turns":5},{"damage":8,"enemies":"Looter","floor":11,"turns":4},{"damage":0,"enemies":"Gremlin Nob","floor":12,"turns":2},{"damage":1,"enemies":"Exordium Wildlife","floor":13,"turns":3},{"damage":2,"enemies":"Lots of Slimes","floor":14,"turns":3},{"damage":87,"enemies":"Hexaghost","floor":16,"turns":16}],"seed_played":"-3082434215059786483","potions_obtained":[{"floor":1,"key":"FearPotion"},{"floor":4,"key":"GamblersBrew"},{"floor":6,"key":"FearPotion"},{"floor":14,"key":"Weak Potion"}],"is_trial":false,"path_per_floor":["M","?","M","M","M","E","R","?","T","$","M","E","M","M","R","B"],"character_chosen":"DEFECT","items_purchased":["Tiny Chest","Melter","Fire Potion"],"campfire_rested":2,"item_purchase_floors":[10,10,10],"current_hp_per_floor":[78,78,78,69,65,36,60,60,60,60,52,59,58,56,82,0,0],"gold":144,"neow_bonus":"TEN_PERCENT_HP_BONUS","is_daily":false,"chose_seed":false,"campfire_upgraded":0,"win_rate":0.0,"timestamp":1611262646,"path_taken":["M","?","M","M","?","E","R","?","T","$","M","E","M","M","R","BOSS"],"items_purchased_type":["Relic","Card","Potion"],"build_version":"2020-12-22","purchased_purges":1,"victory":false,"max_hp_per_floor":[82,82,82,82,82,82,82,82,82,82,82,89,89,89,89,89,89],"card_choices":[{"not_picked":["Turbo","Barrage"],"picked":"Sunder","floor":1},{"not_picked":["Undo","Redo"],"picked":"Coolheaded","floor":3},{"not_picked":["Ball Lightning","Reinforced Body"],"picked":"Sweeping Beam","floor":4},{"not_picked":["Rebound","Force Field","Go for the Eyes"],"picked":"SKIP","floor":5},{"not_picked":["Machine Learning","Gash","Scrape"],"picked":"SKIP","floor":6},{"not_picked":["Redo","Go for the Eyes"],"picked":"Conserve Battery","floor":11},{"not_picked":["Redo","Darkness"],"picked":"Conserve Battery","floor":12},{"not_picked":["Chaos","Coolheaded","Force Field"],"picked":"SKIP","floor":13},{"not_picked":["Meteor Strike","Steam"],"picked":"Genetic Algorithm","floor":14}],"player_experience":255147,"relics_obtained":[{"floor":6,"key":"The Courier"},{"floor":12,"key":"Strawberry"}],"event_choices":[{"damage_healed":0,"gold_gain":0,"player_choice":"Trade","damage_taken":0,"relics_obtained":["SsserpentHead"],"max_hp_gain":0,"max_hp_loss":0,"event_name":"FaceTrader","floor":2,"gold_loss":0},{"cards_removed":["Strike_B"],"damage_healed":0,"gold_gain":0,"player_choice":"Offered Basic","damage_taken":0,"max_hp_gain":0,"max_hp_loss":0,"event_name":"Bonfire Elementals","floor":8,"gold_loss":0}],"is_beta":false,"boss_relics":[],"items_purged_floors":[10],"is_endless":false,"potions_floor_spawned":[1,4,6,14],"killed_by":"Hexaghost","ascension_level":1}}