{"host":"i09pxcjttd31eh4q","time":1611249187,"event":{"mods":["AchievementEnabler","BaseMod","Colored Map","Keyboard Shortcuts","Minty Spire (QoL Compilation)","StSLib","SuperFastMode"],"gold_per_floor":[109,184,184,109,109,109,137,149,173,200,216,230,259,289,289,361,361,374,374,274,164,181,193,193,212,258,269,289,214,241,258,258,331,331,342,392,403,418,434,462,478,478,501,514,595,627,652,664,664,664,664],"floor_reached":50,"language":"KOR","playtime":1258,"items_purged":["Defend_P","Defend_P"],"score":1317,"play_id":"e561afda-beaf-4165-9893-b67c8d589bb2","local_time":"20210122021307","is_ascension_mode":true,"campfire_choices":[{"data":"Vigilance","floor":6.0,"key":"SMITH"},{"data":"BowlingBash","floor":15.0,"key":"SMITH"},{"data":"FlurryOfBlows","floor":24.0,"key":"SMITH"},{"data":"WheelKick","floor":32.0,"key":"SMITH"},{"data":"MentalFortress","floor":42.0,"key":"SMITH"},{"floor":49,"key":"RECALL"}],"circlet_count":0,"master_deck":["AscendersBane","Defend_P","Defend_P","Eruption+1","Vigilance+1","BowlingBash+1","FlurryOfBlows+1","FollowUp","EmptyFist","InnerPeace","FlurryOfBlows+1","CrushJoints+1","Protect","WheelKick+1","MentalFortress+1","EmptyBody+1"],"relics":["HolyWater","NeowsBlessing","Shuriken","Omamori","Pear","Odd Mushroom","Ornamental Fan","Empty Cage","MutagenicStrength","Anchor","Incense Burner","GoldenEye","The Courier","Toxic Egg 2","StoneCalendar"],"acts_visited":["Exordium","TheCity","TheBeyond"],"potions_floor_usage":[],"damage_taken":[{"damage":0.0,"enemies":"Small Slimes","floor":1.0,"turns":1.0},{"damage":0.0,"enemies":"Gremlin Nob","floor":7.0,"turns":1.0},{"damage":0.0,"enemies":"Jaw Worm","floor":8.0,"turns":1.0},{"damage":1.0,"enemies":"3 Sentries","floor":10.0,"turns":3.0},{"damage":0.0,"enemies":"Cultist","floor":11.0,"turns":2.0},{"damage":3.0,"enemies":"Blue Slaver","floor":12.0,"turns":2.0},{"damage":20.0,"enemies":"The Mushroom Lair","floor":13.0,"turns":4.0},{"damage":0.0,"enemies":"Gremlin Nob","floor":14.0,"turns":2.0},{"damage":21.0,"enemies":"The Guardian","floor":16.0,"turns":9.0},{"damage":14.0,"enemies":"2 Thieves","floor":18.0,"turns":4.0},{"damage":0.0,"enemies":"3 Byrds","floor":22.0,"turns":3.0},{"damage":9.0,"enemies":"Cultist and Chosen","floor":23.0,"turns":4.0},{"damage":0.0,"enemies":"Snecko","floor":25.0,"turns":3.0},{"damage":1.0,"enemies":"Shelled Parasite and Fungi","floor":27.0,"turns":2.0},{"damage":0.0,"enemies":"Chosen and Byrds","floor":28.0,"turns":3.0},{"damage":7.0,"enemies":"Gremlin Leader","floor":30.0,"turns":3.0},{"damage":7.0,"enemies":"Snecko","floor":31.0,"turns":4.0},{"damage":10.0,"enemies":"Champ","floor":33.0,"turns":5.0},{"damage":0.0,"enemies":"3 Shapes","floor":35.0,"turns":2.0},{"damage":0.0,"enemies":"Orb Walker","floor":37.0,"turns":2.0},{"damage":0.0,"enemies":"Jaw Worm Horde","floor":38.0,"turns":3.0},{"damage":9.0,"enemies":"Writhing Mass","floor":39.0,"turns":4.0},{"damage":0.0,"enemies":"Nemesis","floor":40.0,"turns":5.0},{"damage":24.0,"enemies":"Maw","floor":41.0,"turns":5.0},{"damage":0.0,"enemies":"4 Shapes","floor":44.0,"turns":4.0},{"damage":0.0,"enemies":"Reptomancer","floor":46.0,"turns":3.0},{"damage":1.0,"enemies":"Mind Bloom Boss Battle","floor":47.0,"turns":7.0},{"damage":0,"enemies":"3 Darklings","floor":48,"turns":3},{"damage":40,"enemies":"Time Eater","floor":50,"turns":2}],"seed_played":"-7013365345941795738","potions_obtained":[{"floor":1.0,"key":"SkillPotion"},{"floor":8.0,"key":"AttackPotion"},{"floor":13.0,"key":"DistilledChaos"},{"floor":14.0,"key":"DuplicationPotion"},{"floor":16.0,"key":"SmokeBomb"},{"floor":23.0,"key":"Fire Potion"},{"floor":31.0,"key":"Block Potion"},{"floor":33.0,"key":"SkillPotion"},{"floor":44.0,"key":"DistilledChaos"},{"floor":47.0,"key":"Strength Potion"}],"is_trial":false,"path_per_floor":["M","?","?","$","?","R","E","M","T","E","M","M","?","E","R","B",null,"M","?","$","?","M","M","R","M","T","M","M","?","E","M","R","B",null,"M","?","M","M","M","E","M","R","T","M","T","E","?","M","R","B"],"character_chosen":"WATCHER","items_purchased":[],"campfire_rested":0,"item_purchase_floors":[],"current_hp_per_floor":[61,50,55,55,55,55,55,55,55,64,64,61,41,41,41,20,67,53,53,53,53,53,44,44,44,44,43,43,43,36,29,29,19,67,67,67,67,67,58,58,34,34,34,34,34,34,33,33,33,0,0],"gold":664,"neow_bonus":"THREE_ENEMY_KILL","is_daily":false,"chose_seed":false,"campfire_upgraded":5,"win_rate":0.0,"timestamp":1611249187,"path_taken":["M","?","?","$","?","R","E","M","T","E","?","M","?","E","R","BOSS","M","?","$","?","M","M","R","M","T","?","?","?","E","M","R","BOSS","M","?","M","M","M","E","?","R","T","M","?","E","?","M","R","BOSS"],"items_purchased_type":[],"build_version":"2020-12-22","purchased_purges":2,"victory":false,"max_hp_per_floor":[68,68,73,73,73,73,73,73,73,83,83,83,83,83,83,83,83,83,83,83,83,83,83,83,83,83,83,83,83,83,83,83,83,83,83,83,83,83,83,83,83,83,83,83,83,83,83,83,83,83,83],"card_choices":[{"not_picked":["WreathOfFlame","CrushJoints","ReachHeaven"],"picked":"SKIP","floor":1.0},{"not_picked":["Evaluate","PathToVictory"],"picked":"BowlingBash","floor":7.0},{"not_picked":["ClearTheMind","ForeignInfluence"],"picked":"FlurryOfBlows","floor":8.0},{"not_picked":["Pray","Evaluate"],"picked":"FollowUp","floor":10.0},{"not_picked":["Halt","CarveReality","SashWhip"],"picked":"SKIP","floor":11.0},{"not_picked":["WheelKick","Crescendo","FollowUp"],"picked":"SKIP","floor":12.0},{"not_picked":["Crescendo","EmptyBody"],"picked":"EmptyFist","floor":13.0},{"not_picked":["Swivel","Nirvana","Weave"],"picked":"SKIP","floor":14.0},{"not_picked":["EmptyFist","Halt"],"picked":"InnerPeace","floor":18.0},{"not_picked":["InnerPeace","PathToVictory","EmptyFist"],"picked":"SKIP","floor":22.0},{"not_picked":["InnerPeace","FlyingSleeves"],"picked":"FlurryOfBlows","floor":23.0},{"not_picked":["SignatureMove","ReachHeaven","FollowUp"],"picked":"SKIP","floor":25.0},{"not_picked":["SandsOfTime","Crescendo+1"],"picked":"CrushJoints+1","floor":27.0},{"not_picked":["Protect","SignatureMove","Crescendo+1"],"picked":"SKIP","floor":28.0},{"not_picked":["Protect","SignatureMove","Crescendo+1"],"picked":"SKIP","floor":28.0},{"not_picked":["SignatureMove","Crescendo+1"],"picked":"Protect","floor":28.0},{"not_picked":["Protect","Halt","SpiritShield"],"picked":"SKIP","floor":30.0},{"not_picked":["Consecrate","FollowUp"],"picked":"WheelKick","floor":31.0},{"not_picked":["Consecrate","LikeWater","ThirdEye"],"picked":"SKIP","floor":35.0},{"not_picked":["ThirdEye+1","PathToVictory","SashWhip"],"picked":"SKIP","floor":37.0},{"not_picked":["JustLucky","FlyingSleeves+1"],"picked":"MentalFortress","floor":38.0},{"not_picked":["Vengeance","ForeignInfluence"],"picked":"EmptyBody+1","floor":39.0},{"not_picked":["Vengeance","LikeWater+1","DeceiveReality"],"picked":"SKIP","floor":40.0},{"not_picked":["SashWhip","Protect","JustLucky"],"picked":"SKIP","floor":41.0},{"not_picked":["Fasting2","Perseverance","FlyingSleeves+1"],"picked":"SKIP","floor":44.0},{"not_picked":["Collect+1","Ragnarok","BowlingBash+1"],"picked":"SKIP","floor":46.0},{"not_picked":["ClearTheMind+1","WindmillStrike","EmptyBody+1"],"picked":"SKIP","floor":48}],"player_experience":874515,"relics_obtained":[{"floor":7.0,"key":"Shuriken"},{"floor":9.0,"key":"Omamori"},{"floor":10.0,"key":"Pear"},{"floor":13.0,"key":"Odd Mushroom"},{"floor":14.0,"key":"Ornamental Fan"},{"floor":26.0,"key":"Anchor"},{"floor":30.0,"key":"Incense Burner"},{"floor":40.0,"key":"GoldenEye"},{"floor":45.0,"key":"The Courier"},{"floor":46.0,"key":"Toxic Egg 2"},{"floor":47.0,"key":"StoneCalendar"}],"event_choices":[{"damage_healed":0.0,"max_hp_gain":0.0,"max_hp_loss":0.0,"gold_gain":75.0,"event_name":"World of Goop","player_choice":"Gather Gold","floor":2.0,"gold_loss":0.0,"damage_taken":11.0},{"damage_healed":0.0,"max_hp_gain":5.0,"max_hp_loss":0.0,"gold_gain":0.0,"event_name":"Big Fish","player_choice":"Donut","floor":3.0,"gold_loss":0.0,"damage_taken":0.0},{"damage_healed":0.0,"max_hp_gain":0.0,"max_hp_loss":0.0,"gold_gain":0.0,"event_name":"Accursed Blacksmith","player_choice":"Forge","floor":5.0,"gold_loss":0.0,"damage_taken":0.0,"cards_upgraded":["Eruption"]},{"damage_healed":0.0,"max_hp_gain":0.0,"max_hp_loss":0.0,"gold_gain":0.0,"event_name":"Mushrooms","player_choice":"Fought Mushrooms","floor":13.0,"gold_loss":0.0,"damage_taken":0.0},{"damage_healed":0.0,"max_hp_gain":0.0,"max_hp_loss":0.0,"gold_gain":0.0,"event_name":"Drug Dealer","player_choice":"Inject Mutagens","floor":19.0,"gold_loss":0.0,"damage_taken":0.0,"relics_obtained":["MutagenicStrength"]},{"cards_removed":["Strike_P"],"damage_healed":0.0,"max_hp_gain":0.0,"max_hp_loss":0.0,"gold_gain":0.0,"event_name":"Designer","player_choice":"Upgrade and Remove","floor":21.0,"gold_loss":110.0,"damage_taken":0.0,"cards_upgraded":["FlurryOfBlows"]},{"cards_removed":["Strike_P"],"damage_healed":0.0,"max_hp_gain":0.0,"max_hp_loss":0.0,"gold_gain":0.0,"event_name":"Beggar","player_choice":"Gave Gold","floor":29.0,"gold_loss":75.0,"damage_taken":0.0},{"damage_healed":0.0,"max_hp_gain":0.0,"max_hp_loss":0.0,"gold_gain":50.0,"event_name":"Golden Shrine","player_choice":"Pray","floor":36.0,"gold_loss":0.0,"damage_taken":0.0},{"damage_healed":0.0,"max_hp_gain":0.0,"max_hp_loss":0.0,"gold_gain":0.0,"event_name":"MindBloom","player_choice":"Fight","floor":47.0,"gold_loss":0.0,"damage_taken":0.0}],"is_beta":false,"boss_relics":[{"not_picked":["Sozu","Philosopher\u0027s Stone"],"picked":"Empty Cage"},{"not_picked":["Snecko Eye","Astrolabe"],"picked":"HolyWater"}],"items_purged_floors":[4,20],"is_endless":false,"potions_floor_spawned":[1,8,13,14,16,23,25,28,31,33,37,38,39,44,47],"killed_by":"Time Eater","ascension_level":20}}