{"host":"mi0eibewekhugwl1","time":1611231918,"event":{"mods":["AchievementEnabler","BaseMod","Colored Map","Colored Powertips","DeckTracker","Keyboard Shortcuts","Minty Spire (QoL Compilation)","Quick Restart","Rare Cards Sparkle","Relic Stats","StSLib","SuperFastMode","everything is the same but u backflip on backflip"],"gold_per_floor":[115,115,40,55,71,71,103,103,126,126,138,138,153,47,47,47,47],"floor_reached":16,"language":"KOR","playtime":304,"items_purged":["Regret"],"score":200,"play_id":"8495967b-a130-4a71-8d8b-e86e014443b8","local_time":"20210121212518","is_ascension_mode":true,"campfire_choices":[{"data":"Dash","floor":6,"key":"SMITH"},{"floor":8,"key":"REST"},{"data":"Flash of Steel","floor":15,"key":"SMITH"}],"circlet_count":0,"master_deck":["AscendersBane","Strike_G","Strike_G","Strike_G","Defend_G","Defend_G","Defend_G","Defend_G","Survivor","Neutralize","Malaise","Infinite Blades+1","Dash+1","Dagger Spray+1","Crippling Poison","Backflip","Escape Plan","Flash of Steel+1"],"relics":["Ring of the Snake","Juzu Bracelet","Orichalcum"],"acts_visited":["Exordium"],"potions_floor_usage":[7,16],"damage_taken":[{"damage":7,"enemies":"Cultist","floor":1,"turns":5},{"damage":1,"enemies":"Jaw Worm","floor":4,"turns":5},{"damage":0,"enemies":"Small Slimes","floor":5,"turns":4},{"damage":37,"enemies":"Lagavulin","floor":7,"turns":11},{"damage":0,"enemies":"Blue Slaver","floor":11,"turns":4},{"damage":4,"enemies":"Looter","floor":13,"turns":4},{"damage":53,"enemies":"Slime Boss","floor":16,"turns":8}],"seed_played":"-7839241078614091200","potions_obtained":[{"floor":1,"key":"GamblersBrew"},{"floor":7,"key":"Fruit Juice"},{"floor":11,"key":"Regen Potion"}],"is_trial":false,"path_per_floor":["M","?","$","M","M","R","E","R","T","?","M","?","M","$","R","B"],"character_chosen":"THE_SILENT","items_purchased":["Flash of Steel"],"campfire_rested":1,"item_purchase_floors":[14],"current_hp_per_floor":[52,52,52,51,51,51,19,40,40,40,40,40,36,36,36,0,0],"gold":47,"neow_bonus":"TRANSFORM_TWO_CARDS","is_daily":false,"chose_seed":false,"campfire_upgraded":2,"win_rate":0.0,"timestamp":1611231918,"path_taken":["M","?","$","M","M","R","E","R","T","?","M","?","M","$","R","BOSS"],"items_purchased_type":["Card"],"build_version":"2020-12-22","purchased_purges":1,"victory":false,"max_hp_per_floor":[66,66,66,66,66,66,71,71,71,71,71,71,71,71,71,71,71],"relic_stats":{"counters":[7,41],"Juzu Bracelet":1,"Orichalcum":[6],"obtain_stats":[{"Juzu Bracelet":7,"Orichalcum":9,"Ring of the Snake":0},{"Juzu Bracelet":4,"Orichalcum":4,"Ring of the Snake":0},{"Juzu Bracelet":25,"Orichalcum":25,"Ring of the Snake":0}],"Ring of the Snake":[14]},"card_choices":[{"not_picked":["Prepared","Acrobatics","Flying Knee"],"picked":"SKIP","floor":1},{"not_picked":["Infinite Blades","Underhanded Strike"],"picked":"Dash","floor":4},{"not_picked":["Eviscerate","Heel Hook"],"picked":"Dagger Spray","floor":5},{"not_picked":["Dash","PiercingWail"],"picked":"Crippling Poison","floor":7},{"not_picked":["Skewer","Slice"],"picked":"Backflip","floor":11},{"not_picked":["Bane","Flying Knee"],"picked":"Escape Plan","floor":13}],"player_experience":1745529,"relics_obtained":[{"floor":7,"key":"Juzu Bracelet"},{"floor":9,"key":"Orichalcum"}],"event_choices":[{"damage_healed":0,"gold_gain":0,"player_choice":"Upgraded","damage_taken":0,"max_hp_gain":0,"max_hp_loss":0,"event_name":"Upgrade Shrine","floor":2,"gold_loss":0,"cards_upgraded":["Infinite Blades"]},{"damage_healed":0,"gold_gain":0,"player_choice":"Grow","damage_taken":0,"max_hp_gain":0,"max_hp_loss":0,"event_name":"Living Wall","floor":10,"gold_loss":0,"cards_upgraded":["Dagger Spray"]},{"cards_removed":["Strike_G"],"damage_healed":0,"gold_gain":0,"player_choice":"Purged","damage_taken":0,"max_hp_gain":0,"max_hp_loss":0,"event_name":"Purifier","floor":12,"gold_loss":0}],"is_beta":false,"boss_relics":[],"items_purged_floors":[3],"is_endless":false,"potions_floor_spawned":[1,7,11],"killed_by":"Slime Boss","ascension_level":20}}