{"host":"msfr2axb1w9025n0","time":1611222321,"event":{"mods":["BaseMod","Colored Map","DeckTracker","Minty Spire (QoL Compilation)"],"gold_per_floor":[117,24,24,24,38,38,65,65,91,123,138,138,313,313,313,414,414,424,103,115,115,30,30,44,44,98,98,112,130,160,179,179,283,283,301,251,265,281,18,18,37,37,37,71,71,91,91,91,91],"floor_reached":48,"language":"ENG","playtime":1531,"items_purged":["Doubt"],"score":859,"play_id":"28ef5ed7-b94a-45de-b2fc-7fd087d1af47","local_time":"20210121164521","is_ascension_mode":true,"campfire_choices":[{"data":"Sunder","floor":6.0,"key":"SMITH"},{"data":"Dualcast","floor":8.0,"key":"SMITH"},{"data":"Reinforced Body","floor":12.0,"key":"SMITH"},{"floor":15.0,"key":"REST"},{"floor":23.0,"key":"REST"},{"data":"Chaos","floor":25,"key":"SMITH"},{"floor":27,"key":"REST"},{"data":"Echo Form","floor":32,"key":"SMITH"},{"data":"Apotheosis","floor":40,"key":"SMITH"},{"floor":42,"key":"REST"}],"circlet_count":0,"master_deck":["AscendersBane","Strike_B+1","Strike_B","Strike_B","Strike_B","Defend_B","Defend_B+1","Defend_B","Defend_B","Zap","Dualcast+1","Sunder+1","Sweeping Beam","FTL","Go for the Eyes","Turbo","Reinforced Body+1","Buffer","Chaos+1","Core Surge","BootSequence","Streamline","Cold Snap+1","Injury","Echo Form+1","Beam Cell","Apotheosis+1","Double Energy+1","Clumsy","Master of Strategy"],"relics":["Cracked Core","NeowsBlessing","Symbiotic Virus","Torii","Lantern","Toy Ornithopter","Cursed Key","Enchiridion","Meat on the Bone","Pen Nib","Dream Catcher","Nuclear Battery","Frozen Egg 2","Pear"],"acts_visited":["Exordium","TheCity","TheBeyond"],"potions_floor_usage":[33,33,37,38,44],"damage_taken":[{"damage":0.0,"enemies":"Cultist","floor":1.0,"turns":1.0},{"damage":0.0,"enemies":"Jaw Worm","floor":5.0,"turns":1.0},{"damage":0.0,"enemies":"Lagavulin","floor":7.0,"turns":1.0},{"damage":30.0,"enemies":"3 Sentries","floor":10.0,"turns":6.0},{"damage":0.0,"enemies":"2 Louse","floor":11.0,"turns":1.0},{"damage":48.0,"enemies":"Slime Boss","floor":16.0,"turns":10.0},{"damage":25.0,"enemies":"Shell Parasite","floor":18.0,"turns":6.0},{"damage":18.0,"enemies":"2 Thieves","floor":20.0,"turns":3.0},{"damage":19.0,"enemies":"3 Cultists","floor":24.0,"turns":5.0},{"damage":0,"enemies":"Chosen and Byrds","floor":28,"turns":5},{"damage":30,"enemies":"Snake Plant","floor":29,"turns":4},{"damage":6,"enemies":"Gremlin Leader","floor":30,"turns":4},{"damage":8,"enemies":"Snecko","floor":31,"turns":4},{"damage":26,"enemies":"Collector","floor":33,"turns":11},{"damage":0,"enemies":"Orb Walker","floor":35,"turns":3},{"damage":27,"enemies":"3 Shapes","floor":37,"turns":5},{"damage":29,"enemies":"Jaw Worm Horde","floor":38,"turns":5},{"damage":7,"enemies":"Transient","floor":41,"turns":5},{"damage":45,"enemies":"Giant Head","floor":44,"turns":8},{"damage":1,"enemies":"Sphere and 2 Shapes","floor":46,"turns":3},{"damage":84,"enemies":"Writhing Mass","floor":48,"turns":4}],"seed_played":"-2766915358318815560","potions_obtained":[{"floor":1.0,"key":"Explosive Potion"},{"floor":11.0,"key":"FairyPotion"},{"floor":20.0,"key":"Block Potion"},{"floor":35,"key":"BlessingOfTheForge"},{"floor":44,"key":"Regen Potion"}],"is_trial":false,"path_per_floor":["M","$","?","?","M","R","E","R","T","E","M","R","?","?","R","B",null,"M","$","M","?","?","R","M","R","T","R","M","M","E","M","R","B",null,"M","$","M","M","$","R","M","R","T","E","?","M","?","M"],"character_chosen":"DEFECT","items_purchased":["Sweeping Beam","FTL","Core Surge","BootSequence","Streamline","Explosive Potion","DistilledChaos","Apotheosis"],"campfire_rested":4,"item_purchase_floors":[2,2,19,19,19,36,39,39],"current_hp_per_floor":[68,68,73,61,61,61,61,61,61,31,31,31,31,15,39,24,66,41,41,23,7,7,31,24,24,24,48,48,30,36,40,40,36,69,69,69,47,35,35,35,40,64,64,46,46,57,57,0,0],"gold":91,"neow_bonus":"THREE_ENEMY_KILL","is_daily":false,"chose_seed":false,"campfire_upgraded":6,"win_rate":0.0,"timestamp":1611222321,"path_taken":["M","?","?","?","M","R","E","R","T","E","M","R","?","?","R","BOSS","M","$","M","?","?","R","M","R","T","R","M","M","E","M","R","BOSS","M","$","M","M","$","R","M","R","T","E","?","M","?","M"],"items_purchased_type":["Card","Card","Card","Card","Card","Potion","Potion","Card"],"build_version":"2020-12-22","purchased_purges":1,"victory":false,"max_hp_per_floor":[75,75,80,80,80,80,80,80,80,80,80,80,80,80,80,80,80,80,80,80,80,80,80,80,80,80,80,80,80,80,80,80,80,80,80,80,80,80,80,80,80,80,80,90,90,90,90,90,90],"card_choices":[{"not_picked":["Double Energy","Beam Cell"],"picked":"Sunder","floor":1.0},{"not_picked":["Steam","Leap"],"picked":"Go for the Eyes","floor":5.0},{"not_picked":["Coolheaded","Redo","Blizzard"],"picked":"SKIP","floor":7.0},{"not_picked":["Storm","Capacitor"],"picked":"Turbo","floor":10.0},{"not_picked":["Rebound","Recycle"],"picked":"Reinforced Body","floor":11.0},{"not_picked":["Reboot","Multi-Cast"],"picked":"Buffer","floor":16.0},{"not_picked":["Coolheaded","Redo+1"],"picked":"Chaos","floor":18.0},{"not_picked":["Turbo","Gash+1"],"picked":"Cold Snap+1","floor":20.0},{"not_picked":["Barrage","Compile Driver","Turbo"],"picked":"SKIP","floor":24},{"not_picked":["Turbo+1","BootSequence","Conserve Battery"],"picked":"SKIP","floor":28},{"not_picked":["Genetic Algorithm","Turbo"],"picked":"Echo Form","floor":29},{"not_picked":["Force Field","Barrage","Tempest"],"picked":"SKIP","floor":30},{"not_picked":["Coolheaded","Sweeping Beam","Skim+1"],"picked":"SKIP","floor":31},{"not_picked":["FTL","Gash"],"picked":"Beam Cell","floor":35},{"not_picked":["Scrape+1","Cold Snap","Ball Lightning+1"],"picked":"SKIP","floor":37},{"not_picked":["Blizzard+1","Streamline","Barrage+1"],"picked":"SKIP","floor":38},{"not_picked":["Conserve Battery","Genetic Algorithm+1","Steam"],"picked":"SKIP","floor":41},{"not_picked":["Doom and Gloom+1","BootSequence"],"picked":"Double Energy+1","floor":42},{"not_picked":["Lockon","Creative AI+1","Meteor Strike"],"picked":"SKIP","floor":44},{"not_picked":["Forethought","Dark Shackles"],"picked":"Master of Strategy","floor":45},{"not_picked":["Auto Shields","Steam Power","Stack+1"],"picked":"SKIP","floor":46}],"player_experience":259562,"relics_obtained":[{"floor":7.0,"key":"Torii"},{"floor":9.0,"key":"Lantern"},{"floor":10.0,"key":"Toy Ornithopter"},{"floor":21.0,"key":"Enchiridion"},{"floor":26,"key":"Pen Nib"},{"floor":30,"key":"Dream Catcher"},{"floor":43,"key":"Frozen Egg 2"},{"floor":44,"key":"Pear"}],"event_choices":[{"damage_healed":0.0,"max_hp_gain":5.0,"max_hp_loss":0.0,"gold_gain":0.0,"event_name":"Big Fish","player_choice":"Donut","floor":3.0,"gold_loss":0.0,"damage_taken":0.0},{"damage_healed":0.0,"max_hp_gain":0.0,"max_hp_loss":0.0,"gold_gain":0.0,"event_name":"Scrap Ooze","player_choice":"Success","floor":4.0,"gold_loss":0.0,"damage_taken":12.0,"relics_obtained":["Symbiotic Virus"]},{"damage_healed":0.0,"max_hp_gain":0.0,"max_hp_loss":0.0,"gold_gain":175.0,"event_name":"Liars Game","player_choice":"AGREE","floor":13.0,"gold_loss":0.0,"damage_taken":0.0,"cards_obtained":["Doubt"]},{"damage_healed":0.0,"max_hp_gain":0.0,"max_hp_loss":0.0,"gold_gain":0.0,"event_name":"Shining Light","player_choice":"Entered Light","floor":14.0,"gold_loss":0.0,"damage_taken":16.0,"cards_upgraded":["Strike_B","Defend_B"]},{"damage_healed":0.0,"max_hp_gain":0.0,"max_hp_loss":0.0,"gold_gain":0.0,"event_name":"Cursed Tome","player_choice":"Obtained Book","floor":21.0,"gold_loss":0.0,"damage_taken":16.0},{"damage_healed":0.0,"max_hp_gain":0.0,"max_hp_loss":0.0,"gold_gain":0.0,"event_name":"Addict","player_choice":"Obtained Relic","floor":22.0,"gold_loss":85.0,"damage_taken":0.0,"relics_obtained":["Meat on the Bone"]},{"damage_healed":0,"gold_gain":0,"player_choice":"Memory 1","damage_taken":0,"max_hp_gain":0,"max_hp_loss":0,"event_name":"SensoryStone","floor":45,"gold_loss":0},{"damage_healed":0,"gold_gain":0,"player_choice":"Ignored","damage_taken":0,"max_hp_gain":0,"max_hp_loss":0,"event_name":"Mysterious Sphere","floor":47,"gold_loss":0}],"is_beta":false,"boss_relics":[{"not_picked":["Empty Cage","Philosopher\u0027s Stone"],"picked":"Cursed Key"},{"not_picked":["Fusion Hammer","SlaversCollar"],"picked":"Nuclear Battery"}],"items_purged_floors":[19],"is_endless":false,"potions_floor_spawned":[1,11,20,28,29,30,35,44],"killed_by":"Writhing Mass","ascension_level":11}}