{"host":"by9nexv7bw8pfn7u","time":1611231255,"event":{"mods":["BaseMod","Colored Powertips","Downfall","GifTheSpireLib","Minty Spire (QoL Compilation)","Random Character Button","StSLib","Unceasing Turn Reminder"],"gold_per_floor":[99,111,128,128,113,132,158,58,113,133,163,179,79,30,40,139,139,139,155,155,67,145,51,51,51,51,51,51],"floor_reached":26,"language":"ENG","playtime":1531,"items_purged":[],"score":214,"play_id":"02d3e210-1837-4ec2-ab90-e3ba93cd3a97","local_time":"20210121131415","is_ascension_mode":true,"campfire_choices":[{"floor":1,"key":"RECALL"},{"data":"champ:BerserkerStyle","floor":8,"key":"SMITH"},{"data":"champ:CrookedStrike","floor":13,"key":"SMITH"},{"data":"champ:TripleStrike","floor":18,"key":"SMITH"},{"floor":25,"key":"REST"}],"circlet_count":0,"master_deck":["champ:Strike","champ:Defend","champ:Defend","champ:Defend","champ:Defend","champ:Execute","champ:Taunt","champ:Lariat","champ:CrookedStrike+1","champ:RageSigil","champ:BerserkerStyle+1","champ:BerserkersShout","champ:Backstep","champ:AdrenalArmor","champ:BerserkerStyle","champ:Lariat","champ:TripleStrike+1","champ:EnragedBash","champ:Duel","champ:BerserkerStyle","champ:CrownThrow+1","champ:FocusedBerserking"],"relics":["champ:ChampionCrown","Tiny Chest","downfall:HeartBlessingRed","Ginger","Calipers","downfall:HeartBlessingGreen","Empty Cage","Dead Branch"],"acts_visited":["Exordium","TheCity"],"potions_floor_usage":[10,11,16,16],"damage_taken":[{"damage":12,"enemies":"2 Louse","floor":2,"turns":3},{"damage":10,"enemies":"Cultist","floor":3,"turns":4},{"damage":20,"enemies":"downfall:FleeingMerchant","floor":5,"turns":4},{"damage":16,"enemies":"Jaw Worm","floor":6,"turns":3},{"damage":97,"enemies":"Lagavulin Event","floor":9,"turns":6},{"damage":52,"enemies":"Exordium Thugs","floor":10,"turns":5},{"damage":53,"enemies":"Gremlin Nob","floor":11,"turns":3},{"damage":26,"enemies":"Blue Slaver","floor":12,"turns":3},{"damage":77,"enemies":"downfall:FleeingMerchant","floor":14,"turns":4},{"damage":24,"enemies":"Large Slime","floor":15,"turns":4},{"damage":123,"enemies":"WA_ARCHETYPE_RETAIN","floor":16,"turns":9},{"damage":116,"enemies":"3 Byrds","floor":19,"turns":6},{"damage":61,"enemies":"downfall:FleeingMerchant","floor":21,"turns":4},{"damage":79,"enemies":"downfall:FleeingMerchant","floor":23,"turns":4},{"damage":151,"enemies":"Slavers","floor":26,"turns":4}],"seed_played":"-5062475704219812081","potions_obtained":[{"floor":2,"key":"Block Potion"},{"floor":3,"key":"SkillPotion"},{"floor":9,"key":"champ:CounterPotion"},{"floor":15,"key":"PowerPotion"},{"floor":16,"key":"Strength Potion"}],"is_trial":false,"path_per_floor":["R","M","M","?","$","M","T","R","?","M","E","M","R","$","M","B",null,"R","M","?","$","T","$","T","R","E"],"character_chosen":"THE_CHAMP","items_purchased":["champ:Lariat","champ:BerserkerStyle","champ:FocusedBerserking"],"campfire_rested":1,"item_purchase_floors":[14,21,23],"current_hp_per_floor":[99,97,97,97,97,91,91,91,77,75,65,65,65,62,62,45,99,99,82,82,80,80,58,58,87,0,0,0],"gold":51,"neow_bonus":"TEN_PERCENT_HP_BONUS","is_daily":false,"chose_seed":false,"campfire_upgraded":3,"win_rate":0.0,"timestamp":1611231255,"path_taken":["R","M","M","?","$","?","T","R","?","M","E","M","R","?","M","BOSS","R","M","?","$","?","$","T","R","E"],"items_purchased_type":["Card","Card","Card"],"build_version":"2020-12-22","purchased_purges":0,"victory":false,"max_hp_per_floor":[99,99,99,99,99,99,99,99,99,99,99,99,99,99,99,99,99,99,99,99,99,99,99,99,99,99,99,99],"card_choices":[{"not_picked":["champ:ShieldSlam","champ:TornadoPunch"],"picked":"champ:Lariat","floor":2},{"not_picked":["champ:Shatter","champ:BringItOn"],"picked":"champ:CrookedStrike","floor":3},{"not_picked":["champ:DefensiveShout","champ:ShieldThrow"],"picked":"champ:RageSigil","floor":5},{"not_picked":["champ:PreciseThrust","champ:EnGarde"],"picked":"champ:BerserkerStyle","floor":6},{"not_picked":["champ:EnGarde","champ:Parry"],"picked":"champ:BerserkersShout","floor":9},{"not_picked":["champ:Haymaker","champ:DefensiveShout","champ:BerserkersShout"],"picked":"SKIP","floor":10},{"not_picked":["champ:CalledShot","champ:LastStand"],"picked":"champ:Backstep","floor":11},{"not_picked":["champ:PerfectedStrike","champ:RecklessLeap"],"picked":"champ:AdrenalArmor","floor":12},{"not_picked":["champ:PerfectedStrike","champ:RisingSlash"],"picked":"champ:BerserkerStyle","floor":14},{"not_picked":["champ:TornadoPunch","champ:Haymaker","champ:PerfectedStrike"],"picked":"SKIP","floor":15},{"not_picked":["champ:ShieldThrow","champ:SwordThrow"],"picked":"champ:TripleStrike","floor":16},{"not_picked":["champ:FaceSlap","champ:DefensiveStyle"],"picked":"champ:EnragedBash","floor":19},{"not_picked":["champ:BerserkersShout+1","champ:BladeFlurry"],"picked":"champ:Duel","floor":21},{"not_picked":["champ:PerfectedStrike","champ:FalseCounter"],"picked":"champ:CrownThrow+1","floor":23}],"player_experience":1026213,"relics_obtained":[{"floor":7,"key":"Tiny Chest"},{"floor":9,"key":"Ginger"},{"floor":11,"key":"Calipers"},{"floor":24,"key":"Dead Branch"}],"event_choices":[{"cards_removed":["champ:Strike"],"damage_healed":0,"gold_gain":0,"player_choice":"Offered Basic","damage_taken":0,"max_hp_gain":0,"max_hp_loss":0,"event_name":"Bonfire Elementals","floor":4,"gold_loss":0}],"is_beta":false,"boss_relics":[{"not_picked":["Busted Crown","Tiny House"],"picked":"Empty Cage"}],"items_purged_floors":[],"is_endless":false,"potions_floor_spawned":[2,3,9,15,16],"killed_by":"Slavers","ascension_level":1}}