{"host":"74x1pl1v0521ej6y","time":1611243087,"event":{"mods":["2.2 Compatiblity","AchievementEnabler","BaseMod","Colored Map","Custom Start","Hermit","Marisa£¨Ùöéë¡¡Øª×âÞÞ£©","Minty Spire (QoL Compilation)","Rare Cards Sparkle","Shop Mod","StSLib","SuperFastMode","The Cursed"],"gold_per_floor":[119,28,43,60,77,77,106,35,35,45,45,45,45,63,63,168,168,188,113,212,104,129,129,129,129,154,7,24,36,36,1,1,1,1],"floor_reached":33,"language":"KOR","playtime":1976,"items_purged":["hermit:Strike_Hermit","hermit:Strike_Hermit","hermit:Defend_Hermit","hermit:Strike_Hermit"],"score":243,"play_id":"054ede47-e769-4f4a-97f6-024f8839e015","local_time":"20210122003127","daily_mods":["Time Dilation","Flight"],"is_ascension_mode":false,"campfire_choices":[{"data":"hermit:Defend_Hermit","floor":6,"key":"PURGE"},{"data":"hermit:TakeAim","floor":11,"key":"SMITH"},{"data":"hermit:Dive","floor":12,"key":"SMITH"},{"data":"hermit:Headshot","floor":13,"key":"SMITH"},{"floor":15,"key":"REST"},{"data":"hermit:Defend_Hermit","floor":23,"key":"PURGE"},{"data":"hermit:CalledShot","floor":25,"key":"SMITH"},{"data":"Madness","floor":32,"key":"PURGE"}],"circlet_count":0,"master_deck":["hermit:Strike_Hermit","hermit:Defend_Hermit","hermit:Snapshot","hermit:Covet","hermit:Dive+1","hermit:LuckOfTheDraw","hermit:EyeOfTheStorm","hermit:LowProfile","hermit:Headshot+1","hermit:TakeAim+1","hermit:CalledShot+1","hermit:Dive+1","hermit:GhostlyPresence+1","hermit:Snipe","hermit:Headshot"],"relics":["hermit:Momento","SimpleLauncher","MiniHakkero","PreservedInsect","Orichalcum","Membership Card","Peace Pipe","The Courier","Smiling Mask","Dream Catcher","Potion Belt","Anchor","Red Mask","Regal Pillow","Pear"],"acts_visited":["Exordium","TheCity"],"potions_floor_usage":[14,29,33,33],"damage_taken":[{"damage":2,"enemies":"Small Slimes","floor":1,"turns":2},{"damage":1,"enemies":"2 Louse","floor":3,"turns":2},{"damage":3,"enemies":"Jaw Worm","floor":4,"turns":3},{"damage":13,"enemies":"Exordium Wildlife","floor":5,"turns":5},{"damage":24,"enemies":"3 Sentries","floor":7,"turns":7},{"damage":0,"enemies":"3 Louse","floor":10,"turns":2},{"damage":16,"enemies":"Exordium Thugs","floor":14,"turns":7},{"damage":23,"enemies":"Slime Boss","floor":16,"turns":8},{"damage":47,"enemies":"Shell Parasite","floor":18,"turns":4},{"damage":5,"enemies":"Masked Bandits","floor":22,"turns":5},{"damage":0,"enemies":"3 Byrds","floor":28,"turns":7},{"damage":24,"enemies":"Snecko","floor":29,"turns":9},{"damage":43,"enemies":"Automaton","floor":33,"turns":12}],"seed_played":"623389312572479470","potions_obtained":[{"floor":3,"key":"FearPotion"},{"floor":5,"key":"Dexterity Potion"},{"floor":7,"key":"SkillPotion"},{"floor":10,"key":"Ancient Potion"},{"floor":22,"key":"SkillPotion"}],"is_trial":true,"path_per_floor":["M","$","M","M","M","R","E","$","T","M","R","R","R","M","R","B",null,"M","?","?","$","?","R","?","R","T","$","M","M","?","$","R","B"],"character_chosen":"HERMIT","items_purchased":["hermit:Dive","hermit:LuckOfTheDraw","hermit:Headshot","Anchor","Pear","Madness"],"campfire_rested":1,"item_purchase_floors":[2,2,8,21,27,31],"current_hp_per_floor":[73,73,72,69,56,56,32,32,32,32,32,32,32,16,38,15,75,28,28,28,28,23,23,23,23,23,33,33,9,37,37,37,0,0],"gold":1,"neow_bonus":"","is_daily":false,"chose_seed":false,"campfire_upgraded":4,"win_rate":0.0,"timestamp":1611243087,"path_taken":["M","$","M","M","M","R","E","$","T","M","R","R","R","M","R","BOSS","M","?","?","$","?","R","?","R","T","$","M","M","?","$","R","BOSS"],"items_purchased_type":["Card","Card","Card","Relic","Relic","Card"],"build_version":"2020-12-22","purchased_purges":4,"victory":false,"max_hp_per_floor":[75,75,75,75,75,75,75,75,75,75,75,75,75,75,75,75,75,75,75,75,75,75,75,75,75,75,85,85,85,85,85,85,85,85],"card_choices":[{"not_picked":["hermit:Desperado","hermit:Scavenge","hermit:HoleUp"],"picked":"SKIP","floor":1},{"not_picked":["hermit:Maintenance","hermit:Desperado"],"picked":"hermit:EyeOfTheStorm","floor":3},{"not_picked":["hermit:Manifest","hermit:Scavenge","hermit:TakeAim"],"picked":"SKIP","floor":4},{"not_picked":["hermit:Dive","hermit:Scavenge"],"picked":"hermit:LowProfile","floor":5},{"not_picked":["hermit:SprayPray","hermit:Roulette","hermit:FromBeyond"],"picked":"SKIP","floor":7},{"not_picked":["hermit:FullyLoaded","hermit:Ricochet"],"picked":"hermit:TakeAim","floor":10},{"not_picked":["hermit:BodyArmor","hermit:LuckOfTheDraw","hermit:NoHoldsBarred"],"picked":"SKIP","floor":14},{"not_picked":["hermit:HoleUp","hermit:Showdown"],"picked":"hermit:CalledShot","floor":15},{"not_picked":["hermit:Dissolve","hermit:EternalForm"],"picked":"hermit:Purgatory","floor":16},{"not_picked":["hermit:LoneWolf","hermit:Headshot"],"picked":"hermit:Dive+1","floor":18},{"not_picked":["hermit:Headshot","hermit:DeadMansHand+1"],"picked":"hermit:GhostlyPresence+1","floor":22},{"not_picked":["hermit:Roulette","hermit:Desperado"],"picked":"hermit:Snipe","floor":28},{"not_picked":["hermit:BigShot+1","hermit:ItchyTrigger"],"picked":"hermit:Headshot","floor":29}],"player_experience":115712,"relics_obtained":[{"floor":7,"key":"Dream Catcher"},{"floor":9,"key":"Potion Belt"},{"floor":22,"key":"Red Mask"},{"floor":26,"key":"Regal Pillow"}],"event_choices":[{"cards_removed":["hermit:Purgatory"],"damage_healed":0,"gold_gain":0,"player_choice":"Gave Gold","damage_taken":0,"max_hp_gain":0,"max_hp_loss":0,"event_name":"Beggar","floor":19,"gold_loss":75},{"damage_healed":0,"gold_gain":99,"player_choice":"Stole From Cult","damage_taken":0,"max_hp_gain":0,"max_hp_loss":0,"event_name":"Nest","floor":20,"gold_loss":0},{"damage_healed":0,"gold_gain":0,"player_choice":"Fought Bandits","damage_taken":0,"max_hp_gain":0,"max_hp_loss":0,"event_name":"Masked Bandits","floor":22,"gold_loss":0},{"damage_healed":0,"gold_gain":0,"player_choice":"Ignored","damage_taken":0,"max_hp_gain":0,"max_hp_loss":0,"event_name":"Cursed Tome","floor":24,"gold_loss":0},{"damage_healed":28,"gold_gain":0,"player_choice":"Heal","damage_taken":0,"max_hp_gain":0,"max_hp_loss":0,"event_name":"The Library","floor":30,"gold_loss":0}],"is_beta":false,"boss_relics":[{"not_picked":["hermit:BartenderGlass","Ectoplasm","Pandora\u0027s Box"]}],"items_purged_floors":[2,8,21,27],"is_endless":false,"potions_floor_spawned":[3,5,7,10,18,22],"killed_by":"Automaton","ascension_level":0}}