{"host":"0ueeacaatm8t6jyh","time":1611231007,"event":{"mods":["AchievementEnabler","BaseMod","Colored Powertips","Minty Spire (QoL Compilation)","Quick Restart","Rare Cards Sparkle","StSLib"],"gold_per_floor":[109,34,54,54,54,54,72,72,72,72,89,89,100,133,133,231,231,249,249,348,173,73,84,94,126,126,126,126,1,20,36,36,135,135,151,151,168,18,36,36,61,61,137,137,137,168,17,36,36,36,36,36,11,45,45],"floor_reached":56,"language":"ZHS","playtime":3406,"items_purged":["Dodge and Roll","Terror","Envenom","Pain"],"score":1613,"play_id":"cc739193-134a-4c74-b8a6-7e518842acf6","local_time":"20210121201007","is_ascension_mode":true,"campfire_choices":[{"data":"Corpse Explosion","floor":6.0,"key":"SMITH"},{"data":"Catalyst","floor":8.0,"key":"SMITH"},{"data":"Bane","floor":10.0,"key":"SMITH"},{"floor":15.0,"key":"REST"},{"floor":28.0,"key":"REST"},{"data":"Prepared","floor":32.0,"key":"SMITH"},{"floor":40.0,"key":"RECALL"},{"data":"Footwork","floor":42.0,"key":"SMITH"},{"data":"Tools of the Trade","floor":44.0,"key":"SMITH"},{"floor":49.0,"key":"REST"},{"data":"Venomology","floor":52.0,"key":"SMITH"}],"circlet_count":0,"master_deck":["Survivor","Neutralize","PiercingWail","Expertise","Tools of the Trade+1","Catalyst+1","Dagger Spray","Corpse Explosion+1","Deadly Poison","Venomology","Bane+1","PiercingWail","Acrobatics","Grand Finale","Burst","Footwork+1","Prepared+1","Noxious Fumes","Venomology+1","After Image","Acrobatics+1"],"relics":["Pandora\u0027s Box","Akabeko","CultistMask","Tough Bandages","HoveringKite","Meat on the Bone","Gremlin Horn","Runic Pyramid","WarpedTongs","Regal Pillow","Orichalcum","Membership Card","Art of War"],"acts_visited":["TheCity","TheBeyond","TheEnding"],"potions_floor_usage":[54,55,55,55,55],"damage_taken":[{"damage":0.0,"enemies":"Small Slimes","floor":1.0,"turns":3.0},{"damage":6.0,"enemies":"Cultist","floor":3.0,"turns":4.0},{"damage":0.0,"enemies":"2 Louse","floor":7.0,"turns":3.0},{"damage":4.0,"enemies":"Red Slaver","floor":11.0,"turns":2.0},{"damage":4.0,"enemies":"Looter","floor":13.0,"turns":2.0},{"damage":19.0,"enemies":"3 Sentries","floor":14.0,"turns":5.0},{"damage":6.0,"enemies":"Hexaghost","floor":16.0,"turns":7.0},{"damage":12.0,"enemies":"3 Byrds","floor":18.0,"turns":2.0},{"damage":14.0,"enemies":"Shell Parasite","floor":23.0,"turns":4.0},{"damage":14.0,"enemies":"Snake Plant","floor":24.0,"turns":4.0},{"damage":9.0,"enemies":"Book of Stabbing","floor":25.0,"turns":5.0},{"damage":1.0,"enemies":"3 Cultists","floor":30.0,"turns":4.0},{"damage":0.0,"enemies":"Cultist and Chosen","floor":31.0,"turns":2.0},{"damage":31.0,"enemies":"Champ","floor":33.0,"turns":6.0},{"damage":12.0,"enemies":"Orb Walker","floor":35.0,"turns":4.0},{"damage":14.0,"enemies":"3 Shapes","floor":37.0,"turns":5.0},{"damage":13.0,"enemies":"Writhing Mass","floor":39.0,"turns":5.0},{"damage":31.0,"enemies":"Nemesis","floor":41.0,"turns":7.0},{"damage":25.0,"enemies":"Reptomancer","floor":46.0,"turns":6.0},{"damage":0.0,"enemies":"Jaw Worm Horde","floor":48.0,"turns":3.0},{"damage":63.0,"enemies":"Time Eater","floor":50.0,"turns":10.0},{"damage":25,"enemies":"Shield and Spear","floor":54,"turns":4},{"damage":23,"enemies":"The Heart","floor":55,"turns":6}],"seed_played":"-8753806068714425361","potions_obtained":[{"floor":13.0,"key":"AttackPotion"},{"floor":16.0,"key":"Ancient Potion"},{"floor":24.0,"key":"GhostInAJar"},{"floor":31.0,"key":"BlessingOfTheForge"},{"floor":33.0,"key":"DuplicationPotion"},{"floor":46.0,"key":"BlessingOfTheForge"}],"is_trial":false,"path_per_floor":["M","$","M","?","?","R","M","R","T","R","M","?","M","E","R","B",null,"M","?","?","$","$","M","M","E","T","$","R","$","M","M","R","B",null,"M","?","M","$","M","R","E","R","T","R","$","E","$","M","R","B",null,"R","$","E","B",null],"character_chosen":"THE_SILENT","items_purchased":["Venomology","Prepared","Noxious Fumes","Membership Card","Energy Potion"],"campfire_rested":3,"item_purchase_floors":[2,21,21,47,53],"current_hp_per_floor":[63,63,57,57,57,57,57,57,57,57,53,53,49,30,51,45,64,52,52,52,52,52,38,24,15,15,15,36,36,47,47,47,28,60,48,48,46,46,48,48,44,44,44,44,44,31,31,40,70,36,62,62,62,37,26],"gold":45,"neow_bonus":"BOSS_RELIC","is_daily":false,"chose_seed":false,"campfire_upgraded":7,"win_rate":0.0,"timestamp":1611231007,"path_taken":["M","$","M","?","?","R","?","R","T","R","M","?","M","E","R","BOSS","M","?","?","?","$","M","M","E","T","$","R","$","M","M","R","BOSS","M","?","M","$","?","R","E","R","T","R","$","E","?","M","R","BOSS","R","$","E","BOSS"],"items_purchased_type":["Card","Card","Card","Relic","Potion"],"build_version":"2020-12-22","purchased_purges":4,"victory":true,"max_hp_per_floor":[70,70,70,70,70,70,70,70,70,70,70,70,70,70,70,70,70,70,70,70,70,70,70,70,70,70,70,70,70,70,70,70,70,70,70,70,70,70,70,70,70,70,70,70,70,70,70,70,70,70,70,70,70,70,70],"card_choices":[{"not_picked":["Deflect","Flying Knee"],"picked":"Deadly Poison","floor":1.0},{"not_picked":["Dagger Throw","Calculated Gamble"],"picked":"Bane","floor":3.0},{"not_picked":["Dodge and Roll","Blur","Unload"],"picked":"SKIP","floor":7.0},{"not_picked":["Outmaneuver","Deflect"],"picked":"PiercingWail","floor":11.0},{"not_picked":["Backflip","Endless Agony"],"picked":"Acrobatics","floor":13.0},{"not_picked":["Sucker Punch","Prepared"],"picked":"Grand Finale","floor":14.0},{"not_picked":["Wraith Form v2","After Image"],"picked":"Burst","floor":16.0},{"not_picked":["Backflip","Quick Slash"],"picked":"Footwork","floor":18.0},{"not_picked":["Deadly Poison+1","Blade Dance","Noxious Fumes+1"],"picked":"SKIP","floor":23.0},{"not_picked":["Tools of the Trade","Cloak And Dagger+1","Heel Hook"],"picked":"SKIP","floor":24.0},{"not_picked":["Outmaneuver","Expertise","Unload"],"picked":"SKIP","floor":25.0},{"not_picked":["Prepared","Blade Dance","Bane"],"picked":"SKIP","floor":30.0},{"not_picked":["Blade Dance","Caltrops"],"picked":"Venomology","floor":31.0},{"not_picked":["Bullet Time","A Thousand Cuts"],"picked":"After Image","floor":33.0},{"not_picked":["Dash","Bouncing Flask+1"],"picked":"Acrobatics+1","floor":35.0},{"not_picked":["Heel Hook+1","Poisoned Stab+1","Quick Slash"],"picked":"SKIP","floor":37.0},{"not_picked":["Choke+1","Deadly Poison+1","Deflect"],"picked":"SKIP","floor":39.0},{"not_picked":["Accuracy","Dagger Throw","Cloak And Dagger+1"],"picked":"SKIP","floor":41.0},{"not_picked":["PiercingWail","Backstab","Phantasmal Killer"],"picked":"SKIP","floor":46.0},{"not_picked":["Underhanded Strike","Cloak And Dagger+1","Dagger Throw"],"picked":"SKIP","floor":48.0},{"not_picked":["Cloak And Dagger","Dagger Throw","Poisoned Stab"],"picked":"SKIP","floor":54}],"player_experience":439003,"relics_obtained":[{"floor":9.0,"key":"Akabeko"},{"floor":14.0,"key":"Tough Bandages"},{"floor":25.0,"key":"Meat on the Bone"},{"floor":26.0,"key":"Gremlin Horn"},{"floor":41.0,"key":"Regal Pillow"},{"floor":46.0,"key":"Orichalcum"},{"floor":54,"key":"Art of War"}],"event_choices":[{"damage_healed":0.0,"max_hp_gain":0.0,"max_hp_loss":0.0,"gold_gain":0.0,"event_name":"Scrap Ooze","player_choice":"Fled","floor":4.0,"gold_loss":0.0,"damage_taken":0.0},{"cards_removed":["Blade Dance"],"damage_healed":0.0,"max_hp_gain":0.0,"max_hp_loss":0.0,"gold_gain":0.0,"event_name":"Purifier","player_choice":"Purged","floor":5.0,"gold_loss":0.0,"damage_taken":0.0},{"damage_healed":0.0,"max_hp_gain":0.0,"max_hp_loss":0.0,"gold_gain":0.0,"event_name":"FaceTrader","player_choice":"Trade","floor":12.0,"gold_loss":0.0,"damage_taken":0.0,"relics_obtained":["CultistMask"]},{"damage_healed":0.0,"max_hp_gain":0.0,"max_hp_loss":0.0,"gold_gain":0.0,"event_name":"The Mausoleum","player_choice":"Ignored","floor":19.0,"gold_loss":0.0,"damage_taken":0.0},{"damage_healed":0.0,"max_hp_gain":0.0,"max_hp_loss":0.0,"gold_gain":99.0,"event_name":"Nest","player_choice":"Stole From Cult","floor":20.0,"gold_loss":0.0,"damage_taken":0.0},{"damage_healed":0.0,"max_hp_gain":0.0,"max_hp_loss":0.0,"gold_gain":0.0,"event_name":"Accursed Blacksmith","player_choice":"Rummage","floor":36.0,"gold_loss":0.0,"damage_taken":0.0,"relics_obtained":["WarpedTongs"],"cards_obtained":["Pain"]}],"is_beta":false,"boss_relics":[{"not_picked":["Cursed Key","SlaversCollar"],"picked":"HoveringKite"},{"not_picked":["Philosopher\u0027s Stone","Sozu"],"picked":"Runic Pyramid"}],"items_purged_floors":[21,22,29,38],"is_endless":false,"potions_floor_spawned":[13,14,16,24,31,33,37,46],"ascension_level":9}}