{"host":"6xsbn6ynqlzwllfm","time":1611254550,"event":{"mods":["2.2 Compatiblity","BaseMod","Bestiary","Colored Map","Colored Powertips","Curses Come First","Highlight Path","Keyboard Shortcuts","Minty Spire (QoL Compilation)","Quick Restart","Relic Stats","Slay the Relics Exporter","StSLib","SuperFastMode"],"gold_per_floor":[119,137,23,38,38,38,49,22,22,22,35,35,35,58,58,58,58],"floor_reached":16,"language":"ENG","playtime":1049,"items_purged":["Defend_G"],"score":183,"play_id":"57c60d41-384e-4189-81a5-76e92c9d3915","local_time":"20210121134230","is_ascension_mode":true,"campfire_choices":[{"data":"Dagger Spray","floor":6,"key":"SMITH"},{"data":"Poisoned Stab","floor":13,"key":"SMITH"},{"data":"Reflex","floor":15,"key":"SMITH"}],"circlet_count":0,"master_deck":["AscendersBane","Strike_G","Strike_G","Strike_G","Defend_G","Defend_G+1","Defend_G","Defend_G","Survivor","Neutralize","Poisoned Stab+1","Reflex+1","Well Laid Plans+1","Dagger Spray+1","Dodge and Roll","Skewer","Footwork","Dagger Throw"],"relics":["Empty Cage","Ornamental Fan","Golden Idol"],"acts_visited":["Exordium"],"potions_floor_usage":[8,8],"damage_taken":[{"damage":7,"enemies":"Jaw Worm","floor":1,"turns":9},{"damage":0,"enemies":"2 Louse","floor":2,"turns":3},{"damage":1,"enemies":"Small Slimes","floor":4,"turns":4},{"damage":3,"enemies":"Looter","floor":7,"turns":4},{"damage":15,"enemies":"Exordium Thugs","floor":8,"turns":5},{"damage":2,"enemies":"Red Slaver","floor":11,"turns":5},{"damage":0,"enemies":"Gremlin Gang","floor":14,"turns":3},{"damage":20,"enemies":"Hexaghost","floor":16,"turns":9}],"seed_played":"889702516654558976","potions_obtained":[{"floor":1,"key":"Energy Potion"},{"floor":7,"key":"Weak Potion"}],"is_trial":false,"path_per_floor":["M","M","$","M","?","R","M","M","T","?","M","?","R","M","R","B"],"character_chosen":"THE_SILENT","items_purchased":["Well Laid Plans"],"campfire_rested":0,"item_purchase_floors":[3],"current_hp_per_floor":[52,52,52,51,31,31,28,13,13,18,16,16,16,16,16,0,0],"gold":58,"neow_bonus":"BOSS_RELIC","is_daily":false,"chose_seed":false,"campfire_upgraded":3,"win_rate":0.0,"timestamp":1611254550,"path_taken":["M","M","$","M","?","R","M","M","T","?","M","?","R","M","R","BOSS"],"items_purchased_type":["Card"],"build_version":"2020-12-22","purchased_purges":1,"victory":false,"max_hp_per_floor":[66,66,66,66,66,66,66,66,66,71,71,64,64,64,64,64,64],"relic_stats":{"counters":[8,42],"Ornamental Fan":[8],"Golden Idol":5,"obtain_stats":[{"Ornamental Fan":9,"Golden Idol":12,"Empty Cage":0,"Ring of the Snake":0},{"Ornamental Fan":5,"Golden Idol":6,"Empty Cage":0,"Ring of the Snake":0},{"Ornamental Fan":25,"Golden Idol":30,"Empty Cage":0,"Ring of the Snake":0}]},"card_choices":[{"not_picked":["Setup","Distraction"],"picked":"Poisoned Stab","floor":1},{"not_picked":["Accuracy","Cloak And Dagger"],"picked":"Reflex","floor":2},{"not_picked":["Acrobatics","Flechettes"],"picked":"Dagger Spray","floor":4},{"not_picked":["Prepared","Choke"],"picked":"Dodge and Roll","floor":7},{"not_picked":["Backflip","Acrobatics"],"picked":"Skewer","floor":8},{"not_picked":["PiercingWail","Bane"],"picked":"Footwork","floor":11},{"not_picked":["Slice","Quick Slash"],"picked":"Dagger Throw","floor":14}],"player_experience":1070087,"relics_obtained":[{"floor":9,"key":"Ornamental Fan"}],"event_choices":[{"damage_healed":0,"gold_gain":0,"player_choice":"Entered Light","damage_taken":20,"max_hp_gain":0,"max_hp_loss":0,"event_name":"Shining Light","floor":5,"gold_loss":0,"cards_upgraded":["Well Laid Plans","Defend_G"]},{"damage_healed":0,"gold_gain":0,"player_choice":"Donut","damage_taken":0,"max_hp_gain":5,"max_hp_loss":0,"event_name":"Big Fish","floor":10,"gold_loss":0},{"damage_healed":0,"gold_gain":0,"player_choice":"Lose Max HP","damage_taken":0,"relics_obtained":["Golden Idol"],"max_hp_gain":0,"max_hp_loss":7,"event_name":"Golden Idol","floor":12,"gold_loss":0}],"is_beta":false,"boss_relics":[],"items_purged_floors":[3],"is_endless":false,"potions_floor_spawned":[1,7],"killed_by":"Hexaghost","ascension_level":19}}