{"host":"Koishi","time":1611253699,"event":{"mods":["2.2 Compatiblity","AchievementEnabler","Act Like it!","BaseMod","Better Match","Better Note","Better Sensory Stone","Better Third Choice","Colored Powertips","Gensokyo","Hermit","Koishi","Lobotomy","LobotomyExtend","MarisaÅiñ∂âJÅ@ñÇóùçπÅj","Minty Spire (QoL Compilation)","Quick Restart","Rare Cards Sparkle","ReimuÅiîé??öÎÅj","Relic Stats","Spicy Shops","StSLib","The Construct","Åy?ï®?îvÅzREMEMod"],"gold_per_floor":[110,140,140,182,182,182,209,226,273,273,286,9,9,22,22,126,126,126,126],"floor_reached":18,"language":"ENG","playtime":993,"items_purged":[],"score":178,"play_id":"b3f1cf96-ed8e-48c7-bc08-397100e64796","local_time":"20210121132819","is_ascension_mode":true,"campfire_choices":[{"floor":6,"key":"REST"},{"data":"KamiRite:ReiMu","floor":10,"key":"SMITH"},{"data":"construct:AttackMode","floor":15,"key":"SMITH"}],"circlet_count":0,"master_deck":["construct:Strike_Gold","construct:Strike_Gold","construct:Strike_Gold","construct:Strike_Gold","construct:Defend_Gold","construct:Defend_Gold","construct:Defend_Gold","construct:Defend_Gold","construct:AttackMode+1","construct:DefenseMode","KamiRite:ReiMu+1","construct:Hazardproof","construct:ShieldBurst+1","GreedKing","construct:Autoturret","construct:Hazardproof","UniverseFragment","REME_EyeOfCthun+1","construct:Versatility+2","construct:ShiftStrike+1","SilentOrchestra"],"relics":["construct:ClockworkPhoenix","construct:Challenge1","REME_ComplimentaryCards","CogitoBucket","LetterFromLob","Eternal Feather","Molten Egg 2","Gensokyo:YoukaiFlower","Sundial","Centennial Puzzle","HellTrain","SlaversCollar"],"acts_visited":["Gensokyo:Gensokyo","Gensokyo:Gensokyoer"],"potions_floor_usage":[4,8,18],"damage_taken":[{"damage":12,"enemies":"Gensokyo:2_Kodama","floor":1,"turns":5},{"damage":58,"enemies":"Gensokyo:Cirno","floor":2,"turns":7},{"damage":5,"enemies":"Gensokyo:Python","floor":4,"turns":4},{"damage":8,"enemies":"Gensokyo:Mamizou","floor":7,"turns":12},{"damage":0,"enemies":"Gensokyo:3_Fairies","floor":8,"turns":3},{"damage":28,"enemies":"Gensokyo:VengefulSpirit","floor":11,"turns":3},{"damage":2,"enemies":"Gensokyo:Python_and_Kodama","floor":14,"turns":5},{"damage":3,"enemies":"Gensokyo:Kokoro","floor":16,"turns":9},{"damage":115,"enemies":"Gensokyo:2_Gloops","floor":18,"turns":5}],"seed_played":"3633332909499546649","potions_obtained":[{"floor":2,"key":"REME_GoldPotion"},{"floor":4,"key":"LiquidBronze"},{"floor":8,"key":"REME_GoldPotion"},{"floor":16,"key":"ZuzhouPotion:ReiMu"}],"is_trial":false,"path_per_floor":["M","?","T","M","?","R","E","M","T","R","M","$","?","M","R","B",null,"M"],"character_chosen":"THE_CONSTRUCT_MOD","items_purchased":["REME_EyeOfCthun+1","construct:Versatility+1"],"campfire_rested":1,"item_purchase_floors":[12,12],"current_hp_per_floor":[73,15,15,10,10,44,36,36,36,45,17,17,17,15,27,24,85,0,0],"gold":126,"neow_bonus":"","is_daily":false,"chose_seed":false,"campfire_upgraded":2,"win_rate":0.0,"timestamp":1611253699,"path_taken":["M","?","?","M","?","R","E","M","T","R","M","$","?","?","R","BOSS","M"],"items_purchased_type":["Card","Card"],"build_version":"2020-12-18","purchased_purges":0,"victory":false,"max_hp_per_floor":[85,85,85,85,85,85,85,85,85,85,85,85,85,85,85,85,85,85,85],"relic_stats":{"Centennial Puzzle":[12],"counters":[10,54],"Sundial":[4],"Eternal Feather":30,"obtain_stats":[{"construct:Challenge1":0,"SlaversCollar":17,"CogitoBucket":0,"Centennial Puzzle":9,"Sundial":7,"Gensokyo:YoukaiFlower":5,"Eternal Feather":2,"Molten Egg 2":3,"LetterFromLob":1,"construct:ClockworkPhoenix":0,"HellTrain":11,"REME_ComplimentaryCards":0},{"construct:Challenge1":0,"SlaversCollar":9,"CogitoBucket":0,"Centennial Puzzle":5,"Sundial":4,"Gensokyo:YoukaiFlower":3,"Eternal Feather":2,"Molten Egg 2":2,"LetterFromLob":1,"construct:ClockworkPhoenix":0,"HellTrain":7,"REME_ComplimentaryCards":0},{"construct:Challenge1":0,"SlaversCollar":49,"CogitoBucket":0,"Centennial Puzzle":31,"Sundial":28,"Gensokyo:YoukaiFlower":16,"Eternal Feather":12,"Molten Egg 2":12,"LetterFromLob":5,"construct:ClockworkPhoenix":0,"HellTrain":35,"REME_ComplimentaryCards":0}]},"card_choices":[{"not_picked":["construct:FocusedBeam","construct:Backfire"],"picked":"construct:Accumulate","floor":1},{"not_picked":["QueenOfHatred","MeatLantern","FairyFestival"],"picked":"Singing Bowl","floor":1},{"not_picked":["construct:Analyze","construct:Anticipate"],"picked":"construct:Hazardproof","floor":2},{"not_picked":["SingingMachine","CherryBlossoms","VoidDream"],"picked":"Singing Bowl","floor":2},{"not_picked":["construct:ModeShift","construct:Autoturret"],"picked":"construct:ShieldBurst+1","floor":4},{"not_picked":["CrumblingArmor","LittlePrince","SpiderBud"],"picked":"Singing Bowl","floor":4},{"not_picked":["WallGazer","MeatLantern","Wellcheers"],"picked":"Singing Bowl","floor":7},{"not_picked":["MeatLantern","BlueStar"],"picked":"GreedKing","floor":7},{"not_picked":["construct:BatteryAcid","construct:Synchronize","construct:Construct_Overclock"],"picked":"SKIP","floor":7},{"not_picked":["construct:ScrapCannon+1","construct:Analyze"],"picked":"construct:Autoturret","floor":8},{"not_picked":["Yin","VoidDream","LaLuna"],"picked":"Singing Bowl","floor":8},{"not_picked":["construct:Versatility+1","construct:HeavyBolt+1"],"picked":"construct:Hazardproof","floor":11},{"not_picked":["HeroicMonk","Yin","WallGazer"],"picked":"Singing Bowl","floor":11},{"not_picked":["OldLady","PunishingBird"],"picked":"UniverseFragment","floor":11},{"not_picked":["construct:SyphonStrike+1","construct:Boost+1"],"picked":"construct:ShiftStrike+1","floor":14},{"not_picked":["HappyTeddy","SpiderBud","MHz"],"picked":"Singing Bowl","floor":14},{"not_picked":["WallGazer","LittlePrince"],"picked":"SilentOrchestra","floor":16}],"player_experience":195147,"relics_obtained":[{"floor":1,"key":"LetterFromLob"},{"floor":2,"key":"Eternal Feather"},{"floor":3,"key":"Molten Egg 2"},{"floor":7,"key":"Sundial"},{"floor":9,"key":"Centennial Puzzle"}],"event_choices":[],"is_beta":true,"boss_relics":[{"not_picked":["construct:ClawGrip","Fusion Hammer"],"picked":"SlaversCollar"}],"items_purged_floors":[],"is_endless":false,"potions_floor_spawned":[2,4,8,16],"killed_by":"Gensokyo:2_Gloops","ascension_level":1}}