{"host":"1ekl8hlbnopmdapi","time":1611252447,"event":{"mods":["AchievementEnabler","BaseMod","Colored Map","Colored Powertips","DeckTracker","Googly Eyes","Highlight Path","Minty Spire (QoL Compilation)","Relic Sorter","StSLib","Synergy Search"],"gold_per_floor":[111,123,133,145,145,145,180,180,203,234,234,84,84,49,49,49,49],"floor_reached":16,"language":"ENG","playtime":347,"items_purged":[],"score":135,"play_id":"e58ea73a-db6c-4e86-9dcc-a1dfb192f62d","local_time":"20210121130727","is_ascension_mode":true,"campfire_choices":[{"floor":6,"key":"RECALL"},{"floor":15,"key":"REST"}],"circlet_count":0,"master_deck":["Strike_G","Strike_G","Strike_G","Strike_G","Defend_G","Defend_G","Defend_G","Defend_G","Defend_G","Survivor","Neutralize+1","Escape Plan","Poisoned Stab","Blade Dance","Bane","Dodge and Roll"],"relics":["Sozu","Snake Skull","Potion Belt","Vajra","Toxic Egg 2"],"acts_visited":["Exordium"],"potions_floor_usage":[],"damage_taken":[{"damage":1,"enemies":"Small Slimes","floor":1,"turns":4},{"damage":0,"enemies":"2 Louse","floor":2,"turns":2},{"damage":8,"enemies":"Jaw Worm","floor":3,"turns":5},{"damage":0,"enemies":"Looter","floor":4,"turns":3},{"damage":35,"enemies":"Lagavulin","floor":7,"turns":9},{"damage":16,"enemies":"Gremlin Nob","floor":10,"turns":4},{"damage":42,"enemies":"Slime Boss","floor":16,"turns":9}],"seed_played":"-8146472333089917827","potions_obtained":[],"is_trial":false,"path_per_floor":["M","M","M","M","?","R","E","?","T","E","?","$","T","?","R","B"],"character_chosen":"THE_SILENT","items_purchased":["Vajra"],"campfire_rested":1,"item_purchase_floors":[12],"current_hp_per_floor":[69,69,61,61,54,54,19,19,19,3,3,3,3,20,41,0,0],"gold":49,"neow_bonus":"BOSS_RELIC","is_daily":false,"chose_seed":false,"campfire_upgraded":0,"win_rate":0.0,"timestamp":1611252447,"path_taken":["M","M","M","M","?","R","E","?","T","E","?","?","?","?","R","BOSS"],"items_purchased_type":["Relic"],"build_version":"2020-12-22","purchased_purges":0,"victory":false,"max_hp_per_floor":[70,70,70,70,70,70,70,70,70,70,70,70,70,70,70,70,70],"card_choices":[{"not_picked":["Catalyst","Footwork"],"picked":"Escape Plan","floor":1},{"not_picked":["Slice","Outmaneuver","Underhanded Strike"],"picked":"SKIP","floor":2},{"not_picked":["Quick Slash","Outmaneuver"],"picked":"Poisoned Stab","floor":3},{"not_picked":["Quick Slash","Noxious Fumes"],"picked":"Blade Dance","floor":4},{"not_picked":["Concentrate","Bullet Time"],"picked":"Bane","floor":7},{"not_picked":["Endless Agony","Dagger Throw"],"picked":"Dodge and Roll","floor":10}],"player_experience":477945,"relics_obtained":[{"floor":7,"key":"Snake Skull"},{"floor":10,"key":"Potion Belt"},{"floor":13,"key":"Toxic Egg 2"}],"event_choices":[{"cards_removed":["Strike_G"],"damage_healed":0,"gold_gain":0,"player_choice":"Card Removal","damage_taken":7,"max_hp_gain":0,"max_hp_loss":0,"event_name":"Golden Wing","floor":5,"gold_loss":0},{"damage_healed":0,"gold_gain":0,"player_choice":"Grow","damage_taken":0,"max_hp_gain":0,"max_hp_loss":0,"event_name":"Living Wall","floor":8,"gold_loss":0,"cards_upgraded":["Neutralize"]},{"damage_healed":0,"gold_gain":0,"player_choice":"Fled","damage_taken":0,"max_hp_gain":0,"max_hp_loss":0,"event_name":"Scrap Ooze","floor":11,"gold_loss":0},{"damage_healed":17,"gold_gain":0,"player_choice":"Healed","damage_taken":0,"max_hp_gain":0,"max_hp_loss":0,"event_name":"The Cleric","floor":14,"gold_loss":35}],"is_beta":false,"boss_relics":[],"items_purged_floors":[],"is_endless":false,"potions_floor_spawned":[1,2,4],"killed_by":"Slime Boss","ascension_level":5}}