{"host":"qrt7o4dq2qslzw13","time":1611253173,"event":{"mods":["AchievementEnabler","BaseMod","Colored Map","Colored Powertips","Minty Spire (QoL Compilation)","Quick Restart","StSLib","SuperFastMode"],"gold_per_floor":[113,113,122,148,4,4,13,13,38,63,247,266,15,84,84,84,84],"floor_reached":16,"language":"ENG","playtime":151,"items_purged":[],"score":88,"play_id":"fc3d6102-75e3-4998-bebc-488a031a9b94","local_time":"20210121131933","is_ascension_mode":false,"campfire_choices":[{"data":"CarveReality","floor":6.0,"key":"SMITH"},{"data":"DeceiveReality","floor":8.0,"key":"SMITH"},{"data":"Eruption","floor":15,"key":"SMITH"}],"circlet_count":0,"master_deck":["Strike_P","Strike_P","Strike_P","Defend_P","Defend_P","Defend_P","Defend_P","Eruption+1","Vigilance","WheelKick+1","Regret","CarveReality+1","DeceiveReality+1","Meditate","Doubt","BattleHymn","LessonLearned","Evaluate"],"relics":["PureWater","NeowsBlessing","CeramicFish","Orichalcum","Bronze Scales","Damaru"],"acts_visited":["Exordium"],"potions_floor_usage":[16],"damage_taken":[{"damage":0.0,"enemies":"Jaw Worm","floor":1.0,"turns":1.0},{"damage":0.0,"enemies":"2 Louse","floor":4.0,"turns":1.0},{"damage":0.0,"enemies":"Small Slimes","floor":10.0,"turns":1.0},{"damage":8,"enemies":"Exordium Thugs","floor":12,"turns":2},{"damage":66,"enemies":"The Guardian","floor":16,"turns":9}],"seed_played":"4003090138623758991","potions_obtained":[{"floor":12,"key":"PowerPotion"}],"is_trial":false,"path_per_floor":["M","?","?","M","$","R","?","R","T","M","?","M","$","?","R","B"],"character_chosen":"WATCHER","items_purchased":["Orichalcum","LessonLearned","Damaru","Evaluate"],"campfire_rested":0,"item_purchase_floors":[5,13,13,13],"current_hp_per_floor":[72,72,72,72,72,72,72,72,72,72,72,64,64,64,64,0,0],"gold":84,"neow_bonus":"THREE_ENEMY_KILL","is_daily":false,"chose_seed":false,"campfire_upgraded":3,"win_rate":0.0,"timestamp":1611253173,"path_taken":["M","?","?","M","$","R","?","R","T","?","?","M","$","?","R","BOSS"],"items_purchased_type":["Relic","Card","Relic","Card"],"build_version":"2020-12-22","purchased_purges":0,"victory":false,"max_hp_per_floor":[72,72,72,72,72,72,72,72,72,72,72,72,72,72,72,72,72],"card_choices":[{"not_picked":["PathToVictory","Tantrum"],"picked":"WheelKick","floor":1.0},{"not_picked":["Crescendo","EmptyFist"],"picked":"CarveReality","floor":4.0},{"not_picked":["BowlingBash","Halt"],"picked":"Meditate","floor":10.0},{"not_picked":["FlurryOfBlows","FearNoEvil"],"picked":"BattleHymn","floor":12}],"player_experience":579227,"relics_obtained":[{"floor":9.0,"key":"Bronze Scales"}],"event_choices":[{"damage_healed":0.0,"max_hp_gain":0.0,"max_hp_loss":0.0,"gold_gain":0.0,"event_name":"Living Wall","player_choice":"Grow","floor":2.0,"gold_loss":0.0,"damage_taken":0.0,"cards_upgraded":["WheelKick"]},{"damage_healed":0.0,"max_hp_gain":0.0,"max_hp_loss":0.0,"gold_gain":0.0,"event_name":"Big Fish","player_choice":"Box","floor":3.0,"gold_loss":0.0,"damage_taken":0.0,"relics_obtained":["CeramicFish"],"cards_obtained":["Regret"]},{"damage_healed":0.0,"max_hp_gain":0.0,"max_hp_loss":0.0,"gold_gain":0.0,"cards_transformed":["Strike_P"],"event_name":"Transmorgrifier","player_choice":"Transformed","floor":7.0,"gold_loss":0.0,"damage_taken":0.0,"cards_obtained":["DeceiveReality"]},{"damage_healed":0.0,"max_hp_gain":0.0,"max_hp_loss":0.0,"gold_gain":175.0,"event_name":"Liars Game","player_choice":"AGREE","floor":11.0,"gold_loss":0.0,"damage_taken":0.0,"cards_obtained":["Doubt"]},{"damage_healed":0,"gold_gain":69,"player_choice":"Gained Gold","damage_taken":0,"max_hp_gain":0,"max_hp_loss":0,"event_name":"Golden Wing","floor":14,"gold_loss":0}],"is_beta":false,"boss_relics":[],"items_purged_floors":[],"is_endless":false,"potions_floor_spawned":[12],"killed_by":"The Guardian","ascension_level":0}}