{"host":"ya94u95moedzeoqz","time":1611209512,"event":{"mods":["100% Spire Juice","2.2 Compatiblity","Abigail Mod","Act Like it!","Aspiration","Bartender","BaseMod","Better Altar","Better Match","Better Note","Better Sensory Stone","Better Skull","Better Third Choice","BetterRewards","Energized Spire","Evolution","GifTheSpireLib","KinomotoSakuraMod(????)","Minty Spire (QoL Compilation)","Permanent Neow","Railgun Mod","Replay The Spire","Spicy Shops","Spire Arcade","StSLib","The Alterego","The Forsaken","The Marked","The Senshi","TheVelvet","Yuri Mod"],"gold_per_floor":[112,130,142,155,155,181,181,215,215,95,0,13,49,70,70,201,201,102,102,122,122,203,203,108,108,108,146,170,170,89,89,89,220,100,120,161,184,197,197,530,530,550,573,11,36,0,0,25,25,25],"floor_reached":51,"language":"ENG","playtime":6304,"items_purged":["Parasite"],"score":1038,"play_id":"197c953a-4913-4231-ab4a-040b3a70ed5b","local_time":"20210121011152","is_ascension_mode":false,"campfire_choices":[{"floor":7,"key":"REST"},{"data":"Moonworks:LulusLuckyEgg","floor":15,"key":"SMITH"},{"data":"Moonworks:MixPhenomenon","floor":23,"key":"SMITH"},{"data":"Moonworks:CloudOfSeagulls","floor":25,"key":"SMITH"},{"data":"Moonworks:JonathanRush","floor":29,"key":"SMITH"},{"data":"Moonworks:JonathanRush","floor":32,"key":"SMITH"},{"data":"Moonworks:RagingMadness","floor":41,"key":"SMITH"},{"data":"Moonworks:TreasureThief","floor":47,"key":"SMITH"},{"floor":49,"key":"REST"}],"circlet_count":0,"master_deck":["Moonworks:Strike","Moonworks:Strike","Moonworks:Strike","Moonworks:Strike","Moonworks:Defend","Moonworks:Defend","Moonworks:Defend","Moonworks:Defend","Moonworks:Ambush","Moonworks:LongDistanceShot","Moonworks:RagingMadness+1","Moonworks:AwakeningOfTalent+1","Moonworks:JonathanRush+1","Moonworks:ImOnFire","Moonworks:JonathanRush+1","Moonworks:StiffCrystal+1","Injury","Moonworks:LulusLuckyEgg+1","Moonworks:CookingTime+1","Injury","Enlightenment","Moonworks:MiracleRedBeanIceCream","Moonworks:CloudOfSeagulls+1","Moonworks:AngelHand","Moonworks:FullSpeedAlicianrone","Moonworks:CrystalBarrier+1","Moonworks:OutOfAmmo+1","Moonworks:DevilHand","Moonworks:ExtendedPhotonRifle","Moonworks:MixPhenomenon+1","Moonworks:SakisCookie","Trip","Dark Shackles","Moonworks:BigMagnum","Moonworks:JonathanRush+1","Moonworks:FinalBattle+1","Moonworks:BindingChains","Moonworks:CompletionReward+1","Moonworks:DeployBits+1","Moonworks:RocketCannon+1","Moonworks:JonathanRush+1","Moonworks:JonathanRush+1","Moonworks:CloudOfSeagulls+1","Moonworks:ForcedRevival","Moonworks:Flamethrower","Moonworks:CookingTime+1","Moonworks:LulusLuckyEgg+1","Hallucinations","Moonworks:ForcedRevival","Moonworks:WindyEnchantment+1","Moonworks:RagingMadness+1","Moonworks:TreasureThief+1","Moonworks:JonathanRush+1","Shame","Moonworks:WindyEnchantment+1","Moonworks:JonathanRush+1"],"relics":["Moonworks:BrokenBomb","Moonworks:Homemark","EVO:Axolotl","theForsaken:Lifeblossom","ReplayTheSpireMod:CursedCoin","Strange Spoon","Strawberry","Shuriken","Frozen Egg 2","Replay:Baseball","aspiration:ChemicalBlood","Prayer Wheel","Divine Protection","aspiration:SecretTechniqueScroll","Molten Egg 2","Turnip","ReplayTheSpireMod:Shallot","aspiration:HatOfInfinitePower","SacredBark","theForsaken:Kindling","ReplayTheSpireMod:Ring of Collecting","Ring of Misfortune","Toy Ornithopter","Replay:Bottled Flurry","Guide Book","Protect_Vest","Red Mask","theForsaken:ScaryMask"],"acts_visited":["Exordium","TheCity","TheBeyond"],"potions_floor_usage":[13,14,14,16,20,27,27,28,30,33,38,42,42,45,50],"damage_taken":[{"damage":0,"enemies":"Small Slimes","floor":1,"turns":3},{"damage":5,"enemies":"2 Louse","floor":2,"turns":3},{"damage":1,"enemies":"Cultist","floor":3,"turns":4},{"damage":9,"enemies":"Blue Slaver","floor":4,"turns":3},{"damage":26,"enemies":"Lagavulin","floor":6,"turns":7},{"damage":22,"enemies":"3 Sentries","floor":8,"turns":4},{"damage":1,"enemies":"Large Slime","floor":12,"turns":5},{"damage":21,"enemies":"Gremlin Nob","floor":13,"turns":4},{"damage":1,"enemies":"Exordium Thugs","floor":14,"turns":5},{"damage":26,"enemies":"Fading Forest","floor":16,"turns":11},{"damage":0,"enemies":"3 Byrds","floor":18,"turns":5},{"damage":16,"enemies":"Shell Parasite","floor":20,"turns":6},{"damage":0,"enemies":"Centurion and Healer","floor":24,"turns":3},{"damage":27,"enemies":"Replay:Snechameleon","floor":27,"turns":6},{"damage":1,"enemies":"Sentry and Sphere","floor":28,"turns":6},{"damage":12,"enemies":"Book of Stabbing","floor":30,"turns":4},{"damage":0,"enemies":"Pondfish","floor":33,"turns":8},{"damage":2,"enemies":"3 Darklings","floor":35,"turns":4},{"damage":5,"enemies":"3 Shapes","floor":37,"turns":7},{"damage":0,"enemies":"Transient","floor":38,"turns":5},{"damage":14,"enemies":"Spire Growth","floor":42,"turns":4},{"damage":0,"enemies":"R_Hoarder","floor":45,"turns":7},{"damage":0,"enemies":"Giant Head","floor":48,"turns":6},{"damage":4,"enemies":"Awakened One","floor":50,"turns":9}],"seed_played":"4671593856649080252","potions_obtained":[{"floor":6,"key":"Reflective Coating"},{"floor":8,"key":"PowerPotion"},{"floor":12,"key":"Block Potion"},{"floor":16,"key":"GamblersBrew"},{"floor":24,"key":"Block Potion"},{"floor":28,"key":"Adrenaline Potion"},{"floor":30,"key":"Ancient Potion"},{"floor":37,"key":"Moonworks:OneHundredPercentOrangeJuicePotion"},{"floor":38,"key":"SpeedPotion"},{"floor":48,"key":"Languid Potion"}],"is_trial":false,"path_per_floor":["M","M","M","M","?","E","R","E","T","?","?","M","E","M","R","B",null,"M","?","M","?","T","R","M","R","T","E","M","R","E","?","R","B",null,"M","?","M","M","?","?","R","M","T","$","E","?","R","E","R","B",null],"character_chosen":"THE_STARBREAKER","items_purchased":["Moonworks:RagingMadness","theForsaken:Lifeblossom","ReplayTheSpireMod:CursedCoin","Moonworks:AwakeningOfTalent+1","Moonworks:JonathanRush","Strange Spoon","Strawberry","Shuriken","Replay:Bottled Flurry","Moonworks:RagingMadness+1","Moonworks:TreasureThief","Moonworks:JonathanRush+1","Guide Book","Adrenaline Potion"],"campfire_rested":2,"item_purchase_floors":[0,0,0,0,0,0,0,0,44,44,44,44,44,44],"current_hp_per_floor":[45,45,50,46,46,26,45,29,29,29,35,46,46,56,56,47,70,70,70,59,59,59,59,70,70,70,43,59,59,63,70,70,70,70,68,51,59,70,70,70,70,62,62,62,70,70,70,70,75,75],"gold":25,"neow_bonus":"","is_daily":false,"chose_seed":false,"campfire_upgraded":7,"win_rate":0.0,"timestamp":1611209512,"path_taken":["M","M","M","M","?","E","R","E","T","?","?","M","E","M","R","BOSS","M","?","M","?","?","R","M","R","T","E","M","R","E","?","R","BOSS","M","?","?","M","?","?","R","M","T","$","E","?","R","E","R","BOSS"],"items_purchased_type":["Card","Relic","Relic","Card","Card","Relic","Relic","Relic","Relic","Card","Card","Card","Relic","Potion"],"build_version":"2020-12-22","purchased_purges":1,"victory":true,"max_hp_per_floor":[64,64,64,64,64,64,64,64,64,64,70,70,70,70,70,70,70,70,70,70,70,70,70,70,70,70,70,70,70,70,70,70,70,70,70,70,70,70,70,70,70,70,70,70,70,70,70,70,75,75],"card_choices":[{"not_picked":["Moonworks:IndiscriminateFireSupport","Moonworks:CompletionReward"],"picked":"Moonworks:ImOnFire","floor":1},{"not_picked":["Moonworks:BigMagnum","Moonworks:BigBangBell"],"picked":"Moonworks:JonathanRush","floor":2},{"not_picked":["Moonworks:IndiscriminateFireSupport","Moonworks:NicePresent"],"picked":"Moonworks:StiffCrystal","floor":3},{"not_picked":["Moonworks:BigMagnum","Moonworks:IndiscriminateFireSupport","Moonworks:Assault"],"picked":"SKIP","floor":4},{"not_picked":["Moonworks:TreasureThief","Moonworks:EvilSpyWorkPreparation"],"picked":"Moonworks:LulusLuckyEgg","floor":6},{"not_picked":["Moonworks:Flamethrower","Moonworks:CloudOfSeagulls"],"picked":"Moonworks:CookingTime","floor":8},{"not_picked":["Moonworks:IndiscriminateFireSupport","Moonworks:CastOff"],"picked":"Moonworks:MiracleRedBeanIceCream","floor":12},{"not_picked":["Moonworks:BigMagnum","Moonworks:BindingChains"],"picked":"Moonworks:CloudOfSeagulls","floor":12},{"not_picked":["Moonworks:ScrambledEve","Moonworks:Bloodlust"],"picked":"Moonworks:AngelHand","floor":13},{"not_picked":["Moonworks:IndiscriminateFireSupport","Moonworks:NicePresent"],"picked":"Moonworks:FullSpeedAlicianrone","floor":14},{"not_picked":["Moonworks:IntelligenceOfficer","Moonworks:BigMagnum"],"picked":"Moonworks:CrystalBarrier+1","floor":14},{"not_picked":["Moonworks:CrystalBarrier+1","Moonworks:Wanted"],"picked":"Moonworks:OutOfAmmo+1","floor":16},{"not_picked":["Moonworks:LulusLuckyEgg","Moonworks:DeployBits"],"picked":"Moonworks:DevilHand","floor":18},{"not_picked":["Moonworks:RedAndBlue","Moonworks:Dash+1"],"picked":"Moonworks:ExtendedPhotonRifle","floor":18},{"not_picked":["Moonworks:LulusLuckyEgg","Moonworks:Assault"],"picked":"Moonworks:MixPhenomenon","floor":20},{"not_picked":["Moonworks:Flamethrower","Moonworks:JonathanRush"],"picked":"Moonworks:SakisCookie","floor":20},{"not_picked":["Discovery","Dark Shackles"],"picked":"Trip","floor":21},{"not_picked":["Trip","ReplayTheSpireMod:Trickstab"],"picked":"Dark Shackles","floor":21},{"not_picked":["Moonworks:MiracleRedBeanIceCream+1","Moonworks:BeyondHell"],"picked":"Moonworks:BigMagnum","floor":24},{"not_picked":["Moonworks:ReproductionOfRecords","Moonworks:Poppoformation"],"picked":"Moonworks:JonathanRush+1","floor":24},{"not_picked":["Moonworks:StiffCrystal","Moonworks:NicePresent"],"picked":"Moonworks:FinalBattle+1","floor":27},{"not_picked":["Moonworks:BigMagnum","Moonworks:Assault+1"],"picked":"Moonworks:BindingChains","floor":28},{"not_picked":["Moonworks:EvilSpyWorkPreparation","Moonworks:IndiscriminateFireSupport+1"],"picked":"Moonworks:CompletionReward+1","floor":28},{"not_picked":["Moonworks:CloudOfSeagulls+1","Moonworks:EvilSpyWorkPreparation"],"picked":"Moonworks:DeployBits+1","floor":30},{"not_picked":["Moonworks:Wanted","Moonworks:SinkOrSwim+1"],"picked":"Moonworks:RocketCannon+1","floor":33},{"not_picked":["Moonworks:Assault+1","Moonworks:LulusLuckyEgg"],"picked":"Moonworks:JonathanRush+1","floor":35},{"not_picked":["Moonworks:WindyEnchantment+1","Moonworks:CloudOfSeagulls+1"],"picked":"Moonworks:JonathanRush+1","floor":35},{"not_picked":["Moonworks:EvilSpyWorkPreparation+1","Moonworks:Assault+1"],"picked":"Moonworks:CloudOfSeagulls+1","floor":36},{"not_picked":["Moonworks:BigMagnum+1","Moonworks:EvilSpyWorkPreparation"],"picked":"Moonworks:ForcedRevival","floor":37},{"not_picked":["Moonworks:ReproductionOfRecords+1","Moonworks:CloudOfSeagulls+1"],"picked":"Moonworks:Flamethrower","floor":37},{"not_picked":["Moonworks:DeployBits","Moonworks:BigMagnum"],"picked":"Moonworks:CookingTime+1","floor":38},{"not_picked":["Moonworks:DevilHand+1","Moonworks:BeyondHell+1"],"picked":"Moonworks:LulusLuckyEgg+1","floor":38},{"not_picked":["Moonworks:NicePresent+1","Moonworks:Assault+1"],"picked":"Moonworks:ForcedRevival","floor":42},{"not_picked":["Moonworks:EvilSpyWorkPreparation","Moonworks:GoAway"],"picked":"Moonworks:WindyEnchantment+1","floor":42},{"not_picked":["Moonworks:LeapThroughSpace+1","Moonworks:NicePresent"],"picked":"Moonworks:WindyEnchantment+1","floor":45},{"not_picked":["Moonworks:DevilHand+1","Moonworks:NicePresent+1"],"picked":"Moonworks:JonathanRush+1","floor":48}],"player_experience":508836,"relics_obtained":[{"floor":6,"key":"Replay:Baseball"},{"floor":8,"key":"aspiration:ChemicalBlood"},{"floor":9,"key":"Prayer Wheel"},{"floor":13,"key":"Divine Protection"},{"floor":22,"key":"Molten Egg 2"},{"floor":26,"key":"Turnip"},{"floor":27,"key":"ReplayTheSpireMod:Shallot"},{"floor":30,"key":"aspiration:HatOfInfinitePower"},{"floor":36,"key":"theForsaken:Kindling"},{"floor":39,"key":"ReplayTheSpireMod:Ring of Collecting"},{"floor":39,"key":"Ring of Misfortune"},{"floor":43,"key":"Toy Ornithopter"},{"floor":45,"key":"Protect_Vest"},{"floor":48,"key":"theForsaken:ScaryMask"}],"event_choices":[{"damage_healed":0,"gold_gain":0,"player_choice":"Take Wound","damage_taken":0,"relics_obtained":["Golden Idol"],"max_hp_gain":0,"max_hp_loss":0,"event_name":"Golden Idol","floor":10,"gold_loss":0,"cards_obtained":["Injury"]},{"damage_healed":0,"gold_gain":0,"player_choice":"RENOUNCE","damage_taken":95,"max_hp_gain":0,"max_hp_loss":0,"event_name":"betterThird:BetterSerpent","floor":11,"gold_loss":95,"cards_obtained":["Enlightenment"]},{"damage_healed":0,"gold_gain":0,"player_choice":"Ignored","damage_taken":0,"max_hp_gain":0,"max_hp_loss":0,"event_name":"betterNote:BetterNote","floor":19,"gold_loss":0,"cards_obtained":["yuri:JumpScare"]},{"damage_healed":0,"gold_gain":2,"player_choice":"1","damage_taken":0,"max_hp_gain":0,"max_hp_loss":0,"event_name":"betterStone:BetterStone","floor":21,"gold_loss":0},{"damage_healed":7,"gold_gain":0,"player_choice":"Full Heal","damage_taken":0,"max_hp_gain":0,"max_hp_loss":0,"event_name":"Wheel of Change","floor":31,"gold_loss":0},{"damage_healed":0,"gold_gain":333,"player_choice":"Gave Idol","damage_taken":0,"max_hp_gain":0,"max_hp_loss":0,"event_name":"The Moai Head","floor":40,"relics_lost":["Golden Idol"],"gold_loss":0},{"damage_healed":0,"gold_gain":0,"player_choice":"Paid","damage_taken":0,"relics_obtained":["Red Mask"],"max_hp_gain":0,"max_hp_loss":0,"event_name":"Tomb of Lord Red Mask","floor":46,"gold_loss":36}],"is_beta":false,"boss_relics":[{"not_picked":["Black Star","energizedSpire:CursedPentagram"],"picked":"aspiration:SecretTechniqueScroll"},{"not_picked":["Runic Pyramid","Moonworks:SBBomb"],"picked":"SacredBark"}],"items_purged_floors":[0],"is_endless":false,"potions_floor_spawned":[6,8,12,16,24,28,30,38,48],"ascension_level":0}}