{"host":"7sni158j623xchr2","time":1611204967,"event":{"mods":["BaseMod","Colored Map","Highlight Path","Minty Spire (QoL Compilation)","Permanent Neow","Potion Indicator Mod","Rare Cards Sparkle","Relic Sorter","Relic Stats","StSLib","everything is the same but u backflip on backflip"],"gold_per_floor":[114,214,231,246,265,265,280,314,359,359,394,407,407,440,440,537,537,547,647,664,677,687,717,717,745,769,330,330,83,83,93,93,190,190,203,203,222,276,290,319,22,56,56,91,91,91,101,18,18,18,18],"floor_reached":50,"language":"ENG","playtime":1538,"items_purged":["Injury","Eruption+1"],"score":723,"play_id":"06499a25-1509-4e71-9742-8bf9d4edd932","local_time":"20210120225607","is_ascension_mode":true,"campfire_choices":[{"data":"Eruption","floor":6.0,"key":"SMITH"},{"data":"Consecrate","floor":10.0,"key":"SMITH"},{"data":"Tantrum","floor":13.0,"key":"SMITH"},{"data":"Wallop","floor":15.0,"key":"SMITH"},{"data":"Tantrum","floor":28.0,"key":"SMITH"},{"data":"Halt","floor":32.0,"key":"SMITH"},{"floor":46,"key":"REST"},{"floor":49,"key":"RECALL"}],"circlet_count":0,"master_deck":["Strike_P+1","Strike_P+1","Strike_P+1","Strike_P+1","Defend_P+1","Defend_P+1","Defend_P+1","Defend_P+1","Vigilance+1","Halt+1","CutThroughFate+1","FearNoEvil+1","Consecrate+1","Wallop+1","Tantrum+1","EmptyFist+1","LessonLearned+1","Wallop+1","EmptyMind+1","Tantrum+1","FearNoEvil+1","TalkToTheHand","TalkToTheHand","ThirdEye+1","Parasite","MentalFortress+1","Consecrate+1","MentalFortress+1"],"relics":["Sozu","Whetstone","Orichalcum","Frozen Egg 2","MealTicket","Cursed Key","Shuriken","Letter Opener","Yang","DollysMirror","Black Star","Prayer Wheel","Pantograph","StrikeDummy","Torii","Oddly Smooth Stone","Bag of Marbles","Bird Faced Urn","Molten Egg 2"],"acts_visited":["Exordium","TheCity","TheBeyond"],"potions_floor_usage":[],"damage_taken":[{"damage":0.0,"enemies":"2 Louse","floor":1.0,"turns":2.0},{"damage":0.0,"enemies":"Cultist","floor":3.0,"turns":2.0},{"damage":0.0,"enemies":"Small Slimes","floor":4.0,"turns":2.0},{"damage":10.0,"enemies":"Gremlin Gang","floor":5.0,"turns":4.0},{"damage":0.0,"enemies":"Large Slime","floor":7.0,"turns":3.0},{"damage":6.0,"enemies":"Lagavulin","floor":8.0,"turns":4.0},{"damage":0.0,"enemies":"3 Sentries","floor":11.0,"turns":2.0},{"damage":2.0,"enemies":"Looter","floor":12.0,"turns":2.0},{"damage":8.0,"enemies":"Gremlin Nob","floor":14.0,"turns":3.0},{"damage":0.0,"enemies":"Slime Boss","floor":16.0,"turns":5.0},{"damage":0.0,"enemies":"Chosen","floor":18.0,"turns":4.0},{"damage":10.0,"enemies":"Spheric Guardian","floor":20.0,"turns":3.0},{"damage":18.0,"enemies":"Chosen and Byrds","floor":21.0,"turns":7.0},{"damage":0.0,"enemies":"Centurion and Healer","floor":22.0,"turns":3.0},{"damage":25.0,"enemies":"Slavers","floor":23.0,"turns":6.0},{"damage":3.0,"enemies":"Gremlin Leader","floor":25.0,"turns":6.0},{"damage":0.0,"enemies":"Snecko","floor":31.0,"turns":5.0},{"damage":2.0,"enemies":"Champ","floor":33.0,"turns":8.0},{"damage":8.0,"enemies":"3 Shapes","floor":35.0,"turns":6.0},{"damage":2.0,"enemies":"3 Darklings","floor":37.0,"turns":3.0},{"damage":5.0,"enemies":"2 Orb Walkers","floor":38.0,"turns":3.0},{"damage":14.0,"enemies":"Maw","floor":39.0,"turns":5.0},{"damage":17.0,"enemies":"Reptomancer","floor":40.0,"turns":7.0},{"damage":17.0,"enemies":"Nemesis","floor":42.0,"turns":5.0},{"damage":22,"enemies":"Reptomancer","floor":44,"turns":5},{"damage":16,"enemies":"Writhing Mass","floor":47,"turns":4},{"damage":77,"enemies":"Time Eater","floor":50,"turns":7}],"seed_played":"1668763228601789104","potions_obtained":[],"is_trial":false,"path_per_floor":["M","?","M","M","M","R","M","E","T","R","E","M","R","E","R","B",null,"M","?","M","M","M","E","?","E","T","$","R","$","?","M","R","B",null,"M","?","M","?","M","E","$","E","T","E","?","R","M","$","R","B"],"character_chosen":"WATCHER","items_purchased":["EmptyMind","Yang","Tantrum","DollysMirror","Torii","Consecrate+1","MentalFortress+1"],"campfire_rested":1,"item_purchase_floors":[27,27,27,29,41,48,48],"current_hp_per_floor":[72,72,72,72,62,62,62,56,56,56,56,54,54,46,46,46,72,72,72,62,44,44,19,19,16,16,31,31,46,70,70,70,68,72,64,64,62,57,43,26,41,24,24,2,2,23,7,22,22,0,0],"gold":18,"neow_bonus":"BOSS_RELIC","is_daily":false,"chose_seed":false,"campfire_upgraded":6,"win_rate":0.0,"timestamp":1611204967,"path_taken":["M","?","M","M","M","R","?","E","T","R","E","M","R","E","R","BOSS","M","?","?","M","?","E","?","E","T","$","R","$","?","M","R","BOSS","M","?","?","?","M","E","$","E","T","E","?","R","M","$","R","BOSS"],"items_purchased_type":["Card","Relic","Card","Relic","Relic","Card","Card"],"build_version":"2020-12-22","purchased_purges":2,"victory":false,"max_hp_per_floor":[72,72,72,72,72,72,72,72,72,72,72,72,72,72,72,72,72,72,72,72,72,72,72,72,72,72,72,72,72,72,72,72,72,72,72,72,72,72,72,72,72,72,72,72,72,72,72,72,72,72,72],"relic_stats":{"Torii":0,"counters":[27,116],"Yang":[168],"Whetstone":["Strike_P","CutThroughFate"],"Letter Opener":[10],"Orichalcum":[84],"Cursed Key":1,"Sozu":10,"Shuriken":[40],"Pantograph":25,"Bird Faced Urn":[4],"MealTicket":60,"Prayer Wheel":2,"Black Star":3,"obtain_stats":[{"Torii":41,"Oddly Smooth Stone":42,"Yang":27,"Whetstone":8,"Letter Opener":25,"Orichalcum":9,"Frozen Egg 2":11,"Cursed Key":17,"Sozu":0,"Shuriken":23,"DollysMirror":29,"Pantograph":40,"Bird Faced Urn":44,"MealTicket":14,"Prayer Wheel":38,"Molten Egg 2":44,"Black Star":34,"Bag of Marbles":42,"PureWater":0,"StrikeDummy":40},{"Torii":23,"Oddly Smooth Stone":24,"Yang":16,"Whetstone":6,"Letter Opener":16,"Orichalcum":6,"Frozen Egg 2":7,"Cursed Key":10,"Sozu":0,"Shuriken":15,"DollysMirror":16,"Pantograph":23,"Bird Faced Urn":25,"MealTicket":9,"Prayer Wheel":21,"Molten Egg 2":25,"Black Star":18,"Bag of Marbles":24,"PureWater":0,"StrikeDummy":23},{"Torii":95,"Oddly Smooth Stone":100,"Yang":58,"Whetstone":17,"Letter Opener":58,"Orichalcum":17,"Frozen Egg 2":19,"Cursed Key":29,"Sozu":0,"Shuriken":52,"DollysMirror":58,"Pantograph":95,"Bird Faced Urn":105,"MealTicket":24,"Prayer Wheel":83,"Molten Egg 2":105,"Black Star":71,"Bag of Marbles":100,"PureWater":0,"StrikeDummy":95}]},"card_choices":[{"not_picked":["JustLucky","Crescendo"],"picked":"Halt","floor":1.0},{"not_picked":["SashWhip","Weave"],"picked":"CutThroughFate","floor":3.0},{"not_picked":["BowlingBash","ThirdEye"],"picked":"FearNoEvil","floor":4.0},{"not_picked":["SashWhip","JustLucky"],"picked":"Consecrate","floor":5.0},{"not_picked":["CutThroughFate","CrushJoints"],"picked":"Wallop","floor":7.0},{"not_picked":["LikeWater","FlyingSleeves"],"picked":"Tantrum","floor":8.0},{"not_picked":["Alpha","CrushJoints","CutThroughFate"],"picked":"SKIP","floor":11.0},{"not_picked":["Halt","FearNoEvil"],"picked":"EmptyFist","floor":12.0},{"not_picked":["ForeignInfluence","Sanctity"],"picked":"ThirdEye","floor":14.0},{"not_picked":["Blasphemy","Omniscience"],"picked":"LessonLearned","floor":16.0},{"not_picked":["Protect","BowlingBash"],"picked":"Wallop+1","floor":18.0},{"not_picked":["ThirdEye","Prostrate","Crescendo+1"],"picked":"SKIP","floor":20.0},{"not_picked":["BowlingBash","ReachHeaven","SashWhip"],"picked":"SKIP","floor":21.0},{"not_picked":["SashWhip","FlyingSleeves","Wish"],"picked":"SKIP","floor":22.0},{"not_picked":["ClearTheMind","CarveReality+1","FollowUp"],"picked":"SKIP","floor":23.0},{"not_picked":["DeusExMachina","Halt+1","FlyingSleeves"],"picked":"SKIP","floor":25.0},{"not_picked":["Evaluate","EmptyBody+1","PathToVictory"],"picked":"SKIP","floor":31.0},{"not_picked":["Worship+1","Tantrum+1"],"picked":"TalkToTheHand","floor":35.0},{"not_picked":["WaveOfTheHand+1","JustLucky+1"],"picked":"TalkToTheHand","floor":37.0},{"not_picked":["SashWhip","EmptyMind","FlurryOfBlows+1"],"picked":"SKIP","floor":39.0},{"not_picked":["WindmillStrike","CutThroughFate","JustLucky+1"],"picked":"SKIP","floor":39.0},{"not_picked":["FlurryOfBlows","Worship"],"picked":"ThirdEye+1","floor":40.0},{"not_picked":["FlurryOfBlows","SpiritShield","WheelKick+1"],"picked":"SKIP","floor":42.0},{"not_picked":["Crescendo","JustLucky+1","Establishment+1"],"picked":"SKIP","floor":44},{"not_picked":["Vengeance+1","FlyingSleeves+1"],"picked":"MentalFortress+1","floor":47},{"not_picked":["CrushJoints+1","JustLucky+1","CutThroughFate+1"],"picked":"SKIP","floor":47}],"player_experience":1659164,"relics_obtained":[{"floor":8.0,"key":"Whetstone"},{"floor":9.0,"key":"Orichalcum"},{"floor":11.0,"key":"Frozen Egg 2"},{"floor":14.0,"key":"MealTicket"},{"floor":23.0,"key":"Shuriken"},{"floor":25.0,"key":"Letter Opener"},{"floor":38.0,"key":"Prayer Wheel"},{"floor":40.0,"key":"Pantograph"},{"floor":40.0,"key":"StrikeDummy"},{"floor":42.0,"key":"Oddly Smooth Stone"},{"floor":42.0,"key":"Bag of Marbles"},{"floor":44,"key":"Bird Faced Urn"},{"floor":44,"key":"Molten Egg 2"}],"event_choices":[{"damage_healed":0.0,"max_hp_gain":0.0,"max_hp_loss":0.0,"gold_gain":100.0,"event_name":"Golden Shrine","player_choice":"Pray","floor":2.0,"gold_loss":0.0,"damage_taken":0.0},{"damage_healed":0.0,"max_hp_gain":0.0,"max_hp_loss":0.0,"gold_gain":100.0,"event_name":"Golden Shrine","player_choice":"Pray","floor":19.0,"gold_loss":0.0,"damage_taken":0.0},{"damage_healed":0.0,"max_hp_gain":0.0,"max_hp_loss":0.0,"gold_gain":0.0,"event_name":"Back to Basics","player_choice":"Simplicity","floor":24.0,"gold_loss":0.0,"damage_taken":0.0,"cards_upgraded":["Strike_P","Strike_P","Strike_P","Defend_P","Defend_P","Defend_P"]},{"damage_healed":24.0,"max_hp_gain":0.0,"max_hp_loss":0.0,"gold_gain":0.0,"event_name":"The Library","player_choice":"Heal","floor":30.0,"gold_loss":0.0,"damage_taken":0.0},{"damage_healed":0.0,"max_hp_gain":0.0,"max_hp_loss":0.0,"gold_gain":0.0,"event_name":"SecretPortal","player_choice":"Ignored","floor":36.0,"gold_loss":0.0,"damage_taken":0.0},{"damage_healed":0.0,"max_hp_gain":0.0,"max_hp_loss":0.0,"gold_gain":0.0,"event_name":"Mysterious Sphere","player_choice":"Fight","floor":38.0,"gold_loss":0.0,"damage_taken":0.0},{"cards_removed":["ThirdEye"],"damage_healed":0,"gold_gain":0,"player_choice":"Removed Skill","damage_taken":0,"max_hp_gain":0,"max_hp_loss":0,"event_name":"Falling","floor":45,"gold_loss":0}],"is_beta":false,"boss_relics":[{"not_picked":["Empty Cage","Coffee Dripper"],"picked":"Cursed Key"},{"not_picked":["SacredBark","Velvet Choker"],"picked":"Black Star"}],"items_purged_floors":[27,29],"is_endless":false,"potions_floor_spawned":[5,7,11,14,21,23,31,33,38,42],"killed_by":"Time Eater","ascension_level":1}}