{"host":"krw8blyxua7at9ak","time":1611264397,"event":{"mods":["BaseMod","Highlight Path","Minty Spire (QoL Compilation)","ojb\u0027s Info Mod"],"gold_per_floor":[368,384,384,399,58,58,208,238,238,238,238,96,127,141,141,218,218,230,230,230,240,258,285,285,318,343,371,371,389,406,456,456,530,530,546,546,559,559,275,275,303,323,346,375,44,44,56,85,85,85,85,85,85,7,34,34,34],"floor_reached":56,"language":"ENG","playtime":3356,"items_purged":["Parasite","Doubt"],"score":2252,"play_id":"423cec3c-f87d-4b4a-a9f0-2c333ef3aabe","local_time":"20210121222637","is_ascension_mode":true,"campfire_choices":[{"data":"Blade Dance","floor":6.0,"key":"SMITH"},{"data":"Adrenaline","floor":11.0,"key":"SMITH"},{"data":"Night Terror","floor":15.0,"key":"SMITH"},{"data":"Blade Dance","floor":24,"key":"SMITH"},{"data":"Accuracy","floor":28,"key":"SMITH"},{"data":"Cloak And Dagger","floor":32,"key":"SMITH"},{"data":"Neutralize","floor":40,"key":"SMITH"},{"floor":49,"key":"RECALL"},{"data":"Accuracy","floor":53,"key":"SMITH"}],"circlet_count":0,"master_deck":["AscendersBane","Survivor","Neutralize+1","Blade Dance+1","Accuracy+1","Adrenaline+1","Dagger Throw","Underhanded Strike","Endless Agony","Night Terror+1","Cloak And Dagger+1","After Image","Dagger Spray","Terror+1","Blade Dance+1","Venomology+1","Escape Plan+1","Deflect+1","Cloak And Dagger+1","Storm of Steel+1","Bullet Time+1","Tools of the Trade","Crippling Poison+1","Blur+1","Slice","Backflip+1","Dagger Spray","Distraction+1","Dagger Spray","Backstab","Concentrate+1","Reflex+1","Backflip+1","Accuracy+1","Night Terror+1","Blade Dance+1","Expertise+1"],"relics":["Ring of the Snake","Ornamental Fan","Bottled Lightning","Regal Pillow","Blue Candle","Mercury Hourglass","Runic Pyramid","Toxic Egg 2","Bird Faced Urn","Happy Flower","War Paint","Pandora\u0027s Box","Gremlin Horn","Omamori","Akabeko","Anchor","DollysMirror","Strawberry","Nunchaku"],"acts_visited":["Exordium","TheCity","TheBeyond","TheEnding"],"potions_floor_usage":[23,25,27,29,30,55,55,55,56],"damage_taken":[{"damage":4.0,"enemies":"Small Slimes","floor":1.0,"turns":4.0},{"damage":8.0,"enemies":"Cultist","floor":2.0,"turns":5.0},{"damage":1.0,"enemies":"2 Louse","floor":4.0,"turns":3.0},{"damage":12.0,"enemies":"3 Sentries","floor":8.0,"turns":8.0},{"damage":8.0,"enemies":"Lagavulin","floor":13.0,"turns":5.0},{"damage":0.0,"enemies":"Looter","floor":14.0,"turns":2.0},{"damage":0.0,"enemies":"Slime Boss","floor":16.0,"turns":5.0},{"damage":11.0,"enemies":"2 Thieves","floor":18.0,"turns":4.0},{"damage":0.0,"enemies":"Spheric Guardian","floor":21.0,"turns":3.0},{"damage":8,"enemies":"3 Cultists","floor":22,"turns":4},{"damage":0,"enemies":"Gremlin Leader","floor":23,"turns":4},{"damage":7,"enemies":"Book of Stabbing","floor":25,"turns":4},{"damage":10,"enemies":"Slavers","floor":27,"turns":4},{"damage":3,"enemies":"Centurion and Healer","floor":29,"turns":4},{"damage":0,"enemies":"Snecko","floor":30,"turns":5},{"damage":10,"enemies":"Collector","floor":33,"turns":8},{"damage":0,"enemies":"3 Shapes","floor":35,"turns":2},{"damage":0,"enemies":"Orb Walker","floor":37,"turns":3},{"damage":4,"enemies":"Giant Head","floor":41,"turns":4},{"damage":11,"enemies":"Spire Growth","floor":42,"turns":4},{"damage":1,"enemies":"Reptomancer","floor":44,"turns":4},{"damage":0,"enemies":"Sphere and 2 Shapes","floor":47,"turns":4},{"damage":0,"enemies":"Giant Head","floor":48,"turns":4},{"damage":10,"enemies":"Donu and Deca","floor":50,"turns":7},{"damage":58,"enemies":"Awakened One","floor":51,"turns":17},{"damage":22,"enemies":"Shield and Spear","floor":55,"turns":6},{"damage":62,"enemies":"The Heart","floor":56,"turns":2}],"seed_played":"8898804185629832731","potions_obtained":[{"floor":4.0,"key":"SpeedPotion"},{"floor":13.0,"key":"LiquidMemories"},{"floor":16.0,"key":"Weak Potion"},{"floor":21.0,"key":"GamblersBrew"},{"floor":22,"key":"Explosive Potion"},{"floor":23,"key":"Poison Potion"},{"floor":35,"key":"Dexterity Potion"},{"floor":42,"key":"DistilledChaos"},{"floor":55,"key":"LiquidBronze"}],"is_trial":false,"path_per_floor":["M","M","?","M","$","R","?","E","T","?","R","$","E","M","R","B",null,"M","?","?","M","M","E","R","E","T","E","R","M","M","?","R","B",null,"M","?","M","?","$","R","E","M","T","E","$","?","M","E","R","B","B",null,"R","$","E","B"],"character_chosen":"THE_SILENT","items_purchased":["Ornamental Fan","Endless Agony","Gremlin Horn","Anchor","DollysMirror","Expertise+1"],"campfire_rested":0,"item_purchase_floors":[5,12,39,45,45,54],"current_hp_per_floor":[55,47,47,46,46,46,46,34,34,29,29,29,21,21,21,21,53,42,42,42,42,34,34,34,27,27,21,21,20,20,20,20,14,51,53,53,55,63,63,63,61,50,50,55,55,55,59,67,67,65,13,54,54,54,46,0,0],"gold":34,"neow_bonus":"TWO_FIFTY_GOLD","is_daily":false,"chose_seed":false,"campfire_upgraded":8,"win_rate":0.0,"timestamp":1611264397,"path_taken":["M","M","?","?","$","R","?","E","T","?","R","$","E","M","R","BOSS","M","?","?","M","M","E","R","E","T","E","R","?","M","?","R","BOSS","M","?","M","?","$","R","E","?","T","E","?","?","M","E","R","BOSS","BOSS","R","$","E","BOSS"],"items_purchased_type":["Relic","Card","Relic","Relic","Relic","Card"],"build_version":"2020-12-22","purchased_purges":2,"victory":false,"max_hp_per_floor":[66,66,66,66,63,63,63,63,63,63,63,63,63,63,63,63,63,63,63,63,63,63,63,63,63,63,63,63,63,63,63,63,63,63,63,63,63,63,63,63,63,63,63,63,63,60,60,67,67,67,67,67,67,67,67,67,67],"card_choices":[{"not_picked":["Dagger Spray","Cloak And Dagger"],"picked":"Blade Dance","floor":1.0},{"not_picked":["Blade Dance","Escape Plan"],"picked":"Accuracy","floor":2.0},{"not_picked":["Eviscerate","Prepared"],"picked":"Dagger Throw","floor":4.0},{"not_picked":["Bane","Dodge and Roll"],"picked":"Underhanded Strike","floor":8.0},{"not_picked":["Bane","Bouncing Flask"],"picked":"Night Terror","floor":13.0},{"not_picked":["Blur","Flying Knee"],"picked":"Cloak And Dagger","floor":14.0},{"not_picked":["Die Die Die","Unload"],"picked":"After Image","floor":16.0},{"not_picked":["Choke","Outmaneuver"],"picked":"Dagger Spray","floor":18.0},{"not_picked":["Outmaneuver","Bane","Crippling Poison"],"picked":"SKIP","floor":21.0},{"not_picked":["Reflex","Quick Slash"],"picked":"Blade Dance","floor":22},{"not_picked":["Masterful Stab","Escape Plan+1"],"picked":"Venomology+1","floor":23},{"not_picked":["Deflect+1","Distraction+1"],"picked":"Escape Plan+1","floor":25},{"not_picked":["Predator","Night Terror+1"],"picked":"Deflect+1","floor":27},{"not_picked":["Poisoned Stab","Deadly Poison+1"],"picked":"Cloak And Dagger+1","floor":29},{"not_picked":["All Out Attack","Dodge and Roll+1"],"picked":"Storm of Steel+1","floor":30},{"not_picked":["Unload","Die Die Die"],"picked":"Bullet Time+1","floor":33},{"not_picked":["Deadly Poison+1","Underhanded Strike","Noxious Fumes"],"picked":"SKIP","floor":35},{"not_picked":["Blur+1","Eviscerate"],"picked":"Concentrate+1","floor":37},{"not_picked":["Dash","Quick Slash"],"picked":"Reflex+1","floor":41},{"not_picked":["Dash","Dodge and Roll+1"],"picked":"Backflip+1","floor":42},{"not_picked":["Flying Knee","Poisoned Stab"],"picked":"Accuracy","floor":44},{"not_picked":["Backstab","Eviscerate"],"picked":"Blade Dance+1","floor":47},{"not_picked":["Skewer","Deadly Poison+1","Heel Hook"],"picked":"SKIP","floor":48},{"not_picked":["Poisoned Stab","Grand Finale","Riddle With Holes+1"],"picked":"SKIP","floor":55}],"player_experience":356218,"relics_obtained":[{"floor":8.0,"key":"Bottled Lightning"},{"floor":9.0,"key":"Regal Pillow"},{"floor":13.0,"key":"Mercury Hourglass"},{"floor":23,"key":"Toxic Egg 2"},{"floor":25,"key":"Bird Faced Urn"},{"floor":26,"key":"Happy Flower"},{"floor":27,"key":"War Paint"},{"floor":41,"key":"Omamori"},{"floor":44,"key":"Akabeko"},{"floor":48,"key":"Strawberry"},{"floor":55,"key":"Nunchaku"}],"event_choices":[{"damage_healed":0.0,"max_hp_gain":0.0,"max_hp_loss":0.0,"gold_gain":0.0,"event_name":"Match and Keep!","player_choice":"1 cards matched","floor":3.0,"gold_loss":0.0,"damage_taken":0.0,"cards_obtained":["Adrenaline"]},{"damage_healed":0.0,"max_hp_gain":0.0,"max_hp_loss":0.0,"gold_gain":150.0,"event_name":"Liars Game","player_choice":"AGREE","floor":7.0,"gold_loss":0.0,"damage_taken":0.0,"cards_obtained":["Doubt"]},{"damage_healed":0.0,"max_hp_gain":0.0,"max_hp_loss":0.0,"gold_gain":0.0,"event_name":"Scrap Ooze","player_choice":"Success","floor":10.0,"gold_loss":0.0,"damage_taken":5.0,"relics_obtained":["Blue Candle"]},{"damage_healed":0.0,"max_hp_gain":0.0,"max_hp_loss":0.0,"gold_gain":0.0,"event_name":"The Library","player_choice":"Read","floor":19.0,"gold_loss":0.0,"damage_taken":0.0,"cards_obtained":["Terror"]},{"damage_healed":0.0,"max_hp_gain":0.0,"max_hp_loss":0.0,"gold_gain":0.0,"event_name":"Upgrade Shrine","player_choice":"Upgraded","floor":20.0,"gold_loss":0.0,"damage_taken":0.0,"cards_upgraded":["Terror"]},{"damage_healed":0,"gold_gain":50,"player_choice":"Stole From Cult","damage_taken":0,"max_hp_gain":0,"max_hp_loss":0,"event_name":"Nest","floor":31,"gold_loss":0},{"cards_removed":["Dash"],"damage_healed":0,"gold_gain":0,"player_choice":"Removed Attack","damage_taken":0,"max_hp_gain":0,"max_hp_loss":0,"event_name":"Falling","floor":36,"gold_loss":0},{"damage_healed":8,"gold_gain":0,"player_choice":"Full Heal","damage_taken":0,"max_hp_gain":0,"max_hp_loss":0,"event_name":"Wheel of Change","floor":38,"gold_loss":0},{"damage_healed":0,"gold_gain":0,"player_choice":"Max HP","damage_taken":0,"max_hp_gain":0,"max_hp_loss":3,"event_name":"Winding Halls","floor":46,"gold_loss":0}],"is_beta":false,"boss_relics":[{"not_picked":["Sozu","Ring of the Serpent"],"picked":"Runic Pyramid"},{"not_picked":["Tiny House","Runic Dome"],"picked":"Pandora\u0027s Box"}],"items_purged_floors":[5,12],"is_endless":false,"potions_floor_spawned":[4,13,16,21,22,23,33,35,41,42,55],"killed_by":"The Heart","ascension_level":20}}