{"host":"ji1fk25fd1ga4ji1","time":1611217707,"event":{"mods":["2.2 Compatiblity","BaseMod","Colored Map","DeckTracker","Minty Spire (QoL Compilation)","Permanent Neow","Quick Restart","StSLib","SuperFastMode"],"gold_per_floor":[109,34,54,54,66,66,95,95,163,177,197,211,73,98,98,201,201],"floor_reached":16,"language":"KOR","playtime":299,"items_purged":["Strike_R"],"score":196,"play_id":"d2bfc37a-9517-466f-9890-d0e521ac47e0","local_time":"20210121172827","is_ascension_mode":true,"campfire_choices":[{"data":"Sword Boomerang","floor":6.0,"key":"SMITH"},{"floor":8.0,"key":"REST"},{"data":"Double Tap","floor":15.0,"key":"SMITH"}],"circlet_count":0,"master_deck":["Strike_R","Strike_R","Strike_R","Strike_R","Defend_R","Bash","Twin Strike","True Grit","Sword Boomerang+1","Evolve","Wild Strike","Power Through","Battle Trance","Demon Form","Double Tap+1"],"relics":["Burning Blood","Dream Catcher","Meat on the Bone","Lantern"],"acts_visited":["Exordium"],"potions_floor_usage":[],"damage_taken":[{"damage":7.0,"enemies":"Small Slimes","floor":1.0,"turns":3.0},{"damage":6.0,"enemies":"Cultist","floor":3.0,"turns":3.0},{"damage":4.0,"enemies":"2 Louse","floor":5.0,"turns":2.0},{"damage":45.0,"enemies":"3 Sentries","floor":7.0,"turns":7.0},{"damage":15.0,"enemies":"Exordium Thugs","floor":10.0,"turns":4.0},{"damage":18.0,"enemies":"Gremlin Gang","floor":11.0,"turns":5.0},{"damage":0.0,"enemies":"3 Louse","floor":12.0,"turns":2.0},{"damage":0.0,"enemies":"Lagavulin","floor":14.0,"turns":5.0},{"damage":45.0,"enemies":"The Guardian","floor":16.0,"turns":10.0}],"seed_played":"-8455379508279478486","potions_obtained":[{"floor":5.0,"key":"BloodPotion"},{"floor":10.0,"key":"SpeedPotion"},{"floor":12.0,"key":"Dexterity Potion"},{"floor":16,"key":"Weak Potion"}],"is_trial":false,"path_per_floor":["M","$","M","?","M","R","E","R","T","M","M","M","$","E","R","B"],"character_chosen":"IRONCLAD","items_purchased":["Demon Form"],"campfire_rested":1,"item_purchase_floors":[13],"current_hp_per_floor":[55,55,55,55,57,57,34,58,58,49,49,55,55,61,61,34,34],"gold":201,"neow_bonus":"REMOVE_TWO","is_daily":false,"chose_seed":false,"campfire_upgraded":2,"win_rate":0.0,"timestamp":1611217707,"path_taken":["M","$","M","?","M","R","E","R","T","M","M","M","$","E","R","BOSS","BOSS"],"items_purchased_type":["Card"],"build_version":"2020-12-22","purchased_purges":1,"victory":false,"max_hp_per_floor":[80,80,80,80,80,80,80,80,80,80,80,80,80,80,80,80,80],"card_choices":[{"not_picked":["Flex","Anger"],"picked":"Twin Strike","floor":1.0},{"not_picked":["Reckless Charge","Metallicize"],"picked":"True Grit","floor":3.0},{"not_picked":["Dual Wield","Twin Strike"],"picked":"Sword Boomerang","floor":5.0},{"not_picked":["Armaments","Body Slam"],"picked":"Evolve","floor":7.0},{"not_picked":["Cleave","Clothesline"],"picked":"Wild Strike","floor":8.0},{"not_picked":["Combust","Ghostly Armor"],"picked":"Power Through","floor":10.0},{"not_picked":["Thunderclap","Body Slam","True Grit"],"picked":"SKIP","floor":11.0},{"not_picked":["Dropkick","Fire Breathing"],"picked":"Battle Trance","floor":12.0},{"not_picked":["Searing Blow","Bloodletting"],"picked":"Double Tap","floor":14.0}],"player_experience":485790,"relics_obtained":[{"floor":7.0,"key":"Dream Catcher"},{"floor":9.0,"key":"Meat on the Bone"},{"floor":14.0,"key":"Lantern"}],"event_choices":[{"cards_removed":["Defend_R"],"damage_healed":0.0,"max_hp_gain":0.0,"max_hp_loss":0.0,"gold_gain":0.0,"event_name":"Bonfire Elementals","player_choice":"Offered Basic","floor":4.0,"gold_loss":0.0,"damage_taken":0.0}],"is_beta":false,"boss_relics":[],"items_purged_floors":[2],"is_endless":false,"potions_floor_spawned":[5,10,12,16],"killed_by":"The Guardian","ascension_level":1}}