{"host":"mo324zvkdr1xwprd","time":1611191857,"event":{"mods":["BaseMod","Better Note","BetterRewards","Hermit","Highlight Path","Hubris","Minty Spire (QoL Compilation)","Quick Restart","Rare Cards Sparkle","Shop Mod","StSLib","The Cursed","The Hierophant"],"gold_per_floor":[109,124,137,152,152,185,203,235,312,329,329,346,362,362,362,464,464,482,500,512,512,14,44,44,70,70,83,97,111,144,144,144,240,240,252,252,152,202,217,249,266,291,318,338,348,348,394,421,421,421,421,421,26,58,58],"floor_reached":56,"language":"ENG","playtime":5419,"items_purged":["Writhe"],"score":1544,"play_id":"b022ee78-231e-47d0-8fec-dad5e6ead39c","local_time":"20210121011737","is_ascension_mode":true,"campfire_choices":[{"floor":15,"key":"RECALL"},{"floor":24,"key":"REST"},{"data":"Feed","floor":32,"key":"SMITH"},{"data":"Dramatic Entrance","floor":46,"key":"SMITH"},{"data":"Barricade","floor":49,"key":"SMITH"},{"data":"Magnetism","floor":52,"key":"SMITH"}],"circlet_count":0,"master_deck":["Strike_R","Strike_R","Strike_R","Strike_R","Strike_R","Defend_R","Defend_R","Defend_R+1","Defend_R","Bash","Cleave","Thunderclap","Ghostly Armor","Pummel","Anger","Rage+1","Sword Boomerang","Heavy Blade","Infernal Blade","Dropkick","Feed+1","Seeing Red","Infernal Blade+1","Rage","Flex","Shrug It Off","hubris:ReadiedAction+1","Flex","Inflame+1","Immolate","Pain","Barricade+1","Good Instincts","Dramatic Entrance+1","Magnetism+1","Intimidate+1","Pommel Strike","Cleave","Reaper","Seeing Red+1","Havoc+1","Immolate","Pommel Strike+1","hubris:ReadiedAction+1","Deep Breath","Dark Embrace+1"],"relics":["Burning Blood","hubris:Towel","Pen Nib","Lantern","hubris:OldNail","hubris:GrandSneckoEye","hubris:IronBody","Nunchaku","Bag of Marbles","Vajra","Red Skull","Ornamental Fan","Blood Vial","WarpedTongs","Black Star","Thread and Needle","Omamori","Happy Flower","War Paint","Bottled Tornado","Bronze Scales","Dead Branch","Shuriken","hubris:Metronome","hubris:BundleOfHerbs","Strawberry","hubris:SlimyHat"],"acts_visited":["Exordium","TheCity","TheBeyond","TheEnding"],"potions_floor_usage":[6,8,8,16,16,25,30,33,33,33,38,41,54,55,55,55],"damage_taken":[{"damage":6,"enemies":"2 Louse","floor":1,"turns":3},{"damage":1,"enemies":"Jaw Worm","floor":2,"turns":3},{"damage":6,"enemies":"Cultist","floor":3,"turns":3},{"damage":5,"enemies":"Looter","floor":4,"turns":3},{"damage":14,"enemies":"Gremlin Nob","floor":6,"turns":3},{"damage":8,"enemies":"Exordium Thugs","floor":7,"turns":4},{"damage":9,"enemies":"Lagavulin","floor":8,"turns":4},{"damage":7,"enemies":"Exordium Wildlife","floor":10,"turns":5},{"damage":0,"enemies":"3 Louse","floor":12,"turns":2},{"damage":7,"enemies":"Blue Slaver","floor":13,"turns":2},{"damage":60,"enemies":"Hexaghost","floor":16,"turns":11},{"damage":10,"enemies":"Shell Parasite","floor":18,"turns":2},{"damage":10,"enemies":"2 Thieves","floor":19,"turns":4},{"damage":16,"enemies":"Centurion and Healer","floor":20,"turns":5},{"damage":15,"enemies":"Book of Stabbing","floor":23,"turns":3},{"damage":28,"enemies":"Slavers","floor":25,"turns":5},{"damage":0,"enemies":"Cultist and Chosen","floor":27,"turns":3},{"damage":0,"enemies":"Snecko","floor":28,"turns":4},{"damage":0,"enemies":"Shelled Parasite and Fungi","floor":29,"turns":1},{"damage":2,"enemies":"Book of Stabbing","floor":30,"turns":3},{"damage":21,"enemies":"Collector","floor":33,"turns":6},{"damage":7,"enemies":"3 Darklings","floor":35,"turns":4},{"damage":0,"enemies":"Mind Bloom Boss Battle","floor":38,"turns":2},{"damage":0,"enemies":"3 Shapes","floor":39,"turns":1},{"damage":5,"enemies":"Giant Head","floor":40,"turns":5},{"damage":0,"enemies":"Jaw Worm Horde","floor":41,"turns":2},{"damage":6,"enemies":"Nemesis","floor":42,"turns":3},{"damage":12,"enemies":"4 Shapes","floor":44,"turns":1},{"damage":0,"enemies":"Spire Growth","floor":45,"turns":2},{"damage":0,"enemies":"2 Orb Walkers","floor":47,"turns":1},{"damage":1,"enemies":"Giant Head","floor":48,"turns":2},{"damage":27,"enemies":"Awakened One","floor":50,"turns":5},{"damage":0,"enemies":"Shield and Spear","floor":54,"turns":2},{"damage":5,"enemies":"The Heart","floor":55,"turns":5}],"seed_played":"1192890527403888273","potions_obtained":[{"floor":2,"key":"SteroidPotion"},{"floor":3,"key":"Strength Potion"},{"floor":4,"key":"BlessingOfTheForge"},{"floor":12,"key":"Energy Potion"},{"floor":13,"key":"Energy Potion"},{"floor":20,"key":"Weak Potion"},{"floor":25,"key":"Block Potion"},{"floor":27,"key":"Energy Potion"},{"floor":28,"key":"Fire Potion"},{"floor":30,"key":"EssenceOfSteel"},{"floor":35,"key":"DistilledChaos"},{"floor":40,"key":"FearPotion"},{"floor":41,"key":"Fruit Juice"},{"floor":44,"key":"EssenceOfSteel"},{"floor":48,"key":"BlessingOfTheForge"},{"floor":54,"key":"LiquidBronze"}],"is_trial":false,"path_per_floor":["M","M","M","M","?","E","M","E","T","M","T","M","M","?","R","B",null,"M","M","M","?","$","E","R","E","T","M","M","M","E","?","R","B",null,"M","?","NS","?","M","E","M","E","T","M","M","R","?","E","R","B",null,"R","$","E","B",null],"character_chosen":"IRONCLAD","items_purchased":["Nunchaku","Rage","Flex","Bag of Marbles","hubris:BundleOfHerbs","Deep Breath"],"campfire_rested":1,"item_purchase_floors":[22,22,22,22,53,53],"current_hp_per_floor":[88,88,88,88,88,80,78,75,75,74,74,80,79,79,79,25,88,84,83,76,76,76,67,94,72,72,78,84,90,94,94,94,79,94,93,83,83,91,94,94,99,99,99,93,99,99,99,99,99,78,99,99,99,106,106],"gold":58,"neow_bonus":"TEN_PERCENT_HP_BONUS","is_daily":false,"chose_seed":false,"campfire_upgraded":4,"win_rate":0.0,"timestamp":1611191857,"path_taken":["M","M","M","M","?","E","M","E","T","M","?","M","M","?","R","BOSS","M","M","M","?","$","E","R","E","T","M","M","M","E","?","R","BOSS","M","?","NS","?","M","E","M","E","T","M","M","R","?","E","R","BOSS","R","$","E","BOSS"],"items_purchased_type":["Relic","Card","Card","Relic","Relic","Card"],"build_version":"2020-12-22","purchased_purges":1,"victory":true,"max_hp_per_floor":[88,88,88,88,88,88,88,88,88,88,88,88,88,88,88,88,88,88,91,94,94,94,94,94,94,94,94,94,94,94,94,94,94,94,94,94,94,94,94,94,99,99,99,99,99,99,99,99,99,99,99,99,99,106,106],"card_choices":[{"not_picked":["Flex","Fire Breathing"],"picked":"Cleave","floor":1},{"not_picked":["hubris:SharpeningStone","Spot Weakness"],"picked":"Thunderclap","floor":2},{"not_picked":["Armaments","hubris:CleavingFinish"],"picked":"Ghostly Armor","floor":3},{"not_picked":["Entrench","True Grit"],"picked":"Pummel","floor":4},{"not_picked":["Thunderclap","Iron Wave"],"picked":"Anger","floor":6},{"not_picked":["Clothesline","Armaments"],"picked":"Rage","floor":7},{"not_picked":["hubris:SharpeningStone","Reckless Charge"],"picked":"Sword Boomerang","floor":8},{"not_picked":["Havoc","Fire Breathing"],"picked":"Heavy Blade","floor":10},{"not_picked":["Metallicize","Warcry"],"picked":"Infernal Blade","floor":12},{"not_picked":["Shrug It Off","Headbutt"],"picked":"Dropkick","floor":13},{"not_picked":["Exhume","Bludgeon"],"picked":"Feed","floor":16},{"not_picked":["Entrench+1","Sentinel+1"],"picked":"Metallicize+1","floor":18},{"not_picked":["Rampage","Feel No Pain"],"picked":"Seeing Red","floor":19},{"not_picked":["Body Slam","Evolve"],"picked":"Infernal Blade","floor":20},{"not_picked":["Rampage","Perfected Strike"],"picked":"Shrug It Off","floor":23},{"not_picked":["Warcry+1","Shrug It Off"],"picked":"hubris:ReadiedAction+1","floor":25},{"not_picked":["Armaments","Shrug It Off"],"picked":"Flex","floor":27},{"not_picked":["Hemokinesis","Havoc","Thunderclap"],"picked":"SKIP","floor":28},{"not_picked":["Iron Wave","Burning Pact"],"picked":"Inflame+1","floor":29},{"not_picked":["Perfected Strike+1","Power Through+1"],"picked":"Immolate","floor":30},{"not_picked":["Double Tap","Immolate"],"picked":"Barricade","floor":33},{"not_picked":["Body Slam","Iron Wave"],"picked":"Dropkick+1","floor":35},{"not_picked":["Enlightenment","Swift Strike"],"picked":"Good Instincts","floor":36},{"not_picked":["Mayhem","Dark Shackles"],"picked":"Dramatic Entrance","floor":36},{"not_picked":["Violence","Jack Of All Trades"],"picked":"Magnetism","floor":36},{"not_picked":["Reckless Charge+1","Feel No Pain"],"picked":"Intimidate+1","floor":38},{"not_picked":["Fiend Fire","Thunderclap"],"picked":"Pommel Strike","floor":39},{"not_picked":["Infernal Blade","Havoc+1"],"picked":"Cleave","floor":40},{"not_picked":["Feel No Pain","Cleave"],"picked":"Reaper","floor":41},{"not_picked":["Clothesline","True Grit"],"picked":"Seeing Red+1","floor":42},{"not_picked":["Burning Pact","Hemokinesis"],"picked":"Havoc+1","floor":44},{"not_picked":["Clash","Warcry"],"picked":"Immolate","floor":45},{"not_picked":["hubris:SharpeningStone+1","Clash+1"],"picked":"Pommel Strike+1","floor":47},{"not_picked":["Warcry","Inflame"],"picked":"hubris:ReadiedAction+1","floor":48},{"not_picked":["Offering","Cleave+1"],"picked":"Dark Embrace+1","floor":54}],"player_experience":323630,"relics_obtained":[{"floor":6,"key":"Pen Nib"},{"floor":8,"key":"Lantern"},{"floor":11,"key":"hubris:OldNail"},{"floor":23,"key":"Vajra"},{"floor":25,"key":"Red Skull"},{"floor":26,"key":"Ornamental Fan"},{"floor":30,"key":"Blood Vial"},{"floor":38,"key":"Thread and Needle"},{"floor":40,"key":"Omamori"},{"floor":40,"key":"Happy Flower"},{"floor":42,"key":"War Paint"},{"floor":42,"key":"Bottled Tornado"},{"floor":43,"key":"Bronze Scales"},{"floor":47,"key":"Dead Branch"},{"floor":48,"key":"Shuriken"},{"floor":48,"key":"hubris:Metronome"},{"floor":54,"key":"Strawberry"},{"floor":54,"key":"hubris:SlimyHat"}],"event_choices":[{"damage_healed":0,"gold_gain":0,"player_choice":"Upgraded","damage_taken":0,"max_hp_gain":0,"max_hp_loss":0,"event_name":"Upgrade Shrine","floor":14,"gold_loss":0,"cards_upgraded":["Rage"]},{"damage_healed":0,"gold_gain":0,"player_choice":"Opened","damage_taken":0,"relics_obtained":["hubris:IronBody"],"max_hp_gain":0,"max_hp_loss":0,"event_name":"The Mausoleum","floor":21,"gold_loss":0,"cards_obtained":["Writhe"]},{"damage_healed":0,"gold_gain":0,"player_choice":"Rummage","damage_taken":0,"relics_obtained":["WarpedTongs"],"max_hp_gain":0,"max_hp_loss":0,"event_name":"Accursed Blacksmith","floor":31,"gold_loss":0,"cards_obtained":["Pain"]},{"damage_healed":0,"gold_gain":0,"player_choice":"Memory 3","damage_taken":10,"max_hp_gain":0,"max_hp_loss":0,"event_name":"SensoryStone","floor":36,"gold_loss":0},{"damage_healed":0,"gold_gain":0,"player_choice":"Fight","damage_taken":0,"max_hp_gain":0,"max_hp_loss":0,"event_name":"MindBloom","floor":38,"gold_loss":0},{"damage_healed":0,"gold_gain":0,"player_choice":"Fight","damage_taken":0,"max_hp_gain":0,"max_hp_loss":0,"event_name":"Mysterious Sphere","floor":47,"gold_loss":0}],"is_beta":false,"boss_relics":[{"not_picked":["hubris:HollowSoul","Busted Crown"],"picked":"hubris:GrandSneckoEye"},{"not_picked":["Cursed Key","hubris:VirtuousBlindfold"],"picked":"Black Star"}],"items_purged_floors":[22],"is_endless":false,"potions_floor_spawned":[2,3,4,12,13,20,25,27,28,30,35,40,41,44,48,54],"ascension_level":1}}