{"host":"a0d98l75j0h1o085","time":1611258597,"event":{"mods":["AlwaysNeverKeys","BaseMod","Downfall","Highlight Path","Minty Spire (QoL Compilation)","StSLib"],"gold_per_floor":[110,110,110,74,74,99,119,119,119,132,166,179,179,129,129,129,129],"floor_reached":16,"language":"ENG","playtime":1206,"items_purged":[],"score":130,"play_id":"2886dc0c-667b-46e7-9ac7-7bc00efcb22c","local_time":"20210121194957","is_ascension_mode":true,"campfire_choices":[{"data":"Study","floor":8,"key":"SMITH"},{"data":"Eruption","floor":13,"key":"SMITH"},{"data":"Protect","floor":15,"key":"SMITH"}],"circlet_count":0,"master_deck":["Strike_P","Strike_P","Strike_P","Defend_P","Defend_P","Defend_P","Eruption+1","Vigilance","Wireheading","Study+1","ClearTheMind","Scrawl","Protect+1","Evaluate"],"relics":["PureWater","Happy Flower","Nunchaku","Turnip","StoneCalendar"],"acts_visited":["Exordium"],"potions_floor_usage":[11,12,16],"damage_taken":[{"damage":0,"enemies":"Cultist","floor":1,"turns":2},{"damage":24,"enemies":"Lagavulin","floor":6,"turns":7},{"damage":0,"enemies":"2 Louse","floor":7,"turns":4},{"damage":4,"enemies":"Small Slimes","floor":10,"turns":2},{"damage":41,"enemies":"3 Sentries","floor":11,"turns":10},{"damage":5,"enemies":"Exordium Thugs","floor":12,"turns":5},{"damage":14,"enemies":"The Guardian","floor":16,"turns":2}],"seed_played":"-3507184459231337376","potions_obtained":[{"floor":1,"key":"ColorlessPotion"},{"floor":5,"key":"Regen Potion"},{"floor":5,"key":"Ancient Potion"},{"floor":5,"key":"LiquidMemories"},{"floor":11,"key":"DuplicationPotion"}],"is_trial":false,"path_per_floor":["M","?","?","$","?","E","M","R","T","M","E","M","R","?","R","B"],"character_chosen":"WATCHER","items_purchased":["Study"],"campfire_rested":0,"item_purchase_floors":[4],"current_hp_per_floor":[72,65,70,70,70,46,46,46,46,42,16,11,11,11,11,0,0],"gold":129,"neow_bonus":"RANDOM_COMMON_RELIC","is_daily":false,"chose_seed":false,"campfire_upgraded":3,"win_rate":0.0,"timestamp":1611258597,"path_taken":["M","?","?","$","?","E","M","R","T","?","E","M","R","?","R","BOSS"],"items_purchased_type":["Card"],"build_version":"2020-12-22","purchased_purges":0,"victory":false,"max_hp_per_floor":[72,72,77,77,77,77,77,77,77,77,77,77,77,77,77,77,77],"card_choices":[{"not_picked":["ThirdEye","PathToVictory"],"picked":"Wireheading","floor":1},{"not_picked":["SashWhip","EmptyFist"],"picked":"ClearTheMind","floor":6},{"not_picked":["Consecrate","InnerPeace"],"picked":"Scrawl","floor":7},{"not_picked":["Consecrate","SignatureMove","BowlingBash"],"picked":"SKIP","floor":10},{"not_picked":["WaveOfTheHand","Study"],"picked":"Protect","floor":11},{"not_picked":["Crescendo","FollowUp"],"picked":"Evaluate","floor":12}],"player_experience":777148,"relics_obtained":[{"floor":6,"key":"Nunchaku"},{"floor":9,"key":"Turnip"},{"floor":11,"key":"StoneCalendar"}],"event_choices":[{"cards_removed":["Defend_P"],"damage_healed":0,"gold_gain":0,"player_choice":"Card Removal","damage_taken":7,"max_hp_gain":0,"max_hp_loss":0,"event_name":"Golden Wing","floor":2,"gold_loss":0},{"damage_healed":0,"gold_gain":0,"player_choice":"Donut","damage_taken":0,"max_hp_gain":5,"max_hp_loss":0,"event_name":"Big Fish","floor":3,"gold_loss":0},{"damage_healed":0,"gold_gain":0,"player_choice":"Got Potions","damage_taken":0,"max_hp_gain":0,"max_hp_loss":0,"event_name":"Lab","floor":5,"gold_loss":0},{"cards_removed":["Strike_P"],"damage_healed":0,"gold_gain":0,"player_choice":"Card Removal","damage_taken":0,"max_hp_gain":0,"max_hp_loss":0,"event_name":"The Cleric","floor":14,"gold_loss":50}],"is_beta":false,"boss_relics":[],"items_purged_floors":[],"is_endless":false,"potions_floor_spawned":[1,6,11],"killed_by":"The Guardian","ascension_level":4}}