{"host":"50qwps766cbz6ukm","time":1611211694,"event":{"mods":["BaseMod","Colored Map","Colored Powertips","DeckTracker","Highlight Path","Minty Spire (QoL Compilation)","Quick Restart","StSLib","SuperFastMode","Synergy Search"],"gold_per_floor":[119,119,119,48,64,64,97,113,113,169,169,169,169,18,18,115,115,128,128,128,139,64,64,64],"floor_reached":23,"language":"ENG","playtime":1046,"items_purged":["Strike_P"],"score":273,"play_id":"33b3126d-1077-448a-98a3-30c01bde65d9","local_time":"20210121084814","is_ascension_mode":true,"campfire_choices":[{"data":"Eruption","floor":6,"key":"SMITH"},{"data":"ForeignInfluence","floor":11,"key":"SMITH"},{"data":"SashWhip","floor":15,"key":"SMITH"}],"circlet_count":0,"master_deck":["Strike_P","Strike_P","Strike_P","Defend_P","Defend_P","Defend_P","Defend_P","Eruption+1","Vigilance","FollowUp","Consecrate","JustLucky","SashWhip+1","ForeignInfluence+1","EmptyFist","Halt","Judgement","Prostrate","Protect"],"relics":["PureWater","NeowsBlessing","Turnip","Matryoshka","Juzu Bracelet","Gremlin Horn","Orichalcum","Sling","Cursed Key","Pocketwatch"],"acts_visited":["Exordium","TheCity"],"potions_floor_usage":[16,16],"damage_taken":[{"damage":0,"enemies":"Cultist","floor":1,"turns":1},{"damage":0,"enemies":"Jaw Worm","floor":5,"turns":1},{"damage":0,"enemies":"3 Sentries","floor":7,"turns":1},{"damage":8,"enemies":"Small Slimes","floor":8,"turns":3},{"damage":4,"enemies":"Gremlin Nob","floor":10,"turns":3},{"damage":42,"enemies":"Hexaghost","floor":16,"turns":11},{"damage":7,"enemies":"Shell Parasite","floor":18,"turns":4},{"damage":22,"enemies":"2 Thieves","floor":21,"turns":4},{"damage":15,"enemies":"Book of Stabbing","floor":23,"turns":3}],"seed_played":"-2210418746699799144","potions_obtained":[{"floor":5,"key":"Explosive Potion"},{"floor":8,"key":"AttackPotion"},{"floor":10,"key":"GamblersBrew"},{"floor":16,"key":"SpeedPotion"}],"is_trial":false,"path_per_floor":["M","?","?","$","M","R","E","M","T","?","R","?","?","$","R","B",null,"M","?","?","M","$","E"],"character_chosen":"WATCHER","items_purchased":["Consecrate","JustLucky","Sling"],"campfire_rested":0,"item_purchase_floors":[4,4,14],"current_hp_per_floor":[65,65,53,53,53,53,53,45,45,41,41,46,46,46,46,4,59,52,52,52,30,30,15,15],"gold":64,"neow_bonus":"THREE_ENEMY_KILL","is_daily":false,"chose_seed":false,"campfire_upgraded":3,"win_rate":0.0,"timestamp":1611211694,"path_taken":["M","?","?","$","M","R","E","M","T","?","R","?","?","?","R","BOSS","M","?","?","M","?","E"],"items_purchased_type":["Card","Card","Relic"],"build_version":"2020-12-22","purchased_purges":1,"victory":false,"max_hp_per_floor":[72,72,72,72,72,72,72,72,72,72,72,77,77,77,77,77,77,77,77,77,77,77,77,77],"card_choices":[{"not_picked":["Conclude","Prostrate"],"picked":"FollowUp","floor":1},{"not_picked":["FlyingSleeves","WreathOfFlame"],"picked":"SashWhip","floor":5},{"not_picked":["ThirdEye","JustLucky"],"picked":"ForeignInfluence","floor":7},{"not_picked":["Halt","MasterReality"],"picked":"EmptyFist","floor":8},{"not_picked":["Crescendo","EmptyFist"],"picked":"Halt","floor":10},{"not_picked":["Vault","DevaForm"],"picked":"Judgement","floor":16},{"not_picked":["Collect+1","SashWhip"],"picked":"Prostrate","floor":18},{"not_picked":["Consecrate","Sanctity","SashWhip"],"picked":"SKIP","floor":21}],"player_experience":568496,"relics_obtained":[{"floor":7,"key":"Matryoshka"},{"floor":9,"key":"Juzu Bracelet"},{"floor":9,"key":"Gremlin Horn"},{"floor":10,"key":"Orichalcum"}],"event_choices":[{"damage_healed":0,"gold_gain":0,"player_choice":"Leave","damage_taken":0,"max_hp_gain":0,"max_hp_loss":0,"event_name":"The Cleric","floor":2,"gold_loss":0},{"damage_healed":0,"gold_gain":0,"player_choice":"Success","damage_taken":12,"relics_obtained":["Turnip"],"max_hp_gain":0,"max_hp_loss":0,"event_name":"Scrap Ooze","floor":3,"gold_loss":0},{"damage_healed":0,"gold_gain":0,"player_choice":"Searched \u00271\u0027 times","damage_taken":0,"max_hp_gain":0,"max_hp_loss":0,"event_name":"Dead Adventurer","floor":10,"gold_loss":0},{"damage_healed":0,"gold_gain":0,"player_choice":"Donut","damage_taken":0,"max_hp_gain":5,"max_hp_loss":0,"event_name":"Big Fish","floor":12,"gold_loss":0},{"damage_healed":0,"gold_gain":0,"player_choice":"Ignored","damage_taken":0,"max_hp_gain":0,"max_hp_loss":0,"event_name":"Liars Game","floor":13,"gold_loss":0},{"damage_healed":0,"gold_gain":0,"player_choice":"Opened","damage_taken":0,"relics_obtained":["Pocketwatch"],"max_hp_gain":0,"max_hp_loss":0,"event_name":"The Mausoleum","floor":19,"gold_loss":0},{"damage_healed":0,"gold_gain":0,"player_choice":"Read","damage_taken":0,"max_hp_gain":0,"max_hp_loss":0,"event_name":"The Library","floor":20,"gold_loss":0,"cards_obtained":["Protect"]}],"is_beta":false,"boss_relics":[{"not_picked":["Busted Crown","Pandora\u0027s Box"],"picked":"Cursed Key"}],"items_purged_floors":[22],"is_endless":false,"potions_floor_spawned":[5,8,10,16],"killed_by":"Book of Stabbing","ascension_level":6}}