{"host":"pxmwci5ksxda8grt","time":1611209881,"event":{"mods":["BaseMod","Better Third Choice","BetterRewards","Colored Map","Colored Powertips","Defuse TimeMaze Blight","Energized Spire","GifTheSpireLib","Minty Spire (QoL Compilation)","Quick Restart","Rare Cards Sparkle","Relic Stats","StSLib","SuperFastMode"],"gold_per_floor":[118,118,135,135,135,161,9731,9749,9827,9838,9546,9546,9570,9170,9170,9170,9170],"floor_reached":16,"language":"ENG","playtime":507,"items_purged":["Regret"],"score":293,"play_id":"671c1732-2098-47e2-90b5-1e6d907c0234","local_time":"20210121191801","is_ascension_mode":true,"campfire_choices":[{"data":"Juggernaut","floor":15,"key":"SMITH"}],"circlet_count":0,"master_deck":["Strike_R","Strike_R","Strike_R","Strike_R","Strike_R","Defend_R","Defend_R","Defend_R","Defend_R","Bash","Flex","Iron Wave","Juggernaut+1","Entrench","Sword Boomerang","Rage+1"],"relics":["Burning Blood","Tiny Chest","Pear","MealTicket","Torii","Chemical X","Toxic Egg 2","CeramicFish","PreservedInsect","Shovel","Anchor","Letter Opener"],"acts_visited":["Exordium"],"potions_floor_usage":[],"damage_taken":[{"damage":11,"enemies":"Jaw Worm","floor":1,"turns":4},{"damage":3,"enemies":"2 Louse","floor":3,"turns":3},{"damage":65,"enemies":"3 Sentries","floor":6,"turns":14},{"damage":0,"enemies":"Small Slimes","floor":8,"turns":3},{"damage":8,"enemies":"3 Louse","floor":10,"turns":3},{"damage":10,"enemies":"Red Slaver","floor":13,"turns":3},{"damage":59,"enemies":"The Guardian","floor":16,"turns":10}],"seed_played":"-5872025163342005564","potions_obtained":[{"floor":3,"key":"SteroidPotion"},{"floor":10,"key":"ElixirPotion"},{"floor":13,"key":"CultistPotion"}],"is_trial":true,"path_per_floor":["M","?","M","?","?","E","$","M","T","M","$","T","M","$","R","B"],"character_chosen":"IRONCLAD","items_purchased":["Torii","Chemical X","CeramicFish","PreservedInsect","Anchor","Letter Opener"],"campfire_rested":0,"item_purchase_floors":[7,7,11,11,14,14],"current_hp_per_floor":[67,60,63,63,73,14,29,35,35,33,48,48,44,59,59,0,0],"gold":9170,"neow_bonus":"","is_daily":false,"chose_seed":false,"campfire_upgraded":1,"win_rate":0.0,"timestamp":1611209881,"path_taken":["M","?","M","?","?","E","?","M","T","M","$","?","M","$","R","BOSS"],"items_purchased_type":["Relic","Relic","Relic","Relic","Relic","Relic"],"build_version":"2020-12-22","purchased_purges":1,"victory":false,"max_hp_per_floor":[80,80,80,80,90,90,90,90,90,90,90,90,90,90,90,90,90],"relic_stats":{"Shovel":0,"Torii":26,"counters":[7,40],"CeramicFish":9,"Tiny Chest":1,"MealTicket":45,"PreservedInsect":0,"Chemical X":[1],"Letter Opener":[5],"obtain_stats":[{"Anchor":14,"Pear":5,"Shovel":12,"Torii":7,"CeramicFish":11,"Tiny Chest":2,"MealTicket":6,"PreservedInsect":11,"Chemical X":7,"Letter Opener":14,"Toxic Egg 2":9,"Burning Blood":0},{"Anchor":6,"Pear":2,"Shovel":5,"Torii":3,"CeramicFish":5,"Tiny Chest":1,"MealTicket":3,"PreservedInsect":5,"Chemical X":3,"Letter Opener":6,"Toxic Egg 2":4,"Burning Blood":0},{"Anchor":30,"Pear":7,"Shovel":27,"Torii":21,"CeramicFish":27,"Tiny Chest":4,"MealTicket":21,"PreservedInsect":27,"Chemical X":21,"Letter Opener":30,"Toxic Egg 2":24,"Burning Blood":0}],"Burning Blood":36},"card_choices":[{"not_picked":["Shrug It Off","Sword Boomerang"],"picked":"Flex","floor":1},{"not_picked":["Headbutt","Searing Blow"],"picked":"Iron Wave","floor":3},{"not_picked":["Blood for Blood","Pommel Strike"],"picked":"Juggernaut","floor":6},{"not_picked":["Intimidate","Anger"],"picked":"Entrench","floor":8},{"not_picked":["Sentinel+1","Clash"],"picked":"Sword Boomerang","floor":10},{"not_picked":["Shrug It Off+1","Headbutt"],"picked":"Rage+1","floor":13}],"player_experience":574093,"relics_obtained":[{"floor":6,"key":"MealTicket"},{"floor":9,"key":"Toxic Egg 2"},{"floor":12,"key":"Shovel"}],"event_choices":[{"damage_healed":0,"gold_gain":0,"player_choice":"Relic ","damage_taken":7,"max_hp_gain":0,"max_hp_loss":0,"event_name":"betterThird:BetterScrap","floor":2,"gold_loss":0,"cards_obtained":["Hello World"]},{"damage_healed":0,"gold_gain":0,"player_choice":"Ignored","damage_taken":0,"max_hp_gain":0,"max_hp_loss":0,"event_name":"Golden Wing","floor":4,"gold_loss":0},{"damage_healed":0,"gold_gain":0,"player_choice":"Box","damage_taken":0,"relics_obtained":["Pear"],"max_hp_gain":0,"max_hp_loss":0,"event_name":"Big Fish","floor":5,"gold_loss":0,"cards_obtained":["Regret"]}],"is_beta":false,"boss_relics":[],"items_purged_floors":[7],"is_endless":true,"potions_floor_spawned":[3,10,13],"killed_by":"The Guardian","ascension_level":9}}