{"host":"vex7walpoxzv48nx","time":1611187224,"event":{"mods":["BaseMod","Bestiary","Minty Spire (QoL Compilation)","Permanent Neow","Quick Restart","Relic Stats"],"gold_per_floor":[115,129,143,159,178,203,274,287,287,320,331,348,366,425,425,525,525,525,525,525,440,37,37,37,37,37,37,37],"floor_reached":27,"language":"ENG","playtime":2552,"items_purged":[],"score":274,"play_id":"372402d9-c07b-40dc-a88e-8699049f6bee","local_time":"20210121010024","is_ascension_mode":true,"campfire_choices":[{"floor":15.0,"key":"REST"},{"floor":24,"key":"REST"}],"circlet_count":0,"master_deck":["Strike_G","Strike_G","Strike_G","Defend_G","Defend_G","Defend_G","Defend_G","Defend_G","Survivor","Neutralize","Burst","Sucker Punch","Riddle With Holes","All Out Attack","Cloak And Dagger","Unload","After Image","Blade Dance","Dagger Throw","Poisoned Stab","Terror","Leg Sweep","Blade Dance","Corpse Explosion","Infinite Blades+1","Predator+1","Heel Hook","Flying Knee","Catalyst","Expertise+1"],"relics":["Ring of the Snake","Unceasing Top","Girya","Darkstone Periapt","Prayer Wheel","Ectoplasm","White Beast Statue","Question Card","Frozen Eye","Boot","Gambling Chip"],"acts_visited":["Exordium","TheCity"],"potions_floor_usage":[23],"damage_taken":[{"damage":16.0,"enemies":"Jaw Worm","floor":1.0,"turns":5.0},{"damage":0.0,"enemies":"Small Slimes","floor":2.0,"turns":5.0},{"damage":0.0,"enemies":"2 Louse","floor":3.0,"turns":2.0},{"damage":4.0,"enemies":"Large Slime","floor":4.0,"turns":7.0},{"damage":1.0,"enemies":"Looter","floor":5.0,"turns":4.0},{"damage":5.0,"enemies":"3 Sentries","floor":6.0,"turns":7.0},{"damage":0.0,"enemies":"2 Fungi Beasts","floor":8.0,"turns":4.0},{"damage":14.0,"enemies":"Gremlin Nob","floor":10.0,"turns":4.0},{"damage":9.0,"enemies":"Exordium Thugs","floor":11.0,"turns":4.0},{"damage":2.0,"enemies":"Large Slime","floor":12.0,"turns":6.0},{"damage":7.0,"enemies":"Gremlin Gang","floor":13.0,"turns":5.0},{"damage":9.0,"enemies":"3 Sentries","floor":14.0,"turns":6.0},{"damage":4.0,"enemies":"Hexaghost","floor":16.0,"turns":9.0},{"damage":19.0,"enemies":"Spheric Guardian","floor":18.0,"turns":5.0},{"damage":4.0,"enemies":"3 Byrds","floor":20.0,"turns":3.0},{"damage":44,"enemies":"Slavers","floor":23,"turns":3},{"damage":21,"enemies":"Snake Plant","floor":25,"turns":4},{"damage":13,"enemies":"Colosseum Slavers","floor":27,"turns":1}],"seed_played":"5379638374126067993","potions_obtained":[{"floor":2.0,"key":"CunningPotion"},{"floor":4.0,"key":"Poison Potion"},{"floor":5.0,"key":"EssenceOfSteel"},{"floor":6.0,"key":"Fire Potion"},{"floor":13.0,"key":"Poison Potion"},{"floor":18.0,"key":"PowerPotion"},{"floor":23,"key":"Fire Potion"},{"floor":25,"key":"GamblersBrew"}],"is_trial":false,"path_per_floor":["M","M","M","M","M","E","?","M","T","E","M","M","M","?","R","B",null,"M","?","M","?","$","E","R","M","T","?"],"character_chosen":"THE_SILENT","items_purchased":["Question Card","Frozen Eye"],"campfire_rested":2,"item_purchase_floors":[22,22],"current_hp_per_floor":[54,54,54,50,49,44,44,44,44,30,21,19,12,3,24,20,70,51,51,47,47,47,3,24,3,3,0,0],"gold":37,"neow_bonus":"ONE_RANDOM_RARE_CARD","is_daily":false,"chose_seed":false,"campfire_upgraded":0,"win_rate":0.0,"timestamp":1611187224,"path_taken":["M","M","M","M","M","E","?","M","T","E","M","M","M","?","R","BOSS","M","?","M","?","$","E","R","M","T","?"],"items_purchased_type":["Relic","Relic"],"build_version":"2020-12-22","purchased_purges":0,"victory":false,"max_hp_per_floor":[70,70,70,70,70,70,70,70,70,70,70,70,70,70,70,70,70,70,70,70,70,70,70,70,70,70,70,70],"relic_stats":{"Darkstone Periapt":0,"counters":[18,84],"Gambling Chip":[4],"Prayer Wheel":3,"Ectoplasm":67,"Question Card":3,"Boot":[13],"obtain_stats":[{"Darkstone Periapt":10,"Girya":9,"Frozen Eye":22,"Gambling Chip":26,"Prayer Wheel":14,"Ectoplasm":17,"Question Card":22,"Boot":23,"Unceasing Top":6,"White Beast Statue":21,"Ring of the Snake":0},{"Darkstone Periapt":8,"Girya":7,"Frozen Eye":15,"Gambling Chip":17,"Prayer Wheel":12,"Ectoplasm":13,"Question Card":15,"Boot":16,"Unceasing Top":6,"White Beast Statue":15,"Ring of the Snake":0},{"Darkstone Periapt":38,"Girya":34,"Frozen Eye":76,"Gambling Chip":83,"Prayer Wheel":59,"Ectoplasm":68,"Question Card":76,"Boot":79,"Unceasing Top":30,"White Beast Statue":76,"Ring of the Snake":0}],"Unceasing Top":[10],"Ring of the Snake":[36]},"card_choices":[{"not_picked":["Cloak And Dagger","Deadly Poison"],"picked":"Sucker Punch","floor":1.0},{"not_picked":["Dodge and Roll","Endless Agony"],"picked":"Riddle With Holes","floor":2.0},{"not_picked":["Deadly Poison","Bane"],"picked":"All Out Attack","floor":3.0},{"not_picked":["Poisoned Stab","Reflex"],"picked":"Cloak And Dagger","floor":4.0},{"not_picked":["Backflip","Noxious Fumes"],"picked":"Unload","floor":5.0},{"not_picked":["Endless Agony","Dodge and Roll"],"picked":"After Image","floor":6.0},{"not_picked":["Endless Agony","Underhanded Strike"],"picked":"Blade Dance","floor":8.0},{"not_picked":["Tactician","Riddle With Holes"],"picked":"Dagger Throw","floor":10.0},{"not_picked":["Eviscerate","Expertise"],"picked":"Poisoned Stab","floor":11.0},{"not_picked":["Flying Knee","Quick Slash"],"picked":"Terror","floor":12.0},{"not_picked":["All Out Attack","Flying Knee"],"picked":"Leg Sweep","floor":13.0},{"not_picked":["Acrobatics","Accuracy"],"picked":"Blade Dance","floor":14.0},{"not_picked":["Doppelganger","Burst"],"picked":"Corpse Explosion","floor":16.0},{"not_picked":["Expertise","Quick Slash+1"],"picked":"Infinite Blades+1","floor":18.0},{"not_picked":["Masterful Stab","Blade Dance+1"],"picked":"Predator+1","floor":18.0},{"not_picked":["Masterful Stab+1","Deadly Poison"],"picked":"Catalyst","floor":20.0},{"not_picked":["Flying Knee","Burst","Sucker Punch+1"],"picked":"SKIP","floor":20.0},{"not_picked":["Expertise","Sucker Punch","Riddle With Holes","Flying Knee"],"picked":"SKIP","floor":23},{"not_picked":["Terror","Backstab","All Out Attack"],"picked":"Expertise+1","floor":25},{"not_picked":["Poisoned Stab","Underhanded Strike","Doppelganger","Slice"],"picked":"SKIP","floor":25}],"player_experience":183431,"relics_obtained":[{"floor":6.0,"key":"Unceasing Top"},{"floor":9.0,"key":"Girya"},{"floor":10.0,"key":"Darkstone Periapt"},{"floor":14.0,"key":"Prayer Wheel"},{"floor":23,"key":"Boot"},{"floor":26,"key":"Gambling Chip"}],"event_choices":[{"damage_healed":0.0,"max_hp_gain":0.0,"max_hp_loss":0.0,"gold_gain":71.0,"event_name":"Golden Wing","player_choice":"Gained Gold","floor":7.0,"gold_loss":0.0,"damage_taken":0.0},{"damage_healed":0.0,"max_hp_gain":0.0,"max_hp_loss":0.0,"gold_gain":0.0,"event_name":"Dead Adventurer","player_choice":"Searched \u00271\u0027 times","floor":14.0,"gold_loss":0.0,"damage_taken":0.0},{"damage_healed":0.0,"max_hp_gain":0.0,"max_hp_loss":0.0,"gold_gain":0.0,"cards_transformed":["Strike_G","Strike_G"],"event_name":"Drug Dealer","player_choice":"Became Test Subject","floor":19.0,"gold_loss":0.0,"damage_taken":0.0,"cards_obtained":["Heel Hook","Flying Knee"]},{"damage_healed":0.0,"max_hp_gain":0.0,"max_hp_loss":0.0,"gold_gain":0.0,"event_name":"Addict","player_choice":"Obtained Relic","floor":21.0,"gold_loss":85.0,"damage_taken":0.0,"relics_obtained":["White Beast Statue"]},{"damage_healed":0,"gold_gain":0,"player_choice":"Fight","damage_taken":0,"max_hp_gain":0,"max_hp_loss":0,"event_name":"Colosseum","floor":27,"gold_loss":0}],"is_beta":false,"boss_relics":[{"not_picked":["Fusion Hammer","Tiny House"],"picked":"Ectoplasm"}],"items_purged_floors":[],"is_endless":false,"potions_floor_spawned":[2,4,5,6,13,18,23,25],"killed_by":"Colosseum Slavers","ascension_level":2}}