{"host":"l8n56n8abrvcftzc","time":1611206164,"event":{"mods":["Aspiration","BaseMod","Better Note","Better Third Choice","Colored Map","DeckTracker","Googly Eyes","Highlight Path","Hubris","Minty Spire (QoL Compilation)","Permanent Neow","Relic Stats","Replay The Spire","StSLib","SuperFastMode","Uncapped"],"gold_per_floor":[117,42,42,42,0,0,0,12,12,42,60,87,87,49,49,148,148,161,178,178,178,29,61,61,78,78,94,94,104,118,151,151,251,251,268,268,268,143,143,174,193,218,299,149,149,163,194,204,204,204,204,204,170,199,199],"floor_reached":56,"language":"ENG","playtime":7598,"items_purged":["Defend_B","Decay","Strike_B","Defend_B"],"score":1333,"play_id":"7d3fc5d1-ebf1-4174-801e-de1a26ae9d87","local_time":"20210120211604","is_ascension_mode":false,"campfire_choices":[{"data":"Dualcast","floor":7.0,"key":"SMITH"},{"floor":13.0,"key":"REST"},{"data":"Strike_B","floor":15.0,"key":"PURGE"},{"data":"Enlightenment","floor":24.0,"key":"SMITH"},{"floor":32,"key":"REST"},{"floor":49,"key":"RECALL"},{"data":"hubris:DoWhile","floor":52,"key":"SMITH"}],"circlet_count":0,"master_deck":["Defend_B","Zap+1","Dualcast+1","Scrape","Hologram","Enlightenment+1","Genetic Algorithm","Reinforced Body","Beam Cell+1","hubris:DoWhile+1","Sunder","Echo Form","Defragment+1","Go for the Eyes","Chill","FTL","Gash+1","Gash","Defragment","Reboot","Hologram+1","Hologram+1"],"relics":["FrozenCore","Girya","Replay:Antivirus Software","Gremlin Horn","Bird Faced Urn","Ring of Peace","ReplayTheSpireMod:Ring of Addiction","White Beast Statue","hubris:EmptyBottle","Prayer Wheel","SlaversCollar","hubris:Icosahedron","Pear","hubris:MysteriousPyramids","hubris:Reverence","Blood Vial","Whetstone"],"acts_visited":["Exordium","TheCity","TheBeyond","TheEnding"],"potions_floor_usage":[30,31,31,33,35,40,40,42,46,46,47,50,54,55,55,55,55,55],"damage_taken":[{"damage":0.0,"enemies":"2 Louse","floor":1.0,"turns":3.0},{"damage":0.0,"enemies":"Jaw Worm","floor":4.0,"turns":2.0},{"damage":7.0,"enemies":"Small Slimes","floor":8.0,"turns":3.0},{"damage":32.0,"enemies":"3 Sentries","floor":10.0,"turns":8.0},{"damage":5.0,"enemies":"Red Slaver","floor":11.0,"turns":3.0},{"damage":19.0,"enemies":"Lagavulin","floor":12.0,"turns":6.0},{"damage":35.0,"enemies":"Slime Boss","floor":16.0,"turns":9.0},{"damage":10.0,"enemies":"Shell Parasite","floor":18.0,"turns":5.0},{"damage":14.0,"enemies":"2 Thieves","floor":19.0,"turns":4.0},{"damage":37.0,"enemies":"Book of Stabbing","floor":23.0,"turns":7.0},{"damage":16.0,"enemies":"Snake Plant","floor":25.0,"turns":6.0},{"damage":0.0,"enemies":"Centurion and Healer","floor":27.0,"turns":6.0},{"damage":0.0,"enemies":"3 Cultists","floor":29.0,"turns":5.0},{"damage":3,"enemies":"Cultist and Chosen","floor":30,"turns":7},{"damage":0,"enemies":"Replay:Snechameleon","floor":31,"turns":8},{"damage":21,"enemies":"hubris:MusketHawk","floor":33,"turns":9},{"damage":19,"enemies":"3 Darklings","floor":35,"turns":5},{"damage":0,"enemies":"Giant Head","floor":40,"turns":7},{"damage":9,"enemies":"3 Shapes","floor":41,"turns":6},{"damage":0,"enemies":"Nemesis","floor":42,"turns":9},{"damage":0,"enemies":"Transient","floor":46,"turns":5},{"damage":2,"enemies":"Giant Head","floor":47,"turns":7},{"damage":0,"enemies":"Spire Growth","floor":48,"turns":4},{"damage":31,"enemies":"Donu and Deca","floor":50,"turns":8},{"damage":35,"enemies":"Shield and Spear","floor":54,"turns":6},{"damage":62,"enemies":"The Heart","floor":55,"turns":9}],"seed_played":"443844781999288029","potions_obtained":[{"floor":1.0,"key":"FearPotion"},{"floor":10.0,"key":"Explosive Potion"},{"floor":11.0,"key":"Strength Potion"},{"floor":19.0,"key":"Fruit Juice"},{"floor":23.0,"key":"Dexterity Potion"},{"floor":28.0,"key":"DistilledChaos"},{"floor":29.0,"key":"Elixir"},{"floor":31,"key":"Ancient Potion"},{"floor":33,"key":"Energy Potion"},{"floor":40,"key":"SneckoOil"},{"floor":41,"key":"FocusPotion"},{"floor":42,"key":"DistilledChaos"},{"floor":46,"key":"LifebloodPotion"},{"floor":47,"key":"SpeedPotion"},{"floor":54,"key":"SkillPotion"}],"is_trial":false,"path_per_floor":["M","$","?","M","?","?","R","M","T","E","M","E","R","$","R_BF","B",null,"M","M","?","?","$","E","R","M","T","M","?","M","M","E","R","B",null,"M","?","?","$","?","E","M","E","T","$","?","M","E","M","R","B",null,"R","$","E","B",null],"character_chosen":"DEFECT","items_purchased":["Sunder","Go for the Eyes","Hologram+1"],"campfire_rested":2,"item_purchase_floors":[14,22,53],"current_hp_per_floor":[75,75,75,75,81,81,81,74,74,42,37,18,42,42,42,7,81,71,57,57,57,57,25,25,9,9,13,13,17,16,22,47,32,86,67,67,67,67,67,81,76,84,84,84,84,92,90,92,92,68,92,92,92,61,11],"gold":199,"neow_bonus":"TRANSFORM_CARD","is_daily":false,"chose_seed":false,"campfire_upgraded":3,"win_rate":0.0,"timestamp":1611206164,"path_taken":["M","$","?","M","?","?","R","?","T","E","M","E","R","?","R_BF","BOSS","M","M","?","?","$","E","R","?","T","M","?","M","M","E","R","BOSS","M","?","?","$","?","E","?","E","T","$","?","M","E","M","R","BOSS","R","$","E","BOSS"],"items_purchased_type":["Card","Card","Card"],"build_version":"2020-12-22","purchased_purges":4,"victory":true,"max_hp_per_floor":[75,75,75,75,81,81,81,81,81,81,81,81,81,81,81,81,81,81,81,81,81,81,86,86,86,86,86,86,86,86,86,86,86,86,86,86,86,86,84,94,94,94,94,94,94,92,92,92,92,92,92,92,92,90,90],"relic_stats":{"Blood Vial":4,"Gremlin Horn":[11,11],"counters":[26,157],"Bird Faced Urn":[69],"Prayer Wheel":4,"Whetstone":["Beam Cell","Gash"],"obtain_stats":[{"Girya":10,"Pear":40,"Gremlin Horn":23,"ReplayTheSpireMod:Ring of Addiction":28,"Whetstone":54,"hubris:EmptyBottle":28,"hubris:MysteriousPyramids":42,"White Beast Statue":28,"FrozenCore":17,"Blood Vial":47,"SlaversCollar":34,"hubris:Icosahedron":36,"Bird Faced Urn":26,"Ring of Peace":28,"Prayer Wheel":31,"Replay:Antivirus Software":12,"Cracked Core":0,"hubris:Reverence":43},{"Girya":4,"Pear":18,"Gremlin Horn":10,"ReplayTheSpireMod:Ring of Addiction":12,"Whetstone":25,"hubris:EmptyBottle":12,"hubris:MysteriousPyramids":20,"White Beast Statue":12,"FrozenCore":7,"Blood Vial":22,"SlaversCollar":16,"hubris:Icosahedron":17,"Bird Faced Urn":11,"Ring of Peace":12,"Prayer Wheel":15,"Replay:Antivirus Software":6,"Cracked Core":0,"hubris:Reverence":20},{"Girya":16,"Pear":103,"Gremlin Horn":50,"ReplayTheSpireMod:Ring of Addiction":62,"Whetstone":148,"hubris:EmptyBottle":62,"hubris:MysteriousPyramids":118,"White Beast Statue":62,"FrozenCore":34,"Blood Vial":130,"SlaversCollar":91,"hubris:Icosahedron":96,"Bird Faced Urn":56,"Ring of Peace":62,"Prayer Wheel":82,"Replay:Antivirus Software":25,"Cracked Core":0,"hubris:Reverence":118}],"FrozenCore":[57]},"card_choices":[{"not_picked":["ReplaySort","Coolheaded"],"picked":"Hologram","floor":1.0},{"not_picked":["Rip and Tear","Steam","Cold Snap"],"picked":"SKIP","floor":4.0},{"not_picked":["Chaos","Ball Lightning","Hologram"],"picked":"SKIP","floor":8.0},{"not_picked":["Panic Button","Sweeping Beam"],"picked":"Reinforced Body","floor":10.0},{"not_picked":["BasicCrystalCard","Rip and Tear"],"picked":"Beam Cell","floor":11.0},{"not_picked":["Steam Power","Stack"],"picked":"hubris:DoWhile","floor":12.0},{"not_picked":["Machine Learning","hubris:Prefetch"],"picked":"Echo Form","floor":16.0},{"not_picked":["Barrage","White Noise"],"picked":"Defragment","floor":18.0},{"not_picked":["Compile Driver+1","Coolheaded","Hologram"],"picked":"SKIP","floor":19.0},{"not_picked":["Cold Snap","hubris:Prefetch"],"picked":"Chill","floor":23.0},{"not_picked":["Go for the Eyes","Sweeping Beam"],"picked":"FTL","floor":25.0},{"not_picked":["Consume","Stack"],"picked":"Gash","floor":27.0},{"not_picked":["Beam Cell","Compile Driver+1"],"picked":"Gash","floor":29.0},{"not_picked":["Coolheaded+1","Static Discharge","Beam Cell+1"],"picked":"SKIP","floor":30},{"not_picked":["Recycle","Panic Button","Ball Lightning"],"picked":"SKIP","floor":31},{"not_picked":["Streamline","BasicCrystalCard","Leap+1"],"picked":"SKIP","floor":35},{"not_picked":["Beam Cell+1","Doom and Gloom+1","hubris:PowerSurge+1"],"picked":"SKIP","floor":35},{"not_picked":["aspiration:Polymerization+1","Sweeping Beam","Chill"],"picked":"SKIP","floor":40},{"not_picked":["Heatsinks","Leap+1"],"picked":"Defragment","floor":41},{"not_picked":["Genetic Algorithm","Melter+1","Tempest+1"],"picked":"SKIP","floor":41},{"not_picked":["Ball Lightning+1","Reprogram","Turbo"],"picked":"SKIP","floor":42},{"not_picked":["Ball Lightning+1","Beam Cell+1","Cold Snap"],"picked":"SKIP","floor":46},{"not_picked":["Aggregate+1","Beam Cell","Sweeping Beam"],"picked":"SKIP","floor":46},{"not_picked":["Cold Snap+1","Panic Button+1"],"picked":"Reboot","floor":47},{"not_picked":["Reinforced Body+1","ReplayTheSpireMod:Calculation Training","Turbo"],"picked":"SKIP","floor":48},{"not_picked":["Go for the Eyes","Turbo+1","Doom and Gloom"],"picked":"SKIP","floor":48},{"not_picked":["Compile Driver","Streamline+1"],"picked":"Hologram+1","floor":54}],"player_experience":767842,"relics_obtained":[{"floor":10.0,"key":"Girya"},{"floor":12.0,"key":"Replay:Antivirus Software"},{"floor":23.0,"key":"Gremlin Horn"},{"floor":26.0,"key":"Bird Faced Urn"},{"floor":28.0,"key":"Ring of Peace"},{"floor":28.0,"key":"ReplayTheSpireMod:Ring of Addiction"},{"floor":28.0,"key":"White Beast Statue"},{"floor":28.0,"key":"hubris:EmptyBottle"},{"floor":31,"key":"Prayer Wheel"},{"floor":40,"key":"Pear"},{"floor":42,"key":"hubris:MysteriousPyramids"},{"floor":43,"key":"hubris:Reverence"},{"floor":47,"key":"Blood Vial"},{"floor":54,"key":"Whetstone"}],"event_choices":[{"damage_healed":0.0,"max_hp_gain":0.0,"max_hp_loss":0.0,"gold_gain":0.0,"event_name":"Living Wall","player_choice":"Grow","floor":3.0,"gold_loss":0.0,"damage_taken":0.0,"cards_upgraded":["Zap"]},{"damage_healed":0.0,"max_hp_gain":0.0,"max_hp_loss":0.0,"gold_gain":0.0,"event_name":"betterThird:BetterSerpent","player_choice":"RENOUNCE","floor":5.0,"gold_loss":42.0,"damage_taken":42.0,"cards_obtained":["Enlightenment"]},{"damage_healed":0.0,"max_hp_gain":0.0,"max_hp_loss":0.0,"gold_gain":0.0,"cards_transformed":["Defend_B"],"event_name":"Transmorgrifier","player_choice":"Transformed","floor":6.0,"gold_loss":0.0,"damage_taken":0.0,"cards_obtained":["Genetic Algorithm"]},{"cards_removed":["Strike_B"],"damage_healed":0.0,"max_hp_gain":0.0,"max_hp_loss":0.0,"gold_gain":0.0,"event_name":"betterNote:BetterNote","player_choice":"Give","floor":20.0,"gold_loss":0.0,"damage_taken":0.0,"cards_obtained":["Defend_G"]},{"damage_healed":0.0,"max_hp_gain":0.0,"max_hp_loss":0.0,"gold_gain":0.0,"event_name":"Wheel of Change","player_choice":"Cursed","floor":21.0,"gold_loss":0.0,"damage_taken":0.0,"cards_obtained":["Decay"]},{"cards_removed":["Strike_B"],"damage_healed":0,"gold_gain":0,"player_choice":"Removed Attack","damage_taken":0,"max_hp_gain":0,"max_hp_loss":0,"event_name":"Falling","floor":37,"gold_loss":0},{"damage_healed":0,"gold_gain":0,"player_choice":"Bought 0 Potions","damage_taken":0,"max_hp_gain":0,"max_hp_loss":0,"event_name":"The Woman in Blue","floor":39,"gold_loss":0},{"damage_healed":0,"gold_gain":0,"player_choice":"Forge","damage_taken":0,"max_hp_gain":0,"max_hp_loss":0,"event_name":"Accursed Blacksmith","floor":45,"gold_loss":0,"cards_upgraded":["Defragment"]}],"is_beta":false,"boss_relics":[{"not_picked":["Inserter","Replay:Ancient Bell"],"picked":"FrozenCore"},{"not_picked":["aspiration:WatcherSkillbook","Coffee Dripper"],"picked":"SlaversCollar"}],"items_purged_floors":[2,22,38,44],"is_endless":false,"potions_floor_spawned":[1,10,11,19,23,27,29,30,31,33,35,40,41,42,46,47,48,54],"ascension_level":0}}