{"host":"5gfra4hjb6stk8c2","time":1611258107,"event":{"mods":["BaseMod","Minty Spire (QoL Compilation)","Quick Restart","SuperFastMode"],"gold_per_floor":[109,109,109,126,51,76,89,89,140,140,140],"floor_reached":10,"language":"ENG","playtime":137,"items_purged":["Strike_P"],"score":86,"play_id":"d488ceb4-a10e-4882-9468-61e5b85dc780","local_time":"20210121164147","is_ascension_mode":true,"campfire_choices":[],"circlet_count":0,"master_deck":["Strike_P","Strike_P","Strike_P","Defend_P","Defend_P","Defend_P","Defend_P","Eruption","Vigilance","Consecrate","Consecrate"],"relics":["SacredBark","Orichalcum","Potion Belt","Damaru"],"acts_visited":["Exordium"],"potions_floor_usage":[10],"damage_taken":[{"damage":18,"enemies":"Jaw Worm","floor":1,"turns":4},{"damage":14,"enemies":"Small Slimes","floor":4,"turns":5},{"damage":28,"enemies":"Gremlin Nob","floor":6,"turns":4},{"damage":0,"enemies":"2 Louse","floor":7,"turns":2},{"damage":7,"enemies":"Lagavulin","floor":10,"turns":2}],"seed_played":"-2156056353760915067","potions_obtained":[{"floor":6,"key":"Fire Potion"}],"is_trial":false,"path_per_floor":["M","?","?","M","$","E","M","?","T","E"],"character_chosen":"WATCHER","items_purchased":[],"campfire_rested":0,"item_purchase_floors":[],"current_hp_per_floor":[47,47,47,33,33,5,5,5,5,0,0],"gold":140,"neow_bonus":"BOSS_RELIC","is_daily":false,"chose_seed":false,"campfire_upgraded":0,"win_rate":0.0,"timestamp":1611258107,"path_taken":["M","?","?","?","$","E","M","?","T","E"],"items_purchased_type":[],"build_version":"2020-12-22","purchased_purges":1,"victory":false,"max_hp_per_floor":[72,72,72,72,72,72,72,72,72,72,72],"card_choices":[{"not_picked":["FollowUp","Prostrate"],"picked":"Consecrate","floor":1},{"not_picked":["Prostrate","EmptyBody","JustLucky"],"picked":"SKIP","floor":4},{"not_picked":["FollowUp","BowlingBash","Pray"],"picked":"SKIP","floor":6},{"not_picked":["JustLucky","EmptyBody"],"picked":"Consecrate","floor":7}],"player_experience":178598,"relics_obtained":[{"floor":6,"key":"Potion Belt"},{"floor":9,"key":"Damaru"}],"event_choices":[{"damage_healed":0,"gold_gain":0,"player_choice":"Box","damage_taken":0,"relics_obtained":["Orichalcum"],"max_hp_gain":0,"max_hp_loss":0,"event_name":"Big Fish","floor":2,"gold_loss":0,"cards_obtained":["Regret"]},{"cards_removed":["Regret"],"damage_healed":0,"gold_gain":0,"player_choice":"Forget","damage_taken":0,"max_hp_gain":0,"max_hp_loss":0,"event_name":"Living Wall","floor":3,"gold_loss":0},{"damage_healed":0,"gold_gain":0,"player_choice":"Ignored","damage_taken":0,"max_hp_gain":0,"max_hp_loss":0,"event_name":"Shining Light","floor":8,"gold_loss":0}],"is_beta":false,"boss_relics":[],"items_purged_floors":[5],"is_endless":false,"potions_floor_spawned":[6],"killed_by":"Lagavulin","ascension_level":6}}