{"host":"5ty8fyb0ngp9gspj","time":1611195943,"event":{"mods":["2.2 Compatiblity","AchievementEnabler","Act Like it!","BaseMod","Colored Map","Downfall","Minty Spire (QoL Compilation)","Rare Cards Sparkle","Relic Stats","StSLib","The Jungle","slay the spire mod where everything is the same but ironclad has a cowboy hat"],"gold_per_floor":[99,117,132,42,58,116,116,130,163,63,73,86,102,102,115,216,216,216,231,231,249,349,38,38,51,51,64,93,93,78,108,119,223,223,223,238,238,238,238],"floor_reached":37,"language":"ENG","playtime":2082,"items_purged":["champ:Strike"],"score":475,"play_id":"19079727-cf07-49c6-bdb6-3c4f4b4bd1c3","local_time":"20210121132543","is_ascension_mode":true,"campfire_choices":[{"data":"champ:Execute","floor":1,"key":"SMITH"},{"floor":10,"key":"REST"},{"data":"champ:DefensiveStyle","floor":18,"key":"SMITH"},{"data":"champ:ShieldSlam","floor":26,"key":"SMITH"},{"floor":29,"key":"REST"},{"data":"champ:EnchantShield","floor":35,"key":"SMITH"}],"circlet_count":0,"master_deck":["champ:Strike","champ:Strike","champ:Strike","champ:Defend","champ:Defend","champ:Defend","champ:Execute+1","champ:Taunt","champ:PreciseThrust","champ:StanceDance","champ:Haymaker","champ:DefensiveStyle+1","champ:IronFortress","champ:Backstep","champ:Improvising","champ:SkillfulDodge","champ:DeathBlow","Parasite","champ:RageSigil","champ:TripleStrike","champ:BerserkersShout","champ:RageSigil+1","champ:ShieldSlam+1","champ:DefensiveShout+1","champ:StanceDance+1","champ:CalledShot","champ:GutPunch+1","champ:StrikeOfGenius","champ:TornadoPunch+1","champ:EnchantShield+1","champ:Shatter+1","champ:BerserkerStyle+1"],"relics":["SlaversCollar","Bottled Flame","hexamod:CandleOfCauterizing","Centennial Puzzle","downfall:HeartBlessingGreen","Black Star","ClockworkSouvenir","PreservedInsect","Prayer Wheel","champ:FightingForDummies","Letter Opener","Pantograph","Ancient Tea Set","Runic Pyramid"],"acts_visited":["Exordium","TheCity","TheBeyond"],"potions_floor_usage":[6,16,16,16,16,23,25,27,28,30,33],"damage_taken":[{"damage":20,"enemies":"Cultist","floor":2,"turns":3},{"damage":10,"enemies":"Small Slimes","floor":3,"turns":3},{"damage":20,"enemies":"downfall:FleeingMerchant","floor":4,"turns":4},{"damage":0,"enemies":"2 Louse","floor":5,"turns":3},{"damage":29,"enemies":"Lagavulin Event","floor":6,"turns":5},{"damage":19,"enemies":"2 Fungi Beasts","floor":8,"turns":3},{"damage":60,"enemies":"Gremlin Nob","floor":9,"turns":5},{"damage":11,"enemies":"Red Slaver","floor":11,"turns":3},{"damage":10,"enemies":"3 Louse","floor":12,"turns":4},{"damage":3,"enemies":"Blue Slaver","floor":13,"turns":5},{"damage":10,"enemies":"Large Slime","floor":15,"turns":7},{"damage":57,"enemies":"SI_SHIV_ARCHETYPE","floor":16,"turns":6},{"damage":46,"enemies":"Chosen","floor":19,"turns":4},{"damage":26,"enemies":"Spheric Guardian","floor":21,"turns":4},{"damage":48,"enemies":"downfall:FleeingMerchant","floor":23,"turns":4},{"damage":41,"enemies":"Snecko","floor":25,"turns":4},{"damage":12,"enemies":"Snake Plant","floor":27,"turns":4},{"damage":38,"enemies":"Slavers","floor":28,"turns":5},{"damage":45,"enemies":"downfall:FleeingMerchant","floor":30,"turns":4},{"damage":93,"enemies":"Gremlin Leader","floor":31,"turns":6},{"damage":33,"enemies":"3 Cultists","floor":32,"turns":5},{"damage":9,"enemies":"WA_ARCHETYPE_CALM","floor":33,"turns":4},{"damage":23,"enemies":"Orb Walker","floor":36,"turns":3},{"damage":111,"enemies":"2 Orb Walkers","floor":37,"turns":5}],"seed_played":"7482622565985008331","potions_obtained":[{"floor":3,"key":"SneckoOil"},{"floor":6,"key":"sneckomod:MuddlingPotion"},{"floor":9,"key":"Swift Potion"},{"floor":15,"key":"EntropicBrew"},{"floor":16,"key":"champ:OpenerPotion"},{"floor":21,"key":"Guardian:BlockOnCardUsePotion"},{"floor":27,"key":"Guardian:BlockOnCardUsePotion"},{"floor":28,"key":"champ:UltimateStancePotion"},{"floor":32,"key":"SteroidPotion"}],"is_trial":false,"path_per_floor":["R","M","M","$","M","?","T","M","E","R","M","M","M","?","M","B",null,"R","M","?","M","?","$","T","M","R","M","E","R","$","E","M","B",null,"R","M","?"],"character_chosen":"THE_CHAMP","items_purchased":["ClockworkSouvenir","PreservedInsect"],"campfire_rested":2,"item_purchase_floors":[23,23],"current_hp_per_floor":[90,90,90,90,90,81,81,72,32,59,58,58,55,77,77,80,90,90,84,84,68,68,65,65,54,54,52,49,76,76,38,20,41,90,90,87,0,0,0],"gold":238,"neow_bonus":"BOSS_RELIC","is_daily":false,"chose_seed":false,"campfire_upgraded":4,"win_rate":0.0,"timestamp":1611195943,"path_taken":["R","M","M","?","M","?","T","M","E","R","M","M","M","?","M","BOSS","R","M","?","M","?","$","T","M","R","?","E","R","$","E","M","BOSS","R","M","?"],"items_purchased_type":["Relic","Relic"],"build_version":"2020-12-22","purchased_purges":1,"victory":false,"max_hp_per_floor":[90,90,90,90,90,90,90,90,90,90,90,90,90,90,90,90,90,90,90,90,90,90,90,90,90,90,90,90,90,90,90,90,90,90,90,90,90,90,90],"relic_stats":{"Centennial Puzzle":[51],"counters":[24,103],"Pantograph":25,"Prayer Wheel":4,"PreservedInsect":83,"Black Star":2,"Letter Opener":[120],"obtain_stats":[{"hexamod:CandleOfCauterizing":7,"champ:ChampionCrown":0,"downfall:HeartBlessingGreen":10,"PreservedInsect":23,"Letter Opener":28,"Ancient Tea Set":31,"ClockworkSouvenir":23,"SlaversCollar":0,"Bottled Flame":6,"Centennial Puzzle":9,"Pantograph":31,"Prayer Wheel":24,"Black Star":17,"champ:FightingForDummies":28,"Runic Pyramid":34},{"hexamod:CandleOfCauterizing":5,"champ:ChampionCrown":0,"downfall:HeartBlessingGreen":7,"PreservedInsect":15,"Letter Opener":18,"Ancient Tea Set":20,"ClockworkSouvenir":15,"SlaversCollar":0,"Bottled Flame":5,"Centennial Puzzle":7,"Pantograph":20,"Prayer Wheel":15,"Black Star":12,"champ:FightingForDummies":18,"Runic Pyramid":22},{"hexamod:CandleOfCauterizing":18,"champ:ChampionCrown":0,"downfall:HeartBlessingGreen":26,"PreservedInsect":63,"Letter Opener":76,"Ancient Tea Set":86,"ClockworkSouvenir":63,"SlaversCollar":0,"Bottled Flame":18,"Centennial Puzzle":26,"Pantograph":86,"Prayer Wheel":63,"Black Star":51,"champ:FightingForDummies":76,"Runic Pyramid":95}]},"card_choices":[{"not_picked":["champ:Shatter","champ:GutPunch"],"picked":"champ:PreciseThrust","floor":2},{"not_picked":["champ:FlashCut","champ:FanOfKnives"],"picked":"champ:StanceDance","floor":3},{"not_picked":["champ:FanOfKnives","champ:ShieldSlam"],"picked":"champ:Haymaker","floor":4},{"not_picked":["champ:Circumvent","champ:Haymaker"],"picked":"champ:DefensiveStyle","floor":5},{"not_picked":["champ:Backstep","champ:FlashCut"],"picked":"champ:IronFortress","floor":6},{"not_picked":["champ:Circumvent","champ:CrownThrow","champ:FanOfKnives"],"picked":"SKIP","floor":8},{"not_picked":["champ:EndlessRage","champ:DefensiveShout"],"picked":"champ:Backstep","floor":9},{"not_picked":["champ:HeartStrike","champ:Shatter"],"picked":"champ:Improvising","floor":11},{"not_picked":["champ:CrownThrow","champ:PerfectedStrike"],"picked":"champ:SkillfulDodge","floor":12},{"not_picked":["champ:RecklessLeap","champ:DefensiveShout"],"picked":"champ:DeathBlow","floor":13},{"not_picked":["champ:ArenaPreparation","champ:Shatter"],"picked":"champ:RageSigil","floor":15},{"not_picked":["champ:LastStand","champ:MurderStrike"],"picked":"champ:TripleStrike","floor":16},{"not_picked":["champ:TornadoPunch","champ:ViciousMockery"],"picked":"champ:BerserkersShout","floor":19},{"not_picked":["champ:FalseCounter","champ:FlashCut"],"picked":"champ:RageSigil+1","floor":21},{"not_picked":["champ:TornadoPunch","champ:PerfectedStrike"],"picked":"champ:ShieldSlam","floor":23},{"not_picked":["champ:EnragedBash","champ:Haymaker"],"picked":"champ:DefensiveShout+1","floor":25},{"not_picked":["champ:StanceDance","champ:Haymaker+1","champ:FocusedBerserking"],"picked":"SKIP","floor":25},{"not_picked":["champ:CrookedStrike","champ:FanOfKnives"],"picked":"champ:StanceDance+1","floor":27},{"not_picked":["champ:DeathBlow","champ:TornadoPunch","champ:FanOfKnives"],"picked":"SKIP","floor":27},{"not_picked":["champ:FlashCut","champ:Haymaker"],"picked":"champ:CalledShot","floor":28},{"not_picked":["champ:Encircle","champ:PreemptiveStrike","champ:Endure"],"picked":"SKIP","floor":30},{"not_picked":["champ:TornadoPunch","champ:FlashCut+1"],"picked":"champ:GutPunch+1","floor":31},{"not_picked":["champ:EndlessRage+1","champ:BladeFlurry+1"],"picked":"champ:StrikeOfGenius","floor":32},{"not_picked":["champ:BerserkersShout+1","champ:CrownThrow"],"picked":"champ:TornadoPunch+1","floor":32},{"not_picked":["champ:IgnorePain","champ:MurderStrike"],"picked":"champ:EnchantShield","floor":33},{"not_picked":["champ:Backstep+1","champ:BerserkersShout+1"],"picked":"champ:Shatter+1","floor":36},{"not_picked":["champ:ShieldSlam+1","champ:Parry+1"],"picked":"champ:BerserkerStyle+1","floor":36}],"player_experience":413904,"relics_obtained":[{"floor":6,"key":"Bottled Flame"},{"floor":7,"key":"hexamod:CandleOfCauterizing"},{"floor":9,"key":"Centennial Puzzle"},{"floor":24,"key":"Prayer Wheel"},{"floor":28,"key":"champ:FightingForDummies"},{"floor":28,"key":"Letter Opener"},{"floor":31,"key":"Pantograph"},{"floor":31,"key":"Ancient Tea Set"}],"event_choices":[{"damage_healed":22,"gold_gain":0,"player_choice":"Healed and dodged fight","damage_taken":0,"max_hp_gain":0,"max_hp_loss":0,"event_name":"Mushrooms","floor":14,"gold_loss":0,"cards_obtained":["Parasite"]},{"damage_healed":0,"gold_gain":0,"player_choice":"Fight","damage_taken":0,"max_hp_gain":0,"max_hp_loss":0,"event_name":"Mysterious Sphere","floor":37,"gold_loss":0}],"is_beta":false,"boss_relics":[{"not_picked":["Coffee Dripper","bronze:MakeshiftBattery"],"picked":"Black Star"},{"not_picked":["Snecko Eye","Tiny House"],"picked":"Runic Pyramid"}],"items_purged_floors":[4],"is_endless":false,"potions_floor_spawned":[3,6,9,15,16,19,21,27,28,32],"killed_by":"2 Orb Walkers","ascension_level":3}}