{"host":"vex7walpoxzv48nx","time":1611192665,"event":{"mods":["BaseMod","Bestiary","Minty Spire (QoL Compilation)","Permanent Neow","Quick Restart","Relic Stats"],"gold_per_floor":[113,128,145,30,48,48,64,98,122,153,166,166,186,186,186,287,287,298,313,326,346,80,80,110,110,136,152,181,210,260,277,277,277,277],"floor_reached":33,"language":"ENG","playtime":3202,"items_purged":["Defend_B"],"score":346,"play_id":"d0b2dff0-f48f-46ca-9d87-b1e1e837a767","local_time":"20210121023105","is_ascension_mode":true,"campfire_choices":[{"data":"Genetic Algorithm","floor":6,"key":"SMITH"},{"data":"Self Repair","floor":12,"key":"SMITH"},{"data":"Biased Cognition","floor":15,"key":"SMITH"},{"data":"Buffer","floor":23,"key":"SMITH"},{"data":"Zap","floor":25,"key":"SMITH"},{"data":"Creative AI","floor":32,"key":"SMITH"}],"circlet_count":0,"master_deck":["Strike_B","Strike_B","Strike_B","Strike_B","Defend_B","Defend_B","Defend_B","Zap+1","Dualcast","Purity","Ball Lightning","Conserve Battery","Genetic Algorithm+1","Self Repair+1","Cold Snap","Cold Snap","Biased Cognition+1","Buffer+1","Barrage","Thunder Strike","Compile Driver","Leap+1","Ball Lightning","FTL","Glacier","Creative AI+1","Ball Lightning"],"relics":["Cracked Core","Art of War","Centennial Puzzle","Strawberry","Sozu","Medical Kit","PreservedInsect","Boot","Bronze Scales","Red Mask"],"acts_visited":["Exordium","TheCity"],"potions_floor_usage":[8,11,16,16,19],"damage_taken":[{"damage":1,"enemies":"Cultist","floor":1,"turns":4},{"damage":2,"enemies":"Jaw Worm","floor":2,"turns":3},{"damage":0,"enemies":"Small Slimes","floor":3,"turns":3},{"damage":16,"enemies":"2 Fungi Beasts","floor":5,"turns":3},{"damage":6,"enemies":"Red Slaver","floor":7,"turns":4},{"damage":21,"enemies":"Gremlin Nob","floor":8,"turns":5},{"damage":6,"enemies":"Lagavulin","floor":10,"turns":6},{"damage":0,"enemies":"3 Louse","floor":11,"turns":2},{"damage":10,"enemies":"2 Fungi Beasts","floor":13,"turns":3},{"damage":16,"enemies":"Hexaghost","floor":16,"turns":9},{"damage":2,"enemies":"Spheric Guardian","floor":18,"turns":5},{"damage":0,"enemies":"2 Thieves","floor":19,"turns":5},{"damage":5,"enemies":"Sentry and Sphere","floor":20,"turns":5},{"damage":13,"enemies":"Shelled Parasite and Fungi","floor":21,"turns":4},{"damage":19,"enemies":"Book of Stabbing","floor":24,"turns":7},{"damage":0,"enemies":"Cultist and Chosen","floor":27,"turns":7},{"damage":21,"enemies":"Slavers","floor":28,"turns":4},{"damage":17,"enemies":"Masked Bandits","floor":29,"turns":4},{"damage":0,"enemies":"Snecko","floor":31,"turns":5},{"damage":65,"enemies":"Automaton","floor":33,"turns":10}],"seed_played":"-2170601711650337020","potions_obtained":[{"floor":1,"key":"Fire Potion"},{"floor":2,"key":"SpeedPotion"},{"floor":3,"key":"Weak Potion"},{"floor":10,"key":"SkillPotion"},{"floor":11,"key":"Swift Potion"},{"floor":13,"key":"Ancient Potion"},{"floor":14,"key":"DistilledChaos"},{"floor":14,"key":"Dexterity Potion"}],"is_trial":false,"path_per_floor":["M","M","M","$","M","R","M","E","T","E","M","R","M","?","R","B",null,"M","M","M","M","$","R","E","R","T","M","E","?","?","M","R","B"],"character_chosen":"DEFECT","items_purchased":["Self Repair","Ball Lightning","Medical Kit","FTL"],"campfire_rested":0,"item_purchase_floors":[4,22,22,22],"current_hp_per_floor":[74,72,72,72,63,63,64,50,50,58,65,65,65,65,65,59,82,82,82,82,79,79,79,70,70,70,80,59,52,52,62,62,0,0],"gold":277,"neow_bonus":"RANDOM_COLORLESS","is_daily":false,"chose_seed":false,"campfire_upgraded":6,"win_rate":0.0,"timestamp":1611192665,"path_taken":["M","M","M","$","M","R","?","E","T","E","M","R","M","?","R","BOSS","M","?","M","M","$","R","E","R","T","M","E","?","?","?","R","BOSS"],"items_purchased_type":["Card","Card","Relic","Card"],"build_version":"2020-12-22","purchased_purges":1,"victory":false,"max_hp_per_floor":[75,75,75,75,75,75,75,75,75,82,82,82,82,82,82,82,82,82,82,82,82,82,82,82,82,82,82,82,82,82,82,82,82,82],"relic_stats":{"Sozu":4,"Centennial Puzzle":[30],"counters":[20,98],"Bronze Scales":[54],"PreservedInsect":39,"Art of War":[9],"Medical Kit":[5],"Boot":[21],"obtain_stats":[{"Sozu":17,"Centennial Puzzle":9,"Strawberry":10,"Bronze Scales":28,"PreservedInsect":24,"Art of War":8,"Red Mask":29,"Cracked Core":0,"Medical Kit":22,"Boot":26},{"Sozu":10,"Centennial Puzzle":6,"Strawberry":7,"Bronze Scales":17,"PreservedInsect":15,"Art of War":6,"Red Mask":18,"Cracked Core":0,"Medical Kit":14,"Boot":15},{"Sozu":42,"Centennial Puzzle":22,"Strawberry":28,"Bronze Scales":79,"PreservedInsect":68,"Art of War":22,"Red Mask":83,"Cracked Core":0,"Medical Kit":61,"Boot":68}]},"card_choices":[{"not_picked":["Dark Shackles","Mind Blast"],"picked":"Purity","floor":0},{"not_picked":["Self Repair","Beam Cell"],"picked":"Ball Lightning","floor":1},{"not_picked":["Beam Cell","Force Field"],"picked":"Conserve Battery","floor":2},{"not_picked":["Compile Driver","Steam"],"picked":"Genetic Algorithm","floor":3},{"not_picked":["Steam","Sweeping Beam"],"picked":"Cold Snap","floor":5},{"not_picked":["Redo","Double Energy"],"picked":"Cold Snap","floor":7},{"not_picked":["Go for the Eyes","Storm"],"picked":"Biased Cognition","floor":8},{"not_picked":["Chaos","White Noise","Force Field"],"picked":"SKIP","floor":10},{"not_picked":["Leap","Scrape","Beam Cell"],"picked":"SKIP","floor":11},{"not_picked":["Meteor Strike","Chaos","Stack"],"picked":"SKIP","floor":13},{"not_picked":["Multi-Cast","Machine Learning"],"picked":"Buffer","floor":16},{"not_picked":["Genetic Algorithm","Rebound+1"],"picked":"Barrage","floor":18},{"not_picked":["Redo","Stack"],"picked":"Thunder Strike","floor":19},{"not_picked":["Stack","Cold Snap"],"picked":"Compile Driver","floor":20},{"not_picked":["Rebound","Compile Driver+1"],"picked":"Leap+1","floor":21},{"not_picked":["Hologram","Cold Snap"],"picked":"Glacier","floor":24},{"not_picked":["Chaos","White Noise"],"picked":"Creative AI","floor":27},{"not_picked":["Compile Driver+1","Streamline","Rebound"],"picked":"SKIP","floor":28},{"not_picked":["Steam","Hologram"],"picked":"Ball Lightning","floor":29},{"not_picked":["Chill","Stack","Beam Cell+1"],"picked":"SKIP","floor":31}],"player_experience":188147,"relics_obtained":[{"floor":8,"key":"Art of War"},{"floor":9,"key":"Centennial Puzzle"},{"floor":10,"key":"Strawberry"},{"floor":24,"key":"PreservedInsect"},{"floor":26,"key":"Boot"},{"floor":28,"key":"Bronze Scales"},{"floor":29,"key":"Red Mask"}],"event_choices":[{"damage_healed":0,"gold_gain":0,"player_choice":"Got Potions","damage_taken":0,"max_hp_gain":0,"max_hp_loss":0,"event_name":"Lab","floor":14,"gold_loss":0},{"damage_healed":0,"gold_gain":0,"player_choice":"Fought Bandits","damage_taken":0,"max_hp_gain":0,"max_hp_loss":0,"event_name":"Masked Bandits","floor":29,"gold_loss":0},{"damage_healed":0,"gold_gain":100,"player_choice":"Bet on Murderer","damage_taken":0,"max_hp_gain":0,"max_hp_loss":0,"event_name":"The Joust","floor":30,"gold_loss":50}],"is_beta":false,"boss_relics":[{"not_picked":["Cursed Key","Tiny House"],"picked":"Sozu"}],"items_purged_floors":[4],"is_endless":false,"potions_floor_spawned":[1,2,3,10,11,13,18,27,29,31],"killed_by":"Automaton","ascension_level":3}}