{"host":"pq8o62wp0h1hflf3","time":1611255867,"event":{"mods":["BaseMod","Minty Spire (QoL Compilation)","Relic Stats","ojb\u0027s Info Mod"],"gold_per_floor":[113,124,142,142,142,142,171,186,233,233,178,197,208,222,222,296,296,306,306,306,306,324,356,356,376,376,44,44,63,94,106,106,106,106],"floor_reached":33,"language":"ENG","playtime":1853,"items_purged":["Writhe"],"score":628,"play_id":"31f73465-7a9a-4b71-8bdc-644bb9ddbfc3","local_time":"20210121140427","is_ascension_mode":true,"campfire_choices":[{"data":"Zap","floor":6,"key":"SMITH"},{"data":"Consume","floor":10,"key":"SMITH"},{"floor":15,"key":"REST"},{"floor":24,"key":"REST"},{"data":"Capacitor","floor":28,"key":"SMITH"},{"data":"Ghostly","floor":32,"key":"SMITH"}],"circlet_count":0,"master_deck":["AscendersBane","Strike_B","Strike_B","Strike_B","Defend_B","Defend_B","Defend_B+1","Defend_B","Zap+1","Dualcast+1","Reinforced Body","Cold Snap","Storm","Consume+1","Hologram","Rainbow","Ball Lightning","Compile Driver","Electrodynamics","Glacier","Ghostly","Ghostly+1","Ghostly","Capacitor+1","Fusion+1","Self Repair","Coolheaded","Genetic Algorithm","Redo","Conserve Battery+1"],"relics":["FrozenCore","War Paint","Mercury Hourglass","Bag of Preparation","Nunchaku","Kunai","CaptainsWheel","Ancient Tea Set","Prayer Wheel","Lee\u0027s Waffle","Shuriken"],"acts_visited":["Exordium","TheCity"],"potions_floor_usage":[7,12,16,23,33],"damage_taken":[{"damage":0,"enemies":"Jaw Worm","floor":1,"turns":3},{"damage":0,"enemies":"Cultist","floor":2,"turns":3},{"damage":7,"enemies":"Small Slimes","floor":3,"turns":3},{"damage":23,"enemies":"3 Sentries","floor":7,"turns":6},{"damage":8,"enemies":"Blue Slaver","floor":8,"turns":3},{"damage":0,"enemies":"3 Louse","floor":12,"turns":1},{"damage":0,"enemies":"Large Slime","floor":13,"turns":3},{"damage":0,"enemies":"Exordium Wildlife","floor":14,"turns":2},{"damage":10,"enemies":"Slime Boss","floor":16,"turns":8},{"damage":11,"enemies":"3 Byrds","floor":18,"turns":2},{"damage":7,"enemies":"2 Thieves","floor":22,"turns":3},{"damage":14,"enemies":"Gremlin Leader","floor":23,"turns":7},{"damage":0,"enemies":"Snecko","floor":25,"turns":5},{"damage":4,"enemies":"Shelled Parasite and Fungi","floor":29,"turns":8},{"damage":0,"enemies":"Book of Stabbing","floor":30,"turns":6},{"damage":0,"enemies":"Centurion and Healer","floor":31,"turns":5},{"damage":71,"enemies":"Automaton","floor":33,"turns":12}],"seed_played":"-3184372529833166083","potions_obtained":[{"floor":2,"key":"LiquidMemories"},{"floor":3,"key":"LiquidBronze"},{"floor":12,"key":"Energy Potion"},{"floor":14,"key":"PowerPotion"},{"floor":18,"key":"Weak Potion"},{"floor":23,"key":"Weak Potion"},{"floor":30,"key":"Fruit Juice"}],"is_trial":false,"path_per_floor":["M","M","M","?","?","R","E","M","T","R","$","M","M","M","R","B",null,"M","?","?","T","M","E","R","M","T","$","R","M","E","M","R","B"],"character_chosen":"DEFECT","items_purchased":["Explosive Potion","Lee\u0027s Waffle","Self Repair"],"campfire_rested":2,"item_purchase_floors":[11,27,27],"current_hp_per_floor":[64,64,57,52,52,52,29,21,21,21,21,21,21,21,42,32,61,50,35,35,35,28,14,24,24,24,42,42,42,42,42,42,0,0],"gold":106,"neow_bonus":"RANDOM_COMMON_RELIC","is_daily":false,"chose_seed":false,"campfire_upgraded":4,"win_rate":0.0,"timestamp":1611255867,"path_taken":["M","M","M","?","?","R","E","M","T","R","$","M","M","?","R","BOSS","M","?","?","?","M","E","R","M","T","$","R","M","E","M","R","BOSS"],"items_purchased_type":["Potion","Relic","Card"],"build_version":"2020-12-22","purchased_purges":1,"victory":false,"max_hp_per_floor":[71,71,71,71,71,71,71,71,71,71,71,71,71,71,71,71,71,71,35,35,35,35,35,35,35,35,42,42,42,42,42,42,42,42],"relic_stats":{"Nunchaku":[6],"Lee\u0027s Waffle":18,"counters":[17,79],"Shuriken":[1],"Prayer Wheel":2,"Bag of Preparation":[26],"Kunai":[3],"War Paint":["Dualcast","Defend_B"],"obtain_stats":[{"Nunchaku":9,"CaptainsWheel":21,"Lee\u0027s Waffle":27,"Shuriken":30,"Prayer Wheel":26,"Bag of Preparation":7,"Kunai":20,"War Paint":0,"Cracked Core":0,"Ancient Tea Set":23,"Mercury Hourglass":4,"FrozenCore":17},{"Nunchaku":5,"CaptainsWheel":10,"Lee\u0027s Waffle":13,"Shuriken":15,"Prayer Wheel":13,"Bag of Preparation":4,"Kunai":10,"War Paint":0,"Cracked Core":0,"Ancient Tea Set":12,"Mercury Hourglass":3,"FrozenCore":9},{"Nunchaku":18,"CaptainsWheel":33,"Lee\u0027s Waffle":48,"Shuriken":62,"Prayer Wheel":48,"Bag of Preparation":15,"Kunai":33,"War Paint":0,"Cracked Core":0,"Ancient Tea Set":43,"Mercury Hourglass":9,"FrozenCore":31}],"FrozenCore":[10],"Mercury Hourglass":[316]},"card_choices":[{"not_picked":["Beam Cell","Compile Driver","Stack"],"picked":"SKIP","floor":1},{"not_picked":["Beam Cell","Rebound"],"picked":"Reinforced Body","floor":2},{"not_picked":["Leap","Redo"],"picked":"Cold Snap","floor":3},{"not_picked":["Recycle","Gash"],"picked":"Consume","floor":7},{"not_picked":["Turbo","Rebound"],"picked":"Hologram","floor":8},{"not_picked":["Rebound","Chaos"],"picked":"Rainbow","floor":12},{"not_picked":["Conserve Battery","Sweeping Beam"],"picked":"Ball Lightning","floor":13},{"not_picked":["Hologram","Ball Lightning"],"picked":"Compile Driver","floor":14},{"not_picked":["Machine Learning","Biased Cognition"],"picked":"Electrodynamics","floor":16},{"not_picked":["Coolheaded+1","Gash"],"picked":"Glacier","floor":18},{"not_picked":["Leap","Beam Cell","Stack"],"picked":"SKIP","floor":22},{"not_picked":["Reinforced Body","Redo"],"picked":"Capacitor","floor":23},{"not_picked":["Aggregate","Heatsinks"],"picked":"Fusion+1","floor":25},{"not_picked":["Conserve Battery","Ball Lightning"],"picked":"Coolheaded","floor":29},{"not_picked":["Sunder","Compile Driver","Sweeping Beam"],"picked":"SKIP","floor":29},{"not_picked":["White Noise","Beam Cell"],"picked":"Genetic Algorithm","floor":30},{"not_picked":["Steam+1","Rebound"],"picked":"Redo","floor":31},{"not_picked":["Beam Cell+1","Thunder Strike"],"picked":"Conserve Battery+1","floor":31}],"player_experience":1155527,"relics_obtained":[{"floor":7,"key":"Bag of Preparation"},{"floor":9,"key":"Nunchaku"},{"floor":21,"key":"CaptainsWheel"},{"floor":23,"key":"Ancient Tea Set"},{"floor":26,"key":"Prayer Wheel"},{"floor":30,"key":"Shuriken"}],"event_choices":[{"damage_healed":0,"gold_gain":0,"player_choice":"Success","damage_taken":5,"relics_obtained":["Mercury Hourglass"],"max_hp_gain":0,"max_hp_loss":0,"event_name":"Scrap Ooze","floor":4,"gold_loss":0},{"damage_healed":0,"gold_gain":0,"cards_transformed":["Strike_B"],"player_choice":"Change","damage_taken":0,"max_hp_gain":0,"max_hp_loss":0,"event_name":"Living Wall","floor":5,"gold_loss":0,"cards_obtained":["Storm"]},{"damage_healed":0,"gold_gain":0,"player_choice":"Became a Ghost","damage_taken":0,"max_hp_gain":0,"max_hp_loss":36,"event_name":"Ghosts","floor":19,"gold_loss":0,"cards_obtained":["Ghostly","Ghostly","Ghostly"]},{"damage_healed":0,"gold_gain":0,"player_choice":"Opened","damage_taken":0,"relics_obtained":["Kunai"],"max_hp_gain":0,"max_hp_loss":0,"event_name":"The Mausoleum","floor":20,"gold_loss":0,"cards_obtained":["Writhe"]}],"is_beta":false,"boss_relics":[{"not_picked":["Coffee Dripper","SacredBark"],"picked":"FrozenCore"}],"items_purged_floors":[27],"is_endless":false,"potions_floor_spawned":[2,3,12,14,18,23,30],"killed_by":"Automaton","ascension_level":20}}