{"host":"p25bz88bsavvfmyg","time":1611249729,"event":{"mods":["BaseMod","Minty Spire (QoL Compilation)","Permanent Neow","StSLib"],"gold_per_floor":[110,120,137,137,147,175,193,220,220,249,249,280,290,315,315,315,315],"floor_reached":16,"language":"ENG","playtime":709,"items_purged":[],"score":259,"play_id":"24ce4cf9-71ae-4e37-ab3f-0220b6522410","local_time":"20210121182209","is_ascension_mode":true,"campfire_choices":[{"data":"1","floor":15,"key":"LIFT"}],"circlet_count":0,"master_deck":["AscendersBane","Strike_R","Strike_R","Strike_R","Defend_R","Defend_R","Defend_R","Defend_R","Bash","True Grit","Shrug It Off","Thunderclap","Clothesline+1","Dropkick","Battle Trance","Pommel Strike","Shrug It Off","Battle Trance"],"relics":["Burning Blood","Pen Nib","Girya","Bottled Lightning","Mummified Hand","Gremlin Horn","Pantograph"],"acts_visited":["Exordium"],"potions_floor_usage":[14],"damage_taken":[{"damage":2.0,"enemies":"Small Slimes","floor":1.0,"turns":4.0},{"damage":2.0,"enemies":"Cultist","floor":2.0,"turns":4.0},{"damage":2.0,"enemies":"2 Louse","floor":3.0,"turns":3.0},{"damage":7.0,"enemies":"Exordium Wildlife","floor":5.0,"turns":4.0},{"damage":48.0,"enemies":"Lagavulin","floor":6.0,"turns":9.0},{"damage":4.0,"enemies":"Exordium Thugs","floor":7.0,"turns":5.0},{"damage":16.0,"enemies":"Gremlin Nob","floor":8.0,"turns":4.0},{"damage":14.0,"enemies":"Lagavulin","floor":10.0,"turns":6.0},{"damage":26.0,"enemies":"Gremlin Nob","floor":12.0,"turns":4.0},{"damage":0.0,"enemies":"2 Fungi Beasts","floor":13.0,"turns":3.0},{"damage":0,"enemies":"3 Sentries","floor":14,"turns":7},{"damage":54,"enemies":"Hexaghost","floor":16,"turns":13}],"seed_played":"6344053470103912227","potions_obtained":[{"floor":6.0,"key":"SkillPotion"},{"floor":7.0,"key":"BloodPotion"},{"floor":8.0,"key":"AttackPotion"},{"floor":12.0,"key":"Dexterity Potion"}],"is_trial":false,"path_per_floor":["M","M","M","?","M","E","M","E","T","E","?","E","M","E","R","B"],"character_chosen":"IRONCLAD","items_purchased":[],"campfire_rested":0,"item_purchase_floors":[],"current_hp_per_floor":[76,80,80,80,79,37,39,29,29,21,21,17,23,29,29,0,0],"gold":315,"neow_bonus":"TRANSFORM_CARD","is_daily":false,"chose_seed":false,"campfire_upgraded":0,"win_rate":0.0,"timestamp":1611249729,"path_taken":["M","M","M","?","M","E","?","E","T","E","?","E","?","E","R","BOSS"],"items_purchased_type":[],"build_version":"2020-12-22","purchased_purges":0,"victory":false,"max_hp_per_floor":[80,80,80,80,80,80,80,80,80,80,80,80,80,80,80,80,80],"card_choices":[{"not_picked":["Perfected Strike","True Grit"],"picked":"Shrug It Off","floor":1.0},{"not_picked":["True Grit","Infernal Blade"],"picked":"Thunderclap","floor":2.0},{"not_picked":["Clash","Burning Pact"],"picked":"Clothesline","floor":3.0},{"not_picked":["Barricade","Fire Breathing"],"picked":"Dropkick","floor":5.0},{"not_picked":["Whirlwind","Pommel Strike"],"picked":"Battle Trance","floor":6.0},{"not_picked":["Clothesline","Body Slam"],"picked":"Pommel Strike","floor":7.0},{"not_picked":["Combust","Burning Pact","Flex"],"picked":"SKIP","floor":8.0},{"not_picked":["True Grit","Wild Strike"],"picked":"Shrug It Off","floor":10.0},{"not_picked":["Warcry","Sword Boomerang","Entrench"],"picked":"SKIP","floor":12.0},{"not_picked":["Combust","Entrench"],"picked":"Battle Trance","floor":13.0},{"not_picked":["Iron Wave","Rampage","Clash"],"picked":"SKIP","floor":14}],"player_experience":478630,"relics_obtained":[{"floor":6.0,"key":"Pen Nib"},{"floor":8.0,"key":"Girya"},{"floor":9.0,"key":"Bottled Lightning"},{"floor":10.0,"key":"Mummified Hand"},{"floor":12.0,"key":"Gremlin Horn"},{"floor":14,"key":"Pantograph"}],"event_choices":[{"damage_healed":0.0,"max_hp_gain":0.0,"max_hp_loss":0.0,"gold_gain":0.0,"event_name":"Upgrade Shrine","player_choice":"Upgraded","floor":4.0,"gold_loss":0.0,"damage_taken":0.0,"cards_upgraded":["Clothesline"]},{"cards_removed":["Strike_R"],"damage_healed":0.0,"max_hp_gain":0.0,"max_hp_loss":0.0,"gold_gain":0.0,"event_name":"Purifier","player_choice":"Purged","floor":11.0,"gold_loss":0.0,"damage_taken":0.0}],"is_beta":false,"boss_relics":[],"items_purged_floors":[],"is_endless":false,"potions_floor_spawned":[6,7,8,12],"killed_by":"Hexaghost","ascension_level":11}}