{"host":"9c969dq3azt3tjy5","time":1611191437,"event":{"mods":["AchievementEnabler","BaseMod","Colored Powertips","Minty Spire (QoL Compilation)","Quick Restart","Rare Cards Sparkle","Waifu the Spire"],"gold_per_floor":[118,132,31,31,31,61,161,180,180,180,208,208,208,222,222,319,319,331,257,272,272,272],"floor_reached":21,"language":"RUS","playtime":588,"items_purged":[],"score":212,"play_id":"47aa6a17-68cf-4ba3-8b9b-626cb9c14313","local_time":"20210121131037","is_ascension_mode":false,"campfire_choices":[{"data":"Shrug It Off","floor":10,"key":"SMITH"},{"data":"Flex","floor":12,"key":"SMITH"},{"data":"Bash","floor":15,"key":"SMITH"}],"circlet_count":0,"master_deck":["Strike_R","Strike_R","Strike_R","Strike_R","Strike_R","Defend_R","Defend_R","Defend_R","Bash+1","Flex+1","Whirlwind+1","Shrug It Off+1","Flex","Feed","Spot Weakness+1","Inflame"],"relics":["Burning Blood","NeowsBlessing","Pear","Kunai","Ancient Tea Set","SacredBark"],"acts_visited":["Exordium","TheCity"],"potions_floor_usage":[11],"damage_taken":[{"damage":0,"enemies":"Small Slimes","floor":1,"turns":2},{"damage":0,"enemies":"Jaw Worm","floor":2,"turns":1},{"damage":0,"enemies":"3 Sentries","floor":6,"turns":2},{"damage":0,"enemies":"Cultist","floor":8,"turns":2},{"damage":8,"enemies":"Gremlin Nob","floor":11,"turns":3},{"damage":0,"enemies":"Looter","floor":14,"turns":1},{"damage":54,"enemies":"Slime Boss","floor":16,"turns":8},{"damage":18,"enemies":"Shell Parasite","floor":18,"turns":6},{"damage":43,"enemies":"Chosen","floor":20,"turns":8},{"damage":48,"enemies":"Shelled Parasite and Fungi","floor":21,"turns":6}],"seed_played":"571548355270455570","potions_obtained":[{"floor":1,"key":"Energy Potion"},{"floor":6,"key":"Energy Potion"},{"floor":14,"key":"LiquidBronze"},{"floor":20,"key":"HeartOfIron"}],"is_trial":false,"path_per_floor":["M","M","$","?","$","E","?","M","T","R","E","R","?","M","R","B",null,"M","$","M","M"],"character_chosen":"IRONCLAD","items_purchased":["Flex","Whirlwind","Inflame"],"campfire_rested":0,"item_purchase_floors":[3,3,19],"current_hp_per_floor":[80,80,80,80,80,90,90,90,90,90,88,88,88,90,90,42,90,78,78,41,0,0],"gold":272,"neow_bonus":"THREE_ENEMY_KILL","is_daily":false,"chose_seed":false,"campfire_upgraded":3,"win_rate":0.0,"timestamp":1611191437,"path_taken":["M","M","$","?","$","E","?","?","T","R","E","R","?","M","R","BOSS","M","$","M","M"],"items_purchased_type":["Card","Card","Card"],"build_version":"2020-12-22","purchased_purges":0,"victory":false,"max_hp_per_floor":[80,80,80,80,80,90,90,90,90,90,90,90,90,90,90,90,90,90,90,90,90,90],"card_choices":[{"not_picked":["Headbutt","Clash","Havoc"],"picked":"SKIP","floor":1},{"not_picked":["Seeing Red","Headbutt","Dark Embrace"],"picked":"SKIP","floor":2},{"not_picked":["Rupture","Impervious"],"picked":"Shrug It Off","floor":6},{"not_picked":["Rage","Flame Barrier","Reckless Charge"],"picked":"SKIP","floor":8},{"not_picked":["Clash","Hemokinesis","Anger"],"picked":"SKIP","floor":11},{"not_picked":["Dual Wield","True Grit"],"picked":"Flex","floor":14},{"not_picked":["Brutality","Barricade"],"picked":"Feed","floor":16},{"not_picked":["Clash","Flame Barrier"],"picked":"Spot Weakness+1","floor":18},{"not_picked":["Seeing Red","Anger","Warcry+1"],"picked":"SKIP","floor":20}],"player_experience":184033,"relics_obtained":[{"floor":6,"key":"Pear"},{"floor":9,"key":"Kunai"},{"floor":11,"key":"Ancient Tea Set"}],"event_choices":[{"damage_healed":0,"gold_gain":0,"player_choice":"Grow","damage_taken":0,"max_hp_gain":0,"max_hp_loss":0,"event_name":"Living Wall","floor":4,"gold_loss":0,"cards_upgraded":["Whirlwind"]},{"damage_healed":0,"gold_gain":100,"player_choice":"Pray","damage_taken":0,"max_hp_gain":0,"max_hp_loss":0,"event_name":"Golden Shrine","floor":7,"gold_loss":0},{"cards_removed":["Defend_R"],"damage_healed":0,"gold_gain":0,"player_choice":"Purged","damage_taken":0,"max_hp_gain":0,"max_hp_loss":0,"event_name":"Purifier","floor":13,"gold_loss":0}],"is_beta":false,"boss_relics":[{"not_picked":["Runic Dome","Astrolabe"],"picked":"SacredBark"}],"items_purged_floors":[],"is_endless":false,"potions_floor_spawned":[1,6,14,20],"killed_by":"Shelled Parasite and Fungi","ascension_level":0}}