{"host":"ydg0vn0pu4pubmdt","time":1611215203,"event":{"mods":["AchievementEnabler","BaseMod","Colored Map","Gold Saver","Minty Spire (QoL Compilation)","Quick Restart","SuperFastMode"],"gold_per_floor":[747,220,220,70,20,20,48,48,48,79,95,124,124,136,136,231,231,245,16,26,26,46,72,72,72,72,72,83,83,109,125,125,227,227,237,247,260,6,6,6,50,50,50,70,80,80,5,17,17,17,17],"floor_reached":50,"language":"KOR","playtime":1924,"items_purged":["Strike_B","Strike_B","Strike_B","Defend_B"],"score":973,"play_id":"b52ebae2-b0fc-4d65-afc9-8493474c5616","local_time":"20210121164643","is_ascension_mode":true,"campfire_choices":[{"data":"Zap","floor":6.0,"key":"SMITH"},{"data":"Dualcast","floor":8.0,"key":"SMITH"},{"data":"Beam Cell","floor":15.0,"key":"SMITH"},{"data":"Defragment","floor":24.0,"key":"SMITH"},{"data":"Capacitor","floor":27.0,"key":"SMITH"},{"data":"Electrodynamics","floor":32.0,"key":"SMITH"},{"data":"Fission","floor":40.0,"key":"SMITH"},{"floor":42.0,"key":"REST"},{"floor":46.0,"key":"REST"},{"data":"Amplify","floor":49.0,"key":"SMITH"}],"circlet_count":0,"master_deck":["AscendersBane","Defend_B+1","Defend_B+1","Zap+1","Dualcast+1","Coolheaded+1","Compile Driver","Glacier","Cold Snap","Beam Cell+1","Electrodynamics+1","Consume+1","Defragment+1","Capacitor+1","Fusion+1","Fission+1","Creative AI+1","Amplify+1","Purity","Barrage+1"],"relics":["Cracked Core","NeowsBlessing","Bag of Preparation","Potion Belt","ClockworkSouvenir","Runic Capacitor","Regal Pillow","Shuriken","War Paint","Turnip","SacredBark","Membership Card","Nunchaku","Frozen Egg 2","MealTicket","Runic Dome","Ancient Tea Set","CeramicFish","Emotion Chip"],"acts_visited":["Exordium","TheCity","TheBeyond"],"potions_floor_usage":[50],"damage_taken":[{"damage":0.0,"enemies":"2 Louse","floor":1.0,"turns":1.0},{"damage":0.0,"enemies":"Lagavulin","floor":7.0,"turns":1.0},{"damage":0.0,"enemies":"3 Sentries","floor":10.0,"turns":1.0},{"damage":0.0,"enemies":"Cultist","floor":11.0,"turns":3.0},{"damage":0.0,"enemies":"Lagavulin","floor":12.0,"turns":7.0},{"damage":0.0,"enemies":"Jaw Worm","floor":14.0,"turns":2.0},{"damage":18.0,"enemies":"Slime Boss","floor":16.0,"turns":9.0},{"damage":1.0,"enemies":"Spheric Guardian","floor":18.0,"turns":4.0},{"damage":0.0,"enemies":"Chosen","floor":20.0,"turns":4.0},{"damage":12.0,"enemies":"Centurion and Healer","floor":22.0,"turns":5.0},{"damage":1.0,"enemies":"Book of Stabbing","floor":23.0,"turns":6.0},{"damage":4.0,"enemies":"Snecko","floor":28.0,"turns":5.0},{"damage":6.0,"enemies":"Gremlin Leader","floor":30.0,"turns":5.0},{"damage":16.0,"enemies":"Snake Plant","floor":31.0,"turns":5.0},{"damage":20.0,"enemies":"Automaton","floor":33.0,"turns":8.0},{"damage":0.0,"enemies":"3 Shapes","floor":35.0,"turns":4.0},{"damage":5.0,"enemies":"3 Darklings","floor":36.0,"turns":2.0},{"damage":46.0,"enemies":"Writhing Mass","floor":37.0,"turns":7.0},{"damage":0.0,"enemies":"Reptomancer","floor":41.0,"turns":7.0},{"damage":22.0,"enemies":"Transient","floor":44.0,"turns":5.0},{"damage":0.0,"enemies":"3 Darklings","floor":45.0,"turns":1.0},{"damage":0.0,"enemies":"Spire Growth","floor":48.0,"turns":4.0},{"damage":120,"enemies":"Donu and Deca","floor":50,"turns":32}],"seed_played":"7862027143433234048","potions_obtained":[{"floor":14.0,"key":"Strength Potion"},{"floor":16.0,"key":"Explosive Potion"},{"floor":20.0,"key":"FocusPotion"},{"floor":22.0,"key":"PotionOfCapacity"},{"floor":30.0,"key":"Dexterity Potion"},{"floor":37.0,"key":"PotionOfCapacity"},{"floor":45.0,"key":"Regen Potion"}],"is_trial":false,"path_per_floor":["M","$","?","$","?","R","E","R","T","E","M","E","?","M","R","B",null,"M","$","M","?","M","E","R","?","T","R","M","?","E","M","R","B",null,"M","M","M","$","?","R","E","R","T","M","M","R","$","M","R","B"],"character_chosen":"DEFECT","items_purchased":["Bag of Preparation","Potion Belt","ClockworkSouvenir","Runic Capacitor","Membership Card","Defragment","Creative AI+1","Amplify","Ancient Tea Set"],"campfire_rested":2,"item_purchase_floors":[2,2,2,4,19,19,38,38,38],"current_hp_per_floor":[68,68,68,68,68,68,68,68,68,68,68,68,68,68,68,50,69,68,68,68,68,56,55,55,55,55,55,51,51,45,29,29,9,59,59,54,8,23,13,13,13,50,50,28,28,65,75,75,75,0,0],"gold":17,"neow_bonus":"THREE_ENEMY_KILL","is_daily":false,"chose_seed":false,"campfire_upgraded":8,"win_rate":0.0,"timestamp":1611215203,"path_taken":["M","$","?","?","?","R","E","R","T","E","M","E","?","M","R","BOSS","M","$","?","?","M","E","R","?","T","R","M","?","E","M","R","BOSS","M","M","M","$","?","R","E","R","T","M","M","R","$","M","R","BOSS"],"items_purchased_type":["Relic","Relic","Relic","Relic","Relic","Card","Card","Card","Relic"],"build_version":"2020-12-22","purchased_purges":4,"victory":false,"max_hp_per_floor":[75,75,75,75,75,75,75,75,75,75,75,75,75,75,75,75,75,75,75,75,75,75,75,75,75,75,75,75,75,75,75,75,75,75,75,75,75,75,75,75,75,75,75,75,75,75,75,75,75,75,75],"card_choices":[{"not_picked":["Rebound","Go for the Eyes"],"picked":"Coolheaded","floor":1.0},{"not_picked":["Hologram","Lockon"],"picked":"Compile Driver","floor":7.0},{"not_picked":["Buffer","Seek"],"picked":"Glacier","floor":10.0},{"not_picked":["Gash","Hologram"],"picked":"Cold Snap","floor":11.0},{"not_picked":["Leap","Lockon","Multi-Cast"],"picked":"SKIP","floor":12.0},{"not_picked":["Rebound","Storm"],"picked":"Beam Cell","floor":14.0},{"not_picked":["Fission","Core Surge"],"picked":"Electrodynamics","floor":16.0},{"not_picked":["Steam","FTL+1"],"picked":"Consume","floor":18.0},{"not_picked":["Sweeping Beam","Turbo"],"picked":"Capacitor","floor":20.0},{"not_picked":["Sweeping Beam","Recycle"],"picked":"Fusion+1","floor":22.0},{"not_picked":["Machine Learning","Ball Lightning+1","Reinforced Body+1"],"picked":"SKIP","floor":23.0},{"not_picked":["Machine Learning","Ball Lightning+1","Reinforced Body+1"],"picked":"SKIP","floor":23.0},{"not_picked":["Leap","Hologram","Gash"],"picked":"SKIP","floor":28.0},{"not_picked":["Ball Lightning","Beam Cell+1","Go for the Eyes"],"picked":"SKIP","floor":30.0},{"not_picked":["Leap","Stack","Gash+1"],"picked":"SKIP","floor":31.0},{"not_picked":["Amplify","Electrodynamics+1"],"picked":"Fission","floor":33.0},{"not_picked":["Melter+1","Go for the Eyes","Conserve Battery+1"],"picked":"SKIP","floor":35.0},{"not_picked":["Double Energy","Rip and Tear+1","Scrape"],"picked":"SKIP","floor":36.0},{"not_picked":["Heatsinks+1","Conserve Battery+1","Chaos"],"picked":"SKIP","floor":37.0},{"not_picked":["Secret Weapon","HandOfGreed"],"picked":"Purity","floor":39.0},{"not_picked":["Coolheaded+1","Barrage+1","Capacitor+1"],"picked":"SKIP","floor":41.0},{"not_picked":["Coolheaded+1","Capacitor+1"],"picked":"Barrage+1","floor":41.0},{"not_picked":["Heatsinks+1","Hologram+1","Streamline"],"picked":"SKIP","floor":44.0},{"not_picked":["Sweeping Beam","Lockon+1","Self Repair+1"],"picked":"SKIP","floor":45.0},{"not_picked":["Beam Cell+1","Ball Lightning+1","Capacitor+1"],"picked":"SKIP","floor":48.0}],"player_experience":525755,"relics_obtained":[{"floor":7.0,"key":"Regal Pillow"},{"floor":9.0,"key":"Shuriken"},{"floor":10.0,"key":"War Paint"},{"floor":12.0,"key":"Turnip"},{"floor":23.0,"key":"Nunchaku"},{"floor":26.0,"key":"Frozen Egg 2"},{"floor":30.0,"key":"MealTicket"},{"floor":41.0,"key":"CeramicFish"},{"floor":43.0,"key":"Emotion Chip"}],"event_choices":[{"cards_removed":["Strike_B"],"damage_healed":0.0,"max_hp_gain":0.0,"max_hp_loss":0.0,"gold_gain":0.0,"event_name":"Bonfire Elementals","player_choice":"Offered Basic","floor":3.0,"gold_loss":0.0,"damage_taken":0.0},{"cards_removed":["Defend_B"],"damage_healed":0.0,"max_hp_gain":0.0,"max_hp_loss":0.0,"gold_gain":0.0,"event_name":"The Cleric","player_choice":"Card Removal","floor":5.0,"gold_loss":50.0,"damage_taken":0.0},{"damage_healed":0.0,"max_hp_gain":0.0,"max_hp_loss":0.0,"gold_gain":0.0,"event_name":"Accursed Blacksmith","player_choice":"Forge","floor":13.0,"gold_loss":0.0,"damage_taken":0.0,"cards_upgraded":["Coolheaded"]},{"damage_healed":0.0,"max_hp_gain":0.0,"max_hp_loss":0.0,"gold_gain":0.0,"event_name":"Cursed Tome","player_choice":"Ignored","floor":21.0,"gold_loss":0.0,"damage_taken":0.0},{"damage_healed":0.0,"max_hp_gain":0.0,"max_hp_loss":0.0,"gold_gain":0.0,"event_name":"Ghosts","player_choice":"Ignored","floor":25.0,"gold_loss":0.0,"damage_taken":0.0},{"damage_healed":0.0,"max_hp_gain":0.0,"max_hp_loss":0.0,"gold_gain":0.0,"event_name":"Upgrade Shrine","player_choice":"Upgraded","floor":29.0,"gold_loss":0.0,"damage_taken":0.0,"cards_upgraded":["Consume"]},{"damage_healed":0.0,"max_hp_gain":0.0,"max_hp_loss":0.0,"gold_gain":0.0,"event_name":"SensoryStone","player_choice":"Memory 3","floor":39.0,"gold_loss":0.0,"damage_taken":10.0}],"is_beta":false,"boss_relics":[{"not_picked":["Snecko Eye","Astrolabe"],"picked":"SacredBark"},{"not_picked":["Philosopher\u0027s Stone","Fusion Hammer"],"picked":"Runic Dome"}],"items_purged_floors":[2,19,38,47],"is_endless":false,"potions_floor_spawned":[14,16,20,22,30,37,45,48],"killed_by":"Donu and Deca","ascension_level":11}}