{"host":"gk9qdtkqd8dwfeg2","time":1611250380,"event":{"mods":["Act Like it!","Aspiration","BaseMod","Colored Powertips","KomeijiMod","Minty Spire (QoL Compilation)","Quick Restart","Replay The Spire","Shop Mod","StSLib","TestMod","The Gatherer","The Servant 0.9.4","Waifu the Spire","WarShipGirlsR/战舰少女R mod","Yuri Mod","【遗物卡牌】REMEMod"],"gold_per_floor":[114,167,167,17,17,17,32,47,72,102,102,102,102,132,132,232,232,247,262,277,1276,1276,1306,1321,1351,1376,1376,1376,1376,1316,1331,1331,1431,1431,1446,1461,1461,1486,1501,1531,1546,1546,1546,1561,1591,1591,1591],"floor_reached":46,"language":"ZHS","playtime":1399,"items_purged":[],"score":701,"play_id":"abe0aab8-e629-41da-8918-fe6965d892d9","local_time":"20210122013300","daily_mods":["Chimera","Hoarder","Binary"],"is_ascension_mode":false,"campfire_choices":[{"data":"Eruption","floor":6.0,"key":"SMITH"},{"data":"REME_ACTH","floor":11.0,"key":"SMITH"},{"data":"REME_ACTH","floor":15.0,"key":"SMITH"},{"data":"Feed","floor":27.0,"key":"SMITH"},{"data":"Feed","floor":29.0,"key":"SMITH"},{"data":"Feed","floor":32.0,"key":"SMITH"},{"data":"Berserk","floor":42.0,"key":"SMITH"}],"circlet_count":0,"master_deck":["Eruption+1","REME_Shoggoth","REME_ACTH+1","REME_ACTH+1","Reaper","Reaper","Blood for Blood","Feed+1","Berserk+1","Berserk","Armaments+1","Pommel Strike","Pommel Strike","Feel No Pain+1","Feel No Pain+1","Feel No Pain+1","Shockwave+1","Shockwave+1","Shockwave+1"],"relics":["Burning Blood","testmod-TestBox","REME_ComplimentaryCards","REME_HourglassOfDeath","Ring of Searing","Ring of Panic","Brimstone","Toy Ornithopter","aspiration:DSix","Question Card","testmod-KeyOfTheVoid","Bag of Preparation","aspiration:Stabinomicon","Letter Opener","testmod-AssaultLearning","testmod-Fanaticism","Ginger","Bottled Tornado","REME_HandOfSuture","Onion Ring"],"acts_visited":["Exordium","TheCity","TheBeyond"],"potions_floor_usage":[],"damage_taken":[{"damage":6.0,"enemies":"Jaw Worm","floor":1.0,"turns":2.0},{"damage":0.0,"enemies":"Small Slimes","floor":7.0,"turns":1.0},{"damage":0.0,"enemies":"2 Louse","floor":8.0,"turns":1.0},{"damage":0.0,"enemies":"Gremlin Nob","floor":10.0,"turns":1.0},{"damage":10.0,"enemies":"3 Sentries","floor":14.0,"turns":2.0},{"damage":25.0,"enemies":"Fading Forest","floor":16.0,"turns":11.0},{"damage":0.0,"enemies":"Shell Parasite","floor":18.0,"turns":1.0},{"damage":10.0,"enemies":"3 Byrds","floor":19.0,"turns":2.0},{"damage":5.0,"enemies":"Snecko","floor":20.0,"turns":2.0},{"damage":0.0,"enemies":"Book of Stabbing","floor":23.0,"turns":1.0},{"damage":33.0,"enemies":"Shelled Parasite and Fungi","floor":24.0,"turns":3.0},{"damage":0.0,"enemies":"Gremlin Leader","floor":25.0,"turns":1.0},{"damage":9.0,"enemies":"Chosen and Byrds","floor":31.0,"turns":2.0},{"damage":49.0,"enemies":"Champ","floor":33.0,"turns":5.0},{"damage":0.0,"enemies":"Orb Walker","floor":35.0,"turns":1.0},{"damage":5.0,"enemies":"3 Darklings","floor":36.0,"turns":2.0},{"damage":5.0,"enemies":"Sphere and 2 Shapes","floor":39.0,"turns":2.0},{"damage":5.0,"enemies":"R_Hoarder","floor":40.0,"turns":2.0},{"damage":22.0,"enemies":"Jaw Worm Horde","floor":41.0,"turns":3.0},{"damage":43.0,"enemies":"Writhing Mass","floor":44.0,"turns":2.0},{"damage":32.0,"enemies":"Reptomancer","floor":45.0,"turns":2.0},{"damage":0,"enemies":"4 Shapes","floor":46,"turns":1}],"seed_played":"811174962971598332","potions_obtained":[{"floor":1.0,"key":"Explosive Potion"},{"floor":7.0,"key":"Toxic Potion"},{"floor":18.0,"key":"HeartOfIron"},{"floor":23.0,"key":"testmod-SpacePotion"},{"floor":24.0,"key":"testmod-TestPotion"},{"floor":31.0,"key":"ElixirPotion"},{"floor":33.0,"key":"BlessingOfTheForge"},{"floor":35.0,"key":"Energy Potion"},{"floor":40.0,"key":"ColorlessPotion"}],"is_trial":false,"path_per_floor":["M","?","?","$","?","R","M","M","T","E","R","$","?","E","R","B",null,"M","M","M","?","?","E","M","E","T","R","?","R","?","M","R","B",null,"M","M","?","T","M","E","M","R","T","M","E","M"],"character_chosen":"IRONCLAD","items_purchased":["Brimstone"],"campfire_rested":0,"item_purchase_floors":[4],"current_hp_per_floor":[80,60,60,60,60,60,66,72,72,78,78,78,70,66,66,47,80,80,80,80,80,80,80,78,80,80,80,80,80,80,84,84,72,88,92,96,96,96,104,104,112,112,112,116,116,116,116],"gold":1591,"neow_bonus":"","is_daily":true,"chose_seed":false,"campfire_upgraded":7,"win_rate":0.0,"timestamp":1611250380,"path_taken":["M","?","?","$","?","R","M","M","T","E","R","$","?","E","R","BOSS","M","?","M","?","?","E","M","E","T","R","?","R","?","M","R","BOSS","M","M","?","?","M","E","?","R","T","M","E","?"],"items_purchased_type":["Relic"],"build_version":"2020-12-22","purchased_purges":0,"victory":false,"max_hp_per_floor":[80,80,80,80,80,80,80,80,80,80,80,80,80,80,80,80,80,80,80,80,80,80,80,80,80,80,80,80,80,80,84,84,88,88,92,96,96,96,104,104,112,112,112,116,116,116,116],"card_choices":[{"not_picked":["Carnage","Wild Strike"],"picked":"SKIP","floor":1.0},{"not_picked":["Run Through"],"picked":"REME_ACTH","floor":7.0},{"not_picked":["Clothesline","Rupture"],"picked":"SKIP","floor":8.0},{"not_picked":["Burning Pact","Body Slam"],"picked":"SKIP","floor":10.0},{"not_picked":["Replay:Undeath\u0027s Touch","Seeing Red"],"picked":"SKIP","floor":14.0},{"not_picked":["Immolate","Demonic Infusion"],"picked":"Reaper","floor":16.0},{"not_picked":["Clash","Metallicize"],"picked":"Blood for Blood","floor":18.0},{"not_picked":["Cleave","Massacre","REME_Cut"],"picked":"SKIP","floor":19.0},{"not_picked":["Warcry","Twin Strike"],"picked":"Clothesline","floor":20.0},{"not_picked":["ReplayTheSpireMod:Corrosion Curse","Body Slam","Searing Blow"],"picked":"SKIP","floor":23.0},{"not_picked":["Clothesline","Perfected Strike","Entrench"],"picked":"SKIP","floor":24.0},{"not_picked":["Disarm+1","Sever Soul+1"],"picked":"Feed","floor":25.0},{"not_picked":["Iron Wave","ReplayTheSpireMod:Muscle Training","Uppercut"],"picked":"SKIP","floor":31.0},{"not_picked":["Iron Wave","ReplayTheSpireMod:Muscle Training","Uppercut"],"picked":"SKIP","floor":31.0},{"not_picked":["Demonic Infusion","Offering"],"picked":"Berserk","floor":33.0},{"not_picked":["Thunderclap","Cleave","Wild Strike"],"picked":"SKIP","floor":35.0},{"not_picked":["Body Slam+1","Inflame","Headbutt"],"picked":"SKIP","floor":36.0},{"not_picked":["REME_Cut","Perfected Strike"],"picked":"Armaments+1","floor":39.0},{"not_picked":["Carnage+1","Iron Wave","Flex+1"],"picked":"SKIP","floor":40.0},{"not_picked":["ReplayTheSpireMod:Strike From Hell","True Grit"],"picked":"Pommel Strike","floor":41.0},{"not_picked":["Shrug It Off+1","Clothesline"],"picked":"Feel No Pain+1","floor":44.0},{"not_picked":["Wild Strike","Defy Death"],"picked":"Shockwave+1","floor":45}],"player_experience":678392,"relics_obtained":[{"floor":2.0,"key":"REME_HourglassOfDeath"},{"floor":3.0,"key":"Ring of Searing"},{"floor":3.0,"key":"Ring of Panic"},{"floor":9.0,"key":"Toy Ornithopter"},{"floor":10.0,"key":"aspiration:DSix"},{"floor":14.0,"key":"Question Card"},{"floor":23.0,"key":"aspiration:Stabinomicon"},{"floor":25.0,"key":"Letter Opener"},{"floor":26.0,"key":"testmod-AssaultLearning"},{"floor":38.0,"key":"Ginger"},{"floor":40.0,"key":"Bottled Tornado"},{"floor":43.0,"key":"REME_HandOfSuture"},{"floor":45,"key":"Onion Ring"}],"event_choices":[{"damage_healed":0.0,"max_hp_gain":0.0,"max_hp_loss":0.0,"gold_gain":0.0,"event_name":"Wheel of Change","player_choice":"Damaged","floor":13.0,"gold_loss":0.0,"damage_taken":8.0},{"damage_healed":0.0,"max_hp_gain":0.0,"max_hp_loss":0.0,"gold_gain":999.0,"event_name":"恩洛斯的盘子","player_choice":"Sell","floor":21.0,"relics_lost":["testmod-CardMagician"],"gold_loss":0.0,"damage_taken":0.0},{"damage_healed":0.0,"max_hp_gain":0.0,"max_hp_loss":0.0,"gold_gain":0.0,"event_name":"Addict","player_choice":"Stole Relic","floor":22.0,"gold_loss":0.0,"damage_taken":0.0,"relics_obtained":["Bag of Preparation"],"cards_obtained":["Shame"]},{"cards_removed":["Reaper"],"damage_healed":0.0,"max_hp_gain":0.0,"max_hp_loss":0.0,"gold_gain":0.0,"event_name":"Falling","player_choice":"Removed Attack","floor":37.0,"gold_loss":0.0,"damage_taken":0.0}],"is_beta":false,"boss_relics":[{"not_picked":["Mark of Pain","testmod-StringDisintegrator"],"picked":"testmod-KeyOfTheVoid"},{"not_picked":["Replay:Bronze Core","Runic Dome"],"picked":"testmod-Fanaticism"}],"items_purged_floors":[],"is_endless":false,"potions_floor_spawned":[1,7,18,23,24,31,33,35,36,40,44],"killed_by":"4 Shapes","ascension_level":0}}