{"host":"f5mjulaw5aqlqmd7","time":1611228469,"event":{"mods":["Act Like it!","BaseMod","Colored Map","GifTheSpireLib","Hallownest","Minty Spire (QoL Compilation)","StSLib","The Bug Knight"],"gold_per_floor":[117,127,127,146,92,92,120,120,120,120,130,140,153,171,171,171,171],"floor_reached":16,"language":"ITA","playtime":50880,"items_purged":[],"score":129,"play_id":"a95c00d5-5469-4bdc-95e0-dc8c05e12251","local_time":"20210121062749","is_ascension_mode":false,"campfire_choices":[{"data":"HollowMod:SoulStrike","floor":6,"key":"SMITH"},{"data":"HollowMod:DesolateDive","floor":8,"key":"SMITH"},{"floor":15,"key":"REST"}],"circlet_count":0,"master_deck":["HollowMod:NailStrikeStart","HollowMod:NailStrikeStart","HollowMod:NailStrikeStart","HollowMod:QuickDashStart","HollowMod:QuickDashStart","HollowMod:QuickDashStart","HollowMod:QuickDashStart","HollowMod:FocusHealStart","HollowMod:PogoStrike","HollowMod:HowlingWraiths","HollowMod:SoulStrike+1","HollowMod:HowlingWraiths","HollowMod:ChannelNail","HollowMod:HowlingWraiths","HollowMod:DesolateDive+1","HollowMod:ChannelNail","HollowMod:HowlingWraiths","HollowMod:HowlingWraiths","HollowMod:VengefulSpirit","HollowMod:ChannelNail"],"relics":["HollowMod:VesselMask","Peace Pipe","Bird Faced Urn"],"acts_visited":["Exordium"],"potions_floor_usage":[16],"damage_taken":[{"damage":0,"enemies":"Small Slimes","floor":1,"turns":3},{"damage":2,"enemies":"2 Louse","floor":2,"turns":2},{"damage":3,"enemies":"Jaw Worm","floor":4,"turns":4},{"damage":17,"enemies":"3 Sentries","floor":7,"turns":4},{"damage":1,"enemies":"Exordium Wildlife","floor":11,"turns":3},{"damage":26,"enemies":"Large Slime","floor":12,"turns":5},{"damage":3,"enemies":"Red Slaver","floor":13,"turns":5},{"damage":1,"enemies":"3 Louse","floor":14,"turns":2},{"damage":59,"enemies":"Slime Boss","floor":16,"turns":7}],"seed_played":"3274190277478207342","potions_obtained":[{"floor":4,"key":"GamblersBrew"},{"floor":11,"key":"ColorlessPotion"},{"floor":14,"key":"Dexterity Potion"}],"is_trial":false,"path_per_floor":["M","M","?","M","$","R","E","R","T","?","M","M","M","M","R","B"],"character_chosen":"THE_BUGKNIGHT","items_purchased":["HollowMod:HowlingWraiths"],"campfire_rested":1,"item_purchase_floors":[5],"current_hp_per_floor":[75,73,73,70,70,70,53,53,53,53,52,26,29,28,50,0,0],"gold":171,"neow_bonus":"THREE_CARDS","is_daily":false,"chose_seed":false,"campfire_upgraded":2,"win_rate":0.0,"timestamp":1611228469,"path_taken":["M","M","?","M","$","R","E","R","T","?","M","M","M","M","R","BOSS"],"items_purchased_type":["Card"],"build_version":"2020-12-22","purchased_purges":0,"victory":false,"max_hp_per_floor":[75,75,75,75,75,75,75,75,75,75,75,75,75,75,75,75,75],"card_choices":[{"not_picked":["HollowMod:CornifersMapStart","HollowMod:DashSlash"],"picked":"HollowMod:HowlingWraiths","floor":0},{"not_picked":["HollowMod:InfectedCysts","HollowMod:InfectedAttack"],"picked":"HollowMod:SoulStrike","floor":1},{"not_picked":["HollowMod:WraithStrike","HollowMod:CornifersMapStart"],"picked":"HollowMod:HowlingWraiths","floor":2},{"not_picked":["HollowMod:SharpenedNail","HollowMod:NewJinnsSoul"],"picked":"HollowMod:ChannelNail","floor":4},{"not_picked":["HollowMod:BaldurShell","HollowMod:HuntersJournal"],"picked":"HollowMod:DesolateDive","floor":7},{"not_picked":["HollowMod:NewJinnsSoul","HollowMod:QuirrelsAssistance"],"picked":"HollowMod:HowlingWraiths","floor":11},{"not_picked":["HollowMod:HerrahsAnger","HollowMod:VengefulVoid"],"picked":"HollowMod:HowlingWraiths","floor":12},{"not_picked":["HollowMod:FastStrike","HollowMod:DescendingDark"],"picked":"HollowMod:VengefulSpirit","floor":13},{"not_picked":["HollowMod:CornifersMapStart","HollowMod:ShadowDash"],"picked":"HollowMod:ChannelNail","floor":14}],"player_experience":76584,"relics_obtained":[{"floor":7,"key":"Peace Pipe"},{"floor":9,"key":"Bird Faced Urn"}],"event_choices":[{"damage_healed":0,"gold_gain":0,"cards_transformed":["HollowMod:NailStrikeStart"],"player_choice":"Change","damage_taken":0,"max_hp_gain":0,"max_hp_loss":0,"event_name":"Living Wall","floor":10,"gold_loss":0,"cards_obtained":["HollowMod:ChannelNail"]}],"is_beta":false,"boss_relics":[],"items_purged_floors":[],"is_endless":false,"potions_floor_spawned":[4,11,14],"killed_by":"Slime Boss","ascension_level":0}}