{"host":"6a9c3xws62y7efyw","time":1611206038,"event":{"mods":["BaseMod","Minty Spire (QoL Compilation)","Relic Stats","StSLib"],"gold_per_floor":[15,35,50,50,68,93,93,120,196,208,235,235,254,274,274,351,351,363,278,294,313,333,367,385,412,439,439,439,169,186,212,212,212,212],"floor_reached":33,"language":"ENG","playtime":1639,"items_purged":["Strike_R"],"score":687,"play_id":"54377b8d-d276-4f85-8a60-cfbfd7ff535c","local_time":"20210120211358","is_ascension_mode":true,"campfire_choices":[{"data":"Battle Trance","floor":7,"key":"SMITH"},{"data":"Flame Barrier","floor":12,"key":"SMITH"},{"data":"Evolve","floor":15,"key":"SMITH"},{"data":"Feel No Pain","floor":27,"key":"SMITH"},{"floor":32,"key":"DIG"}],"circlet_count":0,"master_deck":["AscendersBane","Strike_R","Strike_R+1","Strike_R","Defend_R","Defend_R","Defend_R","Defend_R","Bash","The Bomb","Evolve+1","Headbutt","Iron Wave+1","Battle Trance+1","Cleave","Flame Barrier+1","Warcry","Immolate","Feed","True Grit","Flame Barrier","Power Through","Clothesline","Impervious","Feel No Pain+1","Spot Weakness"],"relics":["Burning Blood","Letter Opener","Du-Vu Doll","Whetstone","The Courier","FossilizedHelix","Coffee Dripper","Happy Flower","Self Forming Clay","TungstenRod","Orichalcum","Singing Bowl","Shovel","Red Skull"],"acts_visited":["TheCity"],"potions_floor_usage":[8,11,16,25,33],"damage_taken":[{"damage":2,"enemies":"2 Louse","floor":1,"turns":2},{"damage":14,"enemies":"Jaw Worm","floor":2,"turns":4},{"damage":7,"enemies":"Cultist","floor":3,"turns":4},{"damage":11,"enemies":"Blue Slaver","floor":5,"turns":4},{"damage":15,"enemies":"Lagavulin","floor":6,"turns":5},{"damage":8,"enemies":"Gremlin Nob","floor":8,"turns":3},{"damage":18,"enemies":"3 Louse","floor":10,"turns":3},{"damage":18,"enemies":"3 Sentries","floor":11,"turns":5},{"damage":0,"enemies":"Looter","floor":13,"turns":3},{"damage":0,"enemies":"Lots of Slimes","floor":14,"turns":1},{"damage":17,"enemies":"Hexaghost","floor":16,"turns":9},{"damage":0,"enemies":"Spheric Guardian","floor":18,"turns":3},{"damage":0,"enemies":"3 Byrds","floor":20,"turns":3},{"damage":13,"enemies":"Shelled Parasite and Fungi","floor":21,"turns":4},{"damage":16,"enemies":"Snake Plant","floor":22,"turns":4},{"damage":27,"enemies":"Slavers","floor":23,"turns":4},{"damage":0,"enemies":"Centurion and Healer","floor":24,"turns":5},{"damage":16,"enemies":"Book of Stabbing","floor":25,"turns":5},{"damage":0,"enemies":"3 Cultists","floor":30,"turns":4},{"damage":26,"enemies":"Slavers","floor":31,"turns":3},{"damage":53,"enemies":"Champ","floor":33,"turns":14}],"seed_played":"-4797100141973334792","potions_obtained":[{"floor":1,"key":"SteroidPotion"},{"floor":3,"key":"SkillPotion"},{"floor":10,"key":"AttackPotion"},{"floor":13,"key":"SkillPotion"},{"floor":16,"key":"GamblersBrew"},{"floor":18,"key":"LiquidMemories"},{"floor":31,"key":"Ancient Potion"}],"is_trial":false,"path_per_floor":["M","M","M","?","M","E","R","E","T","M","E","R","M","M","R","B",null,"M","?","M","M","M","E","M","E","T","R","?","$","M","E","R","B"],"character_chosen":"IRONCLAD","items_purchased":["Singing Bowl"],"campfire_rested":0,"item_purchase_floors":[29],"current_hp_per_floor":[72,64,63,58,53,44,44,42,42,30,18,18,24,30,30,19,61,67,67,76,72,62,44,50,43,43,43,43,43,54,37,37,0,0],"gold":212,"neow_bonus":"RANDOM_COLORLESS_2","is_daily":false,"chose_seed":false,"campfire_upgraded":4,"win_rate":0.0,"timestamp":1611206038,"path_taken":["M","M","M","?","M","E","R","E","T","M","E","R","M","M","R","BOSS","M","?","M","M","M","E","M","E","T","R","?","$","M","E","R","BOSS"],"items_purchased_type":["Relic"],"build_version":"2020-12-22","purchased_purges":1,"victory":false,"max_hp_per_floor":[75,75,75,75,75,75,75,75,75,75,75,75,75,75,75,75,75,75,75,78,81,81,84,84,87,87,87,87,87,92,95,95,95,95],"relic_stats":{"Shovel":1,"Happy Flower":[15],"Singing Bowl":2,"counters":[21,92],"Self Forming Clay":[30],"Letter Opener":[65],"Whetstone":["Strike_R","Iron Wave"],"Orichalcum":[30],"obtain_stats":[{"Happy Flower":19,"Singing Bowl":29,"Self Forming Clay":23,"The Courier":9,"Letter Opener":4,"Whetstone":8,"Orichalcum":26,"Burning Blood":0,"Du-Vu Doll":6,"Shovel":31,"Coffee Dripper":17,"FossilizedHelix":11,"TungstenRod":25,"Red Skull":32},{"Happy Flower":12,"Singing Bowl":18,"Self Forming Clay":16,"The Courier":6,"Letter Opener":3,"Whetstone":6,"Orichalcum":18,"Burning Blood":0,"Du-Vu Doll":5,"Shovel":20,"Coffee Dripper":11,"FossilizedHelix":8,"TungstenRod":18,"Red Skull":20},{"Happy Flower":46,"Singing Bowl":71,"Self Forming Clay":61,"The Courier":22,"Letter Opener":10,"Whetstone":22,"Orichalcum":71,"Burning Blood":0,"Du-Vu Doll":19,"Shovel":78,"Coffee Dripper":43,"FossilizedHelix":30,"TungstenRod":71,"Red Skull":78}],"Burning Blood":120,"TungstenRod":7},"card_choices":[{"not_picked":["Magnetism","Panache"],"picked":"The Bomb","floor":0},{"not_picked":["Reckless Charge","Perfected Strike"],"picked":"Evolve","floor":1},{"not_picked":["Flex","Reckless Charge"],"picked":"Headbutt","floor":2},{"not_picked":["Bloodletting","Warcry"],"picked":"Iron Wave","floor":3},{"not_picked":["Headbutt","Clothesline"],"picked":"Battle Trance","floor":5},{"not_picked":["Rage","Limit Break"],"picked":"Cleave","floor":6},{"not_picked":["Dropkick","Shrug It Off"],"picked":"Flame Barrier","floor":8},{"not_picked":["Dropkick","Anger"],"picked":"Warcry","floor":10},{"not_picked":["Headbutt","Cleave","Entrench"],"picked":"SKIP","floor":11},{"not_picked":["Seeing Red","Flex"],"picked":"Immolate","floor":13},{"not_picked":["Clash","Iron Wave","Reckless Charge"],"picked":"SKIP","floor":14},{"not_picked":["Exhume","Bludgeon"],"picked":"Feed","floor":16},{"not_picked":["Cleave","Rampage"],"picked":"True Grit","floor":18},{"not_picked":["Evolve","Rampage","Heavy Blade+1"],"picked":"SKIP","floor":20},{"not_picked":["Juggernaut","Twin Strike+1"],"picked":"Flame Barrier","floor":21},{"not_picked":["Entrench","Wild Strike"],"picked":"Power Through","floor":22},{"not_picked":["Sword Boomerang+1","Metallicize"],"picked":"Clothesline","floor":23},{"not_picked":["Clash","Evolve"],"picked":"Impervious","floor":24},{"not_picked":["Cleave","Havoc"],"picked":"Feel No Pain","floor":25},{"not_picked":["Second Wind","Dropkick","Metallicize"],"picked":"Singing Bowl","floor":30},{"not_picked":["Whirlwind+1","Iron Wave"],"picked":"Spot Weakness","floor":31}],"player_experience":1388682,"relics_obtained":[{"floor":6,"key":"Du-Vu Doll"},{"floor":8,"key":"Whetstone"},{"floor":9,"key":"The Courier"},{"floor":11,"key":"FossilizedHelix"},{"floor":23,"key":"Self Forming Clay"},{"floor":25,"key":"TungstenRod"},{"floor":26,"key":"Orichalcum"},{"floor":31,"key":"Shovel"},{"floor":32,"key":"Red Skull"}],"event_choices":[{"damage_healed":0,"gold_gain":0,"player_choice":"Success","damage_taken":5,"relics_obtained":["Letter Opener"],"max_hp_gain":0,"max_hp_loss":0,"event_name":"Scrap Ooze","floor":4,"gold_loss":0},{"damage_healed":0,"gold_gain":0,"player_choice":"Obtained Relic","damage_taken":0,"relics_obtained":["Happy Flower"],"max_hp_gain":0,"max_hp_loss":0,"event_name":"Addict","floor":19,"gold_loss":85},{"cards_removed":["Strike_R"],"damage_healed":0,"gold_gain":0,"player_choice":"Offered Basic","damage_taken":0,"max_hp_gain":0,"max_hp_loss":0,"event_name":"Bonfire Elementals","floor":28,"gold_loss":0}],"is_beta":false,"boss_relics":[{"not_picked":["Runic Dome","Tiny House"],"picked":"Coffee Dripper"}],"items_purged_floors":[29],"is_endless":false,"potions_floor_spawned":[1,3,6,10,13,16,18,20,22,24,31],"killed_by":"Champ","ascension_level":20}}