{"host":"i0avyit1s6jb1siw","time":1611222622,"event":{"mods":["BaseMod","DeckTracker","Dota2Spire","Highlight Path","Minty Spire (QoL Compilation)","Quick Restart","StSLib","SuperFastMode"],"gold_per_floor":[112,122,47,47,67,103,103,136,211,261,261,279,279,295,310,310,405,405,430,21,37,37,37,37,72,91,114,137,157,172,193,207,207,303,303,323,338,338,91,109,149,149,182,217,250,281,293,638,677,689,701,713,725,737,306,341,341],"floor_reached":58,"language":"ENG","playtime":1760,"items_purged":["Strike_G","Strike_G","Strike_G+1","Blade Dance+1"],"score":2941,"play_id":"8ae17704-6d91-432d-9efd-b83d2b374847","local_time":"20210121105022","is_ascension_mode":true,"campfire_choices":[{"floor":7.0,"key":"RECALL"},{"floor":13.0,"key":"REST"},{"floor":16.0,"key":"REST"},{"floor":24.0,"key":"REST"},{"floor":33.0,"key":"REST"},{"floor":42.0,"key":"REST"},{"floor":50.0,"key":"REST"},{"floor":54.0,"key":"REST"}],"circlet_count":0,"master_deck":["AscendersBane","Defend_G+1","Defend_G+1","Defend_G+1","Defend_G+1","Defend_G+1","Survivor","Well Laid Plans+1","Predator+1","Bouncing Flask+1","Catalyst+1","Escape Plan+1","Catalyst+1","Malaise+1","Dodge and Roll+1","Sucker Punch+1","Acrobatics+1","Blur+1","Backflip+1","Catalyst+1","PiercingWail+1","Crippling Poison+1","Calculated Gamble+1","Corpse Explosion+1","Cloak And Dagger+1","Tactician+1","Flash of Steel+1","Acrobatics+1","Leg Sweep+1","Mayhem+1","Secret Technique+1","Secret Technique+1","Leg Sweep+1","PiercingWail+1"],"relics":["Fusion Hammer","Molten Egg 2","Toxic Egg 2","Frozen Egg 2","Dota2Spire:DivineRapier","Dota2Spire:PhaseBoots","Letter Opener","Smiling Mask","Dota2Spire:RefresherOrb","PreservedInsect","Chemical X","Dota2Spire:ShivaGuard","Empty Cage","Eternal Feather","MawBank","Dota2Spire:Vanguard","Bag of Preparation","Membership Card","Bottled Lightning","Dota2Spire:ArcaneBoots"],"acts_visited":["Exordium","TheCity","TheBeyond","TheEnding"],"potions_floor_usage":[57],"damage_taken":[{"damage":0.0,"enemies":"2 Louse","floor":1.0,"turns":5.0},{"damage":1.0,"enemies":"Small Slimes","floor":2.0,"turns":5.0},{"damage":4.0,"enemies":"Jaw Worm","floor":5.0,"turns":3.0},{"damage":0.0,"enemies":"Lagavulin","floor":6.0,"turns":5.0},{"damage":11.0,"enemies":"Gremlin Nob","floor":8.0,"turns":3.0},{"damage":11.0,"enemies":"Looter","floor":12.0,"turns":3.0},{"damage":0.0,"enemies":"Large Slime","floor":14.0,"turns":3.0},{"damage":0.0,"enemies":"2 Fungi Beasts","floor":15.0,"turns":2.0},{"damage":24.0,"enemies":"The Guardian","floor":17.0,"turns":5.0},{"damage":0.0,"enemies":"Chosen","floor":19.0,"turns":2.0},{"damage":17.0,"enemies":"Shell Parasite","floor":21.0,"turns":4.0},{"damage":0.0,"enemies":"Slavers","floor":25.0,"turns":2.0},{"damage":0.0,"enemies":"Snake Plant","floor":26.0,"turns":4.0},{"damage":0.0,"enemies":"Sentry and Sphere","floor":28.0,"turns":3.0},{"damage":0.0,"enemies":"Snecko","floor":29.0,"turns":3.0},{"damage":0.0,"enemies":"3 Cultists","floor":30.0,"turns":4.0},{"damage":15.0,"enemies":"Shelled Parasite and Fungi","floor":31.0,"turns":3.0},{"damage":0.0,"enemies":"Chosen and Byrds","floor":32.0,"turns":5.0},{"damage":32.0,"enemies":"Collector","floor":34.0,"turns":5.0},{"damage":0.0,"enemies":"3 Shapes","floor":36.0,"turns":2.0},{"damage":0.0,"enemies":"3 Darklings","floor":37.0,"turns":1.0},{"damage":5.0,"enemies":"Writhing Mass","floor":40.0,"turns":3.0},{"damage":6.0,"enemies":"Giant Head","floor":41.0,"turns":4.0},{"damage":10.0,"enemies":"Reptomancer","floor":43.0,"turns":3.0},{"damage":0.0,"enemies":"4 Shapes","floor":45.0,"turns":2.0},{"damage":0.0,"enemies":"Jaw Worm Horde","floor":46.0,"turns":3.0},{"damage":0.0,"enemies":"Giant Head","floor":49.0,"turns":3.0},{"damage":45.0,"enemies":"Time Eater","floor":51.0,"turns":6.0},{"damage":6.0,"enemies":"Donu and Deca","floor":52.0,"turns":4.0},{"damage":26.0,"enemies":"Shield and Spear","floor":56.0,"turns":4.0},{"damage":32,"enemies":"The Heart","floor":57,"turns":8}],"seed_played":"-735190602495160465","potions_obtained":[{"floor":1.0,"key":"Swift Potion"},{"floor":2.0,"key":"BlessingOfTheForge"},{"floor":6.0,"key":"SpeedPotion"},{"floor":21.0,"key":"Swift Potion"},{"floor":26.0,"key":"LiquidMemories"},{"floor":31.0,"key":"Fire Potion"},{"floor":36.0,"key":"DistilledChaos"},{"floor":49.0,"key":"PowerPotion"}],"is_trial":false,"path_per_floor":["M","M","$","?","M","E","R","E","T","T","?","M","R","M","M","R","B",null,"M","$","M","?","?","R","E","M","T","M","M","M","M","M","R","B",null,"M","M","?","$","M","E","R","E","T","M","M","?","?","E","R","B","B",null,"R","$","E","B",null],"character_chosen":"THE_SILENT","items_purchased":["PreservedInsect","Chemical X","Sucker Punch+1","Tactician+1","Flash of Steel+1","Membership Card","Bottled Lightning","Leg Sweep+1","PiercingWail+1","DuplicationPotion"],"campfire_rested":7,"item_purchase_floors":[20,20,20,39,39,55,55,55,55,55],"current_hp_per_floor":[59,58,58,58,54,54,54,43,43,43,48,37,56,56,56,65,41,59,59,59,42,42,42,61,61,61,61,61,61,61,46,46,65,33,57,57,57,57,57,52,46,65,55,55,55,55,45,45,45,65,20,14,52,65,65,39,7],"gold":341,"neow_bonus":"BOSS_RELIC","is_daily":false,"chose_seed":false,"campfire_upgraded":0,"win_rate":0.0,"timestamp":1611222622,"path_taken":["M","M","$","?","M","E","R","E","T","T","?","M","R","M","M","R","BOSS","M","$","M","?","?","R","E","M","T","M","M","M","M","M","R","BOSS","M","M","?","$","M","E","R","E","T","M","M","?","?","E","R","BOSS","BOSS","R","$","E","BOSS"],"items_purchased_type":["Relic","Relic","Card","Card","Card","Relic","Relic","Card","Card","Potion"],"build_version":"2020-12-22","purchased_purges":4,"victory":true,"max_hp_per_floor":[66,66,66,60,60,60,60,60,60,60,65,65,65,65,65,65,65,65,65,65,65,65,65,65,65,65,65,65,65,65,65,65,65,65,65,65,65,65,65,65,65,65,65,65,65,65,65,65,65,65,65,65,65,65,65,65,65],"card_choices":[{"not_picked":["Skewer+1","Backflip+1"],"picked":"Well Laid Plans+1","floor":1.0},{"not_picked":["Backstab+1","Tactician+1"],"picked":"Predator+1","floor":2.0},{"not_picked":["Dagger Throw+1","Cloak And Dagger+1"],"picked":"Bouncing Flask+1","floor":5.0},{"not_picked":["Terror+1","Escape Plan+1"],"picked":"Catalyst+1","floor":6.0},{"not_picked":["Predator+1","Accuracy+1"],"picked":"Escape Plan+1","floor":8.0},{"not_picked":["Underhanded Strike+1","Venomology+1"],"picked":"Blade Dance+1","floor":12.0},{"not_picked":["Poisoned Stab+1","Escape Plan+1"],"picked":"Catalyst+1","floor":14.0},{"not_picked":["Slice+1","Well Laid Plans+1","Blade Dance+1"],"picked":"SKIP","floor":15.0},{"not_picked":["Bullet Time+1","Unload+1"],"picked":"Malaise+1","floor":17.0},{"not_picked":["Prepared+1","Masterful Stab+1"],"picked":"Dodge and Roll+1","floor":19.0},{"not_picked":["Backflip+1","Underhanded Strike+1"],"picked":"Acrobatics+1","floor":21.0},{"not_picked":["Skewer+1","Quick Slash+1"],"picked":"Blur+1","floor":25.0},{"not_picked":["Blade Dance+1","Dagger Throw+1","Infinite Blades+1"],"picked":"SKIP","floor":26.0},{"not_picked":["Accuracy+1","A Thousand Cuts+1"],"picked":"Backflip+1","floor":28.0},{"not_picked":["Distraction+1","Finisher+1"],"picked":"Catalyst+1","floor":29.0},{"not_picked":["Sucker Punch+1","Bane+1"],"picked":"PiercingWail+1","floor":30.0},{"not_picked":["Dagger Spray+1","PiercingWail+1"],"picked":"Crippling Poison+1","floor":31.0},{"not_picked":["Poisoned Stab+1","Flying Knee+1"],"picked":"Calculated Gamble+1","floor":32.0},{"not_picked":["Grand Finale+1","Bullet Time+1"],"picked":"Corpse Explosion+1","floor":34.0},{"not_picked":["Bane+1","Well Laid Plans+1"],"picked":"Cloak And Dagger+1","floor":36.0},{"not_picked":["Endless Agony+1","Noxious Fumes+1","Quick Slash+1"],"picked":"SKIP","floor":37.0},{"not_picked":["Quick Slash+1","Eviscerate+1","Flying Knee+1"],"picked":"SKIP","floor":40.0},{"not_picked":["Setup+1","Poisoned Stab+1","Noxious Fumes+1"],"picked":"SKIP","floor":41.0},{"not_picked":["Finisher+1","Dodge and Roll+1"],"picked":"Acrobatics+1","floor":43.0},{"not_picked":["Prepared+1","Expertise+1"],"picked":"Leg Sweep+1","floor":45.0},{"not_picked":["Setup+1","Caltrops+1","Underhanded Strike+1"],"picked":"SKIP","floor":46.0},{"not_picked":["Panacea+1","Jack Of All Trades+1"],"picked":"Mayhem+1","floor":47.0},{"not_picked":["Forethought+1","Discovery+1"],"picked":"Secret Technique+1","floor":47.0},{"not_picked":["Panache+1","HandOfGreed+1"],"picked":"Secret Technique+1","floor":47.0},{"not_picked":["All Out Attack+1","Underhanded Strike+1","Quick Slash+1"],"picked":"SKIP","floor":49.0},{"not_picked":["Expertise+1","Distraction+1","Accuracy+1"],"picked":"SKIP","floor":56.0}],"player_experience":2309307,"relics_obtained":[{"floor":6.0,"key":"Dota2Spire:DivineRapier"},{"floor":8.0,"key":"Dota2Spire:PhaseBoots"},{"floor":9.0,"key":"Letter Opener"},{"floor":10.0,"key":"Smiling Mask"},{"floor":25.0,"key":"Dota2Spire:ShivaGuard"},{"floor":41.0,"key":"Eternal Feather"},{"floor":43.0,"key":"MawBank"},{"floor":44.0,"key":"Dota2Spire:Vanguard"},{"floor":49.0,"key":"Bag of Preparation"},{"floor":56.0,"key":"Dota2Spire:ArcaneBoots"}],"event_choices":[{"damage_healed":0.0,"max_hp_gain":0.0,"max_hp_loss":6.0,"gold_gain":0.0,"event_name":"Golden Idol","player_choice":"Lose Max HP","floor":4.0,"gold_loss":0.0,"damage_taken":0.0,"relics_obtained":["Golden Idol"]},{"damage_healed":0.0,"max_hp_gain":5.0,"max_hp_loss":0.0,"gold_gain":0.0,"event_name":"Big Fish","player_choice":"Donut","floor":11.0,"gold_loss":0.0,"damage_taken":0.0},{"damage_healed":0.0,"max_hp_gain":0.0,"max_hp_loss":0.0,"gold_gain":0.0,"event_name":"Back to Basics","player_choice":"Simplicity","floor":22.0,"gold_loss":0.0,"damage_taken":0.0,"cards_upgraded":["Strike_G","Strike_G","Strike_G","Defend_G","Defend_G","Defend_G","Defend_G","Defend_G"]},{"damage_healed":0.0,"max_hp_gain":0.0,"max_hp_loss":0.0,"gold_gain":0.0,"event_name":"The Mausoleum","player_choice":"Ignored","floor":23.0,"gold_loss":0.0,"damage_taken":0.0},{"cards_removed":["Neutralize"],"damage_healed":0.0,"max_hp_gain":0.0,"max_hp_loss":0.0,"gold_gain":0.0,"event_name":"Falling","player_choice":"Removed Attack","floor":38.0,"gold_loss":0.0,"damage_taken":0.0},{"damage_healed":0.0,"max_hp_gain":0.0,"max_hp_loss":0.0,"gold_gain":0.0,"event_name":"SensoryStone","player_choice":"Memory 3","floor":47.0,"gold_loss":0.0,"damage_taken":10.0},{"damage_healed":0.0,"max_hp_gain":0.0,"max_hp_loss":0.0,"gold_gain":333.0,"event_name":"The Moai Head","player_choice":"Gave Idol","floor":48.0,"relics_lost":["Golden Idol"],"gold_loss":0.0,"damage_taken":0.0}],"is_beta":false,"boss_relics":[{"not_picked":["Ectoplasm","Runic Dome"],"picked":"Dota2Spire:RefresherOrb"},{"not_picked":["Velvet Choker","Calling Bell"],"picked":"Empty Cage"}],"items_purged_floors":[3,20,39,55],"is_endless":false,"potions_floor_spawned":[1,2,6,12,21,26,28,31,32,36,41,43,49,56],"ascension_level":20}}