{"host":"eckg3lzugnpjvwsg","time":1611187737,"event":{"mods":["Act Like it!","BaseMod","Better Third Choice","Minty Spire (QoL Compilation)","Replay The Spire","Somnambulant","StSLib"],"gold_per_floor":[114,114,125,143,160,188,188,207,207,207,221,77,77,104,104,202,202,215,215,235,30,44,44,72,84,157,184,184,203,163,363,363,458,458,468,468,124,139,65,100,119,119,119,135,152,177,177,189,189,189],"floor_reached":51,"language":"ENG","playtime":4697,"items_purged":[],"score":959,"play_id":"16de2a7c-e79d-4ab6-9826-13997f8e0a74","local_time":"20210120220857","is_ascension_mode":false,"campfire_choices":[{"data":"Armaments","floor":7.0,"key":"SMITH"},{"data":"Iron Wave","floor":10.0,"key":"SMITH"},{"data":"Flame Barrier","floor":13.0,"key":"SMITH"},{"data":"Metallicize","floor":15.0,"key":"SMITH"},{"data":"ReplayTheSpireMod:Muscle Training","floor":23.0,"key":"SMITH"},{"data":"Demon Form","floor":32,"key":"SMITH"},{"data":"Midas Touch","floor":42,"key":"SMITH"}],"circlet_count":0,"master_deck":["Strike_R+1","Defend_R","Defend_R","Defend_R","Bash","Iron Wave+1","Warcry","Cleave","Armaments+1","Flame Barrier+1","Ghostly Armor+1","Battle Trance","Metallicize+1","Impervious","Replay:Undeath\u0027s Touch+1","Hallucinations","ReplayTheSpireMod:Muscle Training+1","Shrug It Off","Bloodletting","Anger","Body Slam","Anger","Corruption","Seeing Red+1","Entrench","Demon Form+1","Eclipse+1","Midas Touch+1","Flash of Steel","Good Instincts","Shrug It Off","Battle Trance","Pummel+1","Metallicize+1","Disarm+1","Pommel Strike+1","Battle Trance+1","Inflame+1","Dual Wield","Cleave+1"],"relics":["Burning Blood","Bronze Scales","Bottled Flame","Oddly Smooth Stone","StoneCalendar","Replay:Drink Me","ReplayTheSpireMod:Ring of Exchange","Ring of Hypnosis","Whetstone","PreservedInsect","Replay:Bottled Eggs","Iron Hammer","ReplayTheSpireMod:ShopPack","Membership Card","War Paint","Mercury Hourglass","DollysMirror","ReplayTheSpireMod:Lightbulb","Replay:Bottled Snecko","Juzu Bracelet"],"acts_visited":["Exordium","TheCity","TheBeyond"],"potions_floor_usage":[27,27,27,50,50,50],"damage_taken":[{"damage":12.0,"enemies":"Small Slimes","floor":1.0,"turns":6.0},{"damage":2.0,"enemies":"Cultist","floor":3.0,"turns":5.0},{"damage":9.0,"enemies":"2 Louse","floor":4.0,"turns":2.0},{"damage":15.0,"enemies":"Lots of Slimes","floor":5.0,"turns":4.0},{"damage":38.0,"enemies":"Gremlin Nob","floor":6.0,"turns":6.0},{"damage":0.0,"enemies":"Looter","floor":8.0,"turns":4.0},{"damage":0.0,"enemies":"Exordium Wildlife","floor":11.0,"turns":6.0},{"damage":10.0,"enemies":"Lagavulin","floor":14.0,"turns":9.0},{"damage":17.0,"enemies":"The Guardian","floor":16.0,"turns":12.0},{"damage":0.0,"enemies":"Chosen","floor":18.0,"turns":8.0},{"damage":11.0,"enemies":"Spheric Guardian","floor":20.0,"turns":7.0},{"damage":5.0,"enemies":"Snecko","floor":22.0,"turns":7.0},{"damage":49.0,"enemies":"Slavers","floor":24.0,"turns":7.0},{"damage":6.0,"enemies":"Shelled Parasite and Fungi","floor":25.0,"turns":7.0},{"damage":5,"enemies":"Gremlin Leader","floor":27,"turns":5},{"damage":3,"enemies":"Centurion and Healer","floor":29,"turns":5},{"damage":19,"enemies":"Collector","floor":33,"turns":8},{"damage":2,"enemies":"Orb Walker","floor":35,"turns":3},{"damage":4,"enemies":"3 Darklings","floor":38,"turns":4},{"damage":32,"enemies":"Nemesis","floor":40,"turns":7},{"damage":18,"enemies":"Maw","floor":41,"turns":6},{"damage":18,"enemies":"4 Shapes","floor":44,"turns":5},{"damage":6,"enemies":"Transient","floor":45,"turns":5},{"damage":11,"enemies":"Giant Head","floor":46,"turns":5},{"damage":3,"enemies":"3 Darklings","floor":48,"turns":3},{"damage":7,"enemies":"Awakened One","floor":50,"turns":6}],"seed_played":"3865251108492111502","potions_obtained":[{"floor":1.0,"key":"SkillPotion"},{"floor":11.0,"key":"Strength Potion"},{"floor":14.0,"key":"DistilledChaos"},{"floor":20.0,"key":"SpeedPotion"},{"floor":27,"key":"Energy Potion"},{"floor":29,"key":"Explosive Potion"},{"floor":38,"key":"Fire Potion"},{"floor":46,"key":"PowerPotion"},{"floor":49,"key":"CultistPotion"},{"floor":49,"key":"PowerPotion"}],"is_trial":false,"path_per_floor":["M","?","M","M","M","E","R","M","T","R","M","$","R","E","R","B",null,"M","?","M","$","M","R","E","M","T","E","?","M","$","?","R","B",null,"M","?","$","M","$","E","M","R","T","M","M","E","?","M","R","B",null],"character_chosen":"IRONCLAD","items_purchased":["Oddly Smooth Stone","Whetstone","Shrug It Off","Entrench","Membership Card","War Paint","Mercury Hourglass","DollysMirror"],"campfire_rested":0,"item_purchase_floors":[12,21,21,30,37,37,37,39],"current_hp_per_floor":[66,66,70,67,58,26,26,32,32,32,38,38,38,34,34,23,54,54,54,49,49,50,50,22,31,31,32,32,35,35,35,35,22,54,54,54,54,54,54,28,16,16,16,20,20,15,47,47,47,46],"gold":189,"neow_bonus":"RANDOM_COLORLESS_2","is_daily":false,"chose_seed":false,"campfire_upgraded":7,"win_rate":0.0,"timestamp":1611187737,"path_taken":["M","?","?","M","M","E","R","M","T","R","M","$","R","E","R","BOSS","M","?","M","$","M","R","E","M","T","E","?","?","$","?","R","BOSS","M","?","$","M","$","E","M","R","T","M","?","E","?","M","R","BOSS"],"items_purchased_type":["Relic","Relic","Card","Card","Relic","Relic","Relic","Relic"],"build_version":"2020-12-22","purchased_purges":0,"victory":true,"max_hp_per_floor":[72,72,72,72,72,72,72,72,72,72,72,72,72,72,72,72,54,54,54,54,54,54,54,54,54,54,54,54,54,54,54,54,54,54,54,54,54,54,54,54,54,54,54,54,54,54,47,47,47,47],"card_choices":[{"not_picked":["Violence","HandOfGreed"],"picked":"Magnetism","floor":0.0},{"not_picked":["Sword Boomerang","Iron Wave"],"picked":"Shrug It Off","floor":1.0},{"not_picked":["Run Through","Clothesline"],"picked":"Warcry","floor":3.0},{"not_picked":["Replay:Undeath\u0027s Touch","Bludgeon"],"picked":"Cleave","floor":4.0},{"not_picked":["Replay:Undeath\u0027s Touch","Power Through"],"picked":"Armaments","floor":5.0},{"not_picked":["Replay:Undeath\u0027s Touch","True Grit"],"picked":"Flame Barrier","floor":6.0},{"not_picked":["Burning Pact","Fiend Fire"],"picked":"Ghostly Armor","floor":8.0},{"not_picked":["Pummel","Sword Boomerang"],"picked":"Battle Trance","floor":11.0},{"not_picked":["Thunderclap","Combust"],"picked":"Metallicize","floor":14.0},{"not_picked":["Brutality","Corruption"],"picked":"Impervious","floor":16.0},{"not_picked":["Ghostly Armor","True Grit"],"picked":"Replay:Undeath\u0027s Touch","floor":18.0},{"not_picked":["Replay:Undeath\u0027s Touch","Flex+1"],"picked":"ReplayTheSpireMod:Muscle Training","floor":20.0},{"not_picked":["Run Through+1","Heavy Blade+1"],"picked":"Bloodletting","floor":22.0},{"not_picked":["Pommel Strike","Clash"],"picked":"Anger","floor":24.0},{"not_picked":["Headbutt","Fire Breathing"],"picked":"Body Slam","floor":25.0},{"not_picked":["Warcry+1","Replay:Undeath\u0027s Touch"],"picked":"Anger","floor":27},{"not_picked":["Perfected Strike","Sword Boomerang"],"picked":"Seeing Red+1","floor":29},{"not_picked":["Cleave","Shrug It Off"],"picked":"Demon Form","floor":31},{"not_picked":["Demon Form","Replay:Many Hands"],"picked":"Eclipse","floor":33},{"not_picked":["Chrysalis","Thinking Ahead"],"picked":"Midas Touch","floor":34},{"not_picked":["Purity","Replay:Sssssssssstrike"],"picked":"Flash of Steel","floor":34},{"not_picked":["Master of Strategy","Replay:Sssssssssstrike"],"picked":"Good Instincts","floor":34},{"not_picked":["Armaments","Heavy Blade+1"],"picked":"Shrug It Off","floor":35},{"not_picked":["Cleave+1","Feel No Pain"],"picked":"Pummel+1","floor":38},{"not_picked":["Replay:Undeath\u0027s Touch+1","Searing Blow"],"picked":"Disarm+1","floor":40},{"not_picked":["ReplayTheSpireMod:Stacked+1","Clothesline+1"],"picked":"Pommel Strike+1","floor":41},{"not_picked":["Feed","Carnage"],"picked":"Battle Trance+1","floor":44},{"not_picked":["Rampage+1","Armaments"],"picked":"Inflame+1","floor":45},{"not_picked":["Armaments+1","Clash"],"picked":"Dual Wield","floor":46},{"not_picked":["Run Through","Clash+1"],"picked":"Cleave+1","floor":48}],"player_experience":28154,"relics_obtained":[{"floor":6.0,"key":"Bronze Scales"},{"floor":9.0,"key":"Bottled Flame"},{"floor":14.0,"key":"StoneCalendar"},{"floor":19.0,"key":"ReplayTheSpireMod:Ring of Exchange"},{"floor":19.0,"key":"Ring of Hypnosis"},{"floor":24.0,"key":"PreservedInsect"},{"floor":26.0,"key":"Replay:Bottled Eggs"},{"floor":27,"key":"Iron Hammer"},{"floor":40,"key":"ReplayTheSpireMod:Lightbulb"},{"floor":43,"key":"Replay:Bottled Snecko"},{"floor":46,"key":"Juzu Bracelet"}],"event_choices":[{"cards_removed":["Shrug It Off"],"damage_healed":0.0,"max_hp_gain":0.0,"max_hp_loss":0.0,"gold_gain":0.0,"event_name":"NoteForYourself","player_choice":"Took Card","floor":2.0,"gold_loss":0.0,"damage_taken":0.0,"cards_obtained":["Iron Wave"]},{"damage_healed":0,"gold_gain":0,"cards_transformed":["Strike_R"],"player_choice":"Transformed","damage_taken":0,"max_hp_gain":0,"max_hp_loss":0,"event_name":"Transmorgrifier","floor":28,"gold_loss":0,"cards_obtained":["Corruption"]},{"damage_healed":0,"gold_gain":0,"cards_transformed":["Strike_R"],"player_choice":"Transformed","damage_taken":0,"max_hp_gain":0,"max_hp_loss":0,"event_name":"Transmorgrifier","floor":36,"gold_loss":0,"cards_obtained":["Battle Trance"]},{"damage_healed":47,"gold_gain":0,"player_choice":"Heal","damage_taken":0,"max_hp_gain":0,"max_hp_loss":7,"event_name":"The Moai Head","floor":47,"gold_loss":0}],"is_beta":false,"boss_relics":[{"not_picked":["Ectoplasm","Velvet Choker"],"picked":"Replay:Drink Me"},{"not_picked":["Frozen Eye","Runic Cube"],"picked":"ReplayTheSpireMod:ShopPack"}],"items_purged_floors":[],"is_endless":false,"potions_floor_spawned":[1,11,14,20,22,25,27,29,38,40,44,46],"ascension_level":0}}