{"host":"qsusua7l529r8z9k","time":1611225675,"event":{"mods":["BaseMod","Minty Spire (QoL Compilation)","Spicy Shops","StSLib"],"gold_per_floor":[115,115,115,190,208,234,234,261,261,294,57,57,57,77,77,153,153,167,84,84,95,106,106,131,31,31,47,47,47,82,92,92,169,169,187,187,212,487,505,539,551,551,597,623,639,653,688,44,44,44,44],"floor_reached":50,"language":"ZHS","playtime":1365,"items_purged":["Strike_P","ReachHeaven","Regret"],"score":1597,"play_id":"f7fb623c-e255-4005-b61c-28002e613c92","local_time":"20210121184115","is_ascension_mode":true,"campfire_choices":[{"data":"Eruption","floor":7.0,"key":"SMITH"},{"data":"Blasphemy","floor":12.0,"key":"SMITH"},{"data":"SignatureMove","floor":15.0,"key":"SMITH"},{"data":"Ragnarok","floor":23.0,"key":"SMITH"},{"data":"SpiritShield","floor":28.0,"key":"SMITH"},{"floor":32.0,"key":"REST"},{"data":"Omniscience","floor":42.0,"key":"SMITH"},{"floor":49,"key":"REST"}],"circlet_count":0,"master_deck":["AscendersBane","Eruption+1","Vigilance","FlurryOfBlows","BowlingBash","Blasphemy+1","SignatureMove+1","DevaForm+1","Crescendo","Ragnarok+1","Perseverance","SpiritShield+1","Wireheading+1","Fasting2+1","WreathOfFlame+1","Fasting2+1","Omniscience+1","Omniscience","FearNoEvil","ClearTheMind+1","Indignation","Ragnarok","Study+1"],"relics":["PureWater","NeowsBlessing","Frozen Egg 2","Ginger","Bottled Flame","Question Card","Darkstone Periapt","Bag of Marbles","Pandora\u0027s Box","Blue Candle","StoneCalendar","Bronze Scales","Runic Dome","CaptainsWheel","Gremlin Horn","Vajra","Bird Faced Urn","Ornamental Fan","Lantern","Medical Kit"],"acts_visited":["Exordium","TheCity","TheBeyond"],"potions_floor_usage":[],"damage_taken":[{"damage":0.0,"enemies":"Small Slimes","floor":1.0,"turns":1.0},{"damage":0.0,"enemies":"2 Louse","floor":5.0,"turns":1.0},{"damage":0.0,"enemies":"3 Sentries","floor":6.0,"turns":2.0},{"damage":0.0,"enemies":"Lagavulin","floor":8.0,"turns":1.0},{"damage":16.0,"enemies":"Gremlin Nob","floor":10.0,"turns":3.0},{"damage":7.0,"enemies":"Jaw Worm","floor":14.0,"turns":2.0},{"damage":0.0,"enemies":"Slime Boss","floor":16.0,"turns":3.0},{"damage":17.0,"enemies":"2 Thieves","floor":18.0,"turns":2.0},{"damage":0.0,"enemies":"Spheric Guardian","floor":21.0,"turns":2.0},{"damage":0.0,"enemies":"Chosen and Byrds","floor":22.0,"turns":3.0},{"damage":13.0,"enemies":"Book of Stabbing","floor":24.0,"turns":3.0},{"damage":0.0,"enemies":"Snecko","floor":27.0,"turns":2.0},{"damage":18.0,"enemies":"Slavers","floor":30.0,"turns":2.0},{"damage":0.0,"enemies":"Centurion and Healer","floor":31.0,"turns":1.0},{"damage":20.0,"enemies":"Champ","floor":33.0,"turns":3.0},{"damage":10.0,"enemies":"3 Shapes","floor":35.0,"turns":3.0},{"damage":0.0,"enemies":"Mind Bloom Boss Battle","floor":37.0,"turns":2.0},{"damage":0.0,"enemies":"3 Darklings","floor":39.0,"turns":1.0},{"damage":0.0,"enemies":"Reptomancer","floor":40.0,"turns":1.0},{"damage":28.0,"enemies":"Transient","floor":41.0,"turns":6.0},{"damage":6.0,"enemies":"Nemesis","floor":44.0,"turns":3.0},{"damage":16.0,"enemies":"Writhing Mass","floor":45.0,"turns":2.0},{"damage":0.0,"enemies":"3 Darklings","floor":46.0,"turns":1.0},{"damage":0.0,"enemies":"Reptomancer","floor":47.0,"turns":2.0},{"damage":74,"enemies":"Time Eater","floor":50,"turns":3}],"seed_played":"-1479633685832891579","potions_obtained":[{"floor":6.0,"key":"AttackPotion"},{"floor":21.0,"key":"AttackPotion"},{"floor":22.0,"key":"Weak Potion"},{"floor":27.0,"key":"StancePotion"},{"floor":30.0,"key":"FearPotion"},{"floor":33.0,"key":"BlessingOfTheForge"},{"floor":37.0,"key":"SneckoOil"},{"floor":40.0,"key":"GamblersBrew"},{"floor":41.0,"key":"FairyPotion"},{"floor":46.0,"key":"Regen Potion"}],"is_trial":false,"path_per_floor":["M","?","?","?","M","E","R","E","T","E","$","R","$","M","R","B",null,"M","$","?","M","M","R","E","$","T","M","R","?","E","M","R","B",null,"M","?","?","?","M","E","M","R","T","E","M","M","E","$","R","B"],"character_chosen":"WATCHER","items_purchased":["Bag of Marbles","Fasting2+1","Lantern","Medical Kit","Study+1","CultistPotion"],"campfire_rested":2,"item_purchase_floors":[11,19,48,48,48,48],"current_hp_per_floor":[61,16,38,27,27,27,27,27,27,11,11,11,11,4,4,4,52,35,35,35,35,35,35,22,22,22,22,22,22,4,4,24,4,52,42,42,42,48,48,48,20,20,20,14,2,2,9,9,31,0,0],"gold":44,"neow_bonus":"THREE_ENEMY_KILL","is_daily":false,"chose_seed":false,"campfire_upgraded":6,"win_rate":0.0,"timestamp":1611225675,"path_taken":["M","?","?","?","M","E","R","E","T","E","?","R","?","M","R","BOSS","M","?","?","M","M","R","E","$","T","M","R","?","E","M","R","BOSS","M","?","?","?","M","E","M","R","T","E","M","M","E","$","R","BOSS"],"items_purchased_type":["Relic","Card","Relic","Relic","Card","Potion"],"build_version":"2020-12-22","purchased_purges":3,"victory":false,"max_hp_per_floor":[68,68,68,68,68,68,68,68,68,68,68,68,68,68,68,68,68,68,68,68,68,68,68,68,68,68,68,68,68,68,68,68,68,68,68,68,68,74,74,74,74,74,74,74,74,74,74,74,74,74,74],"card_choices":[{"not_picked":["Nirvana","PathToVictory"],"picked":"FlurryOfBlows","floor":1.0},{"not_picked":["ThirdEye","FollowUp"],"picked":"BowlingBash","floor":5.0},{"not_picked":["Evaluate","ReachHeaven"],"picked":"Blasphemy","floor":6.0},{"not_picked":["Consecrate","WindmillStrike","Perseverance"],"picked":"SKIP","floor":8.0},{"not_picked":["Crescendo","LikeWater+1","EmptyMind"],"picked":"SignatureMove","floor":10.0},{"not_picked":["PathToVictory","SashWhip","ThirdEye","Meditate"],"picked":"SKIP","floor":14.0},{"not_picked":["SpiritShield","Brilliance","Ragnarok"],"picked":"DevaForm+1","floor":16.0},{"not_picked":["Swivel","JustLucky","PathToVictory+1"],"picked":"Wireheading+1","floor":18.0},{"not_picked":["Conclude+1","Weave","ThirdEye","ReachHeaven"],"picked":"SKIP","floor":21.0},{"not_picked":["JustLucky+1","Meditate","PathToVictory"],"picked":"WreathOfFlame+1","floor":22.0},{"not_picked":["Protect","JustLucky","DevaForm+1","Prostrate+1"],"picked":"SKIP","floor":24.0},{"not_picked":["Collect","Indignation","WaveOfTheHand"],"picked":"Fasting2+1","floor":27.0},{"not_picked":["WindmillStrike","Swivel","Nirvana+1"],"picked":"Omniscience","floor":30.0},{"not_picked":["Evaluate","Consecrate","Nirvana+1","Prostrate"],"picked":"SKIP","floor":31.0},{"not_picked":["LessonLearned","DeusExMachina","Vault"],"picked":"Omniscience","floor":33.0},{"not_picked":["CutThroughFate","EmptyBody","ThirdEye+1"],"picked":"FearNoEvil","floor":35.0},{"not_picked":["FlurryOfBlows+1","Collect","CutThroughFate"],"picked":"ClearTheMind+1","floor":39.0},{"not_picked":["CutThroughFate+1","FlurryOfBlows","Crescendo","Worship+1"],"picked":"SKIP","floor":40.0},{"not_picked":["Crescendo+1","SashWhip","EmptyFist","CutThroughFate"],"picked":"SKIP","floor":41.0},{"not_picked":["Prostrate+1","Collect","Fasting2+1"],"picked":"Indignation","floor":44.0},{"not_picked":["ThirdEye","MentalFortress+1","Vengeance","Collect"],"picked":"SKIP","floor":45.0},{"not_picked":["CarveReality+1","JustLucky","CrushJoints"],"picked":"Ragnarok","floor":46.0},{"not_picked":["FlyingSleeves+1","EmptyBody","DeceiveReality","Conclude"],"picked":"SKIP","floor":47.0}],"player_experience":418732,"relics_obtained":[{"floor":6.0,"key":"Ginger"},{"floor":8.0,"key":"Bottled Flame"},{"floor":9.0,"key":"Question Card"},{"floor":10.0,"key":"Darkstone Periapt"},{"floor":24.0,"key":"Blue Candle"},{"floor":26.0,"key":"StoneCalendar"},{"floor":30.0,"key":"Bronze Scales"},{"floor":37.0,"key":"CaptainsWheel"},{"floor":40.0,"key":"Gremlin Horn"},{"floor":43.0,"key":"Vajra"},{"floor":44.0,"key":"Bird Faced Urn"},{"floor":47.0,"key":"Ornamental Fan"}],"event_choices":[{"damage_healed":0.0,"max_hp_gain":0.0,"max_hp_loss":0.0,"gold_gain":0.0,"event_name":"Scrap Ooze","player_choice":"Success","floor":2.0,"gold_loss":0.0,"damage_taken":45.0,"relics_obtained":["Frozen Egg 2"]},{"damage_healed":22.0,"max_hp_gain":0.0,"max_hp_loss":0.0,"gold_gain":0.0,"event_name":"Big Fish","player_choice":"Banana","floor":3.0,"gold_loss":0.0,"damage_taken":0.0},{"damage_healed":0.0,"max_hp_gain":0.0,"max_hp_loss":0.0,"gold_gain":75.0,"event_name":"World of Goop","player_choice":"Gather Gold","floor":4.0,"gold_loss":0.0,"damage_taken":11.0},{"damage_healed":0.0,"max_hp_gain":0.0,"max_hp_loss":0.0,"gold_gain":0.0,"event_name":"Vampires","player_choice":"Ignored","floor":20.0,"gold_loss":0.0,"damage_taken":0.0},{"cards_removed":["WindmillStrike"],"damage_healed":0.0,"max_hp_gain":0.0,"max_hp_loss":0.0,"gold_gain":0.0,"event_name":"Back to Basics","player_choice":"Elegance","floor":29.0,"gold_loss":0.0,"damage_taken":0.0},{"cards_removed":["ReachHeaven"],"damage_healed":0.0,"max_hp_gain":0.0,"max_hp_loss":0.0,"gold_gain":0.0,"event_name":"Falling","player_choice":"Removed Attack","floor":36.0,"gold_loss":0.0,"damage_taken":0.0},{"damage_healed":0.0,"max_hp_gain":0.0,"max_hp_loss":0.0,"gold_gain":0.0,"event_name":"MindBloom","player_choice":"Fight","floor":37.0,"gold_loss":0.0,"damage_taken":0.0},{"damage_healed":0.0,"max_hp_gain":0.0,"max_hp_loss":0.0,"gold_gain":275.0,"event_name":"Golden Shrine","player_choice":"Desecrate","floor":38.0,"gold_loss":0.0,"damage_taken":0.0,"cards_obtained":["Regret"]}],"is_beta":false,"boss_relics":[{"not_picked":["Ectoplasm","Runic Pyramid"],"picked":"Pandora\u0027s Box"},{"not_picked":["Fusion Hammer","SlaversCollar"],"picked":"Runic Dome"}],"items_purged_floors":[11,25,48],"is_endless":false,"potions_floor_spawned":[6,21,22,27,30,33,35,37,40,41,46],"killed_by":"Time Eater","ascension_level":20}}