{"host":"z4nt7tdd4gjrinn7","time":1611190778,"event":{"mods":["100% Spire Juice","BaseMod","Minty Spire (QoL Compilation)","StSLib"],"gold_per_floor":[119,119,119,119,134,134,149,149,221,221,252,252,252,282,282,408,408,427,427,446,446,461,461,487,503,503,523,333,333,6,20,20,20,20],"floor_reached":33,"language":"ENG","playtime":3057,"items_purged":[],"score":268,"play_id":"ec5f8883-c9ce-4c39-a873-8ff0e270e96d","local_time":"20210120195938","is_ascension_mode":false,"campfire_choices":[{"floor":6,"key":"REST"},{"data":"Gash","floor":8,"key":"SMITH"},{"floor":12,"key":"REST"},{"data":"Fusion","floor":15,"key":"SMITH"},{"floor":23,"key":"REST"},{"floor":32,"key":"REST"}],"circlet_count":0,"master_deck":["Strike_B","Strike_B","Strike_B","Strike_B","Defend_B","Defend_B","Defend_B+1","Defend_B+1","Zap","Dualcast","Aggregate+1","Darkness","Gash+1","Fusion+1","Electrodynamics","Conserve Battery","Compile Driver","Go for the Eyes+1","Beam Cell","Force Field","Storm","Blizzard","Gash","Coolheaded+1"],"relics":["Cracked Core","Potion Belt","Bloody Idol","Pear","Tiny Chest","Snecko Eye","Art of War","War Paint","Sling","The Courier","Nunchaku"],"acts_visited":["Exordium","TheCity"],"potions_floor_usage":[11,11,16,27,27,31,33,33],"damage_taken":[{"damage":1,"enemies":"Cultist","floor":1,"turns":4},{"damage":2,"enemies":"2 Louse","floor":5,"turns":3},{"damage":0,"enemies":"Small Slimes","floor":7,"turns":3},{"damage":12,"enemies":"Gremlin Nob","floor":11,"turns":4},{"damage":84,"enemies":"Slime Boss","floor":16,"turns":14},{"damage":47,"enemies":"Shell Parasite","floor":18,"turns":7},{"damage":14,"enemies":"Chosen","floor":20,"turns":6},{"damage":11,"enemies":"Centurion and Healer","floor":22,"turns":7},{"damage":28,"enemies":"Cultist and Chosen","floor":25,"turns":5},{"damage":31,"enemies":"Snake Plant","floor":27,"turns":4},{"damage":5,"enemies":"Centurion and Healer","floor":31,"turns":8},{"damage":67,"enemies":"Collector","floor":33,"turns":9}],"seed_played":"4158780614208928792","potions_obtained":[{"floor":1,"key":"Block Potion"},{"floor":5,"key":"Explosive Potion"},{"floor":7,"key":"Dexterity Potion"},{"floor":20,"key":"FocusPotion"},{"floor":25,"key":"FocusPotion"}],"is_trial":false,"path_per_floor":["M","$","?","?","M","R","M","R","T","?","E","R","$","?","R","B",null,"M","?","M","?","M","R","T","M","T","M","$","?","$","M","R","B"],"character_chosen":"DEFECT","items_purchased":["Sling","Storm","LiquidBronze","Swift Potion","PowerPotion","Blizzard","Gash","Nunchaku"],"campfire_rested":4,"item_purchase_floors":[28,28,30,30,30,30,30,30],"current_hp_per_floor":[74,74,79,59,57,80,80,80,90,90,78,90,90,90,90,6,90,43,73,59,59,53,80,85,62,62,36,36,36,36,36,63,0,0],"gold":20,"neow_bonus":"RANDOM_COMMON_RELIC","is_daily":false,"chose_seed":false,"campfire_upgraded":2,"win_rate":0.0,"timestamp":1611190778,"path_taken":["M","?","?","?","?","R","M","R","T","?","E","R","$","?","R","BOSS","M","?","M","?","M","R","?","M","T","?","$","?","$","M","R","BOSS"],"items_purchased_type":["Relic","Card","Potion","Potion","Potion","Card","Card","Relic"],"build_version":"2020-12-22","purchased_purges":0,"victory":false,"max_hp_per_floor":[75,75,80,80,80,80,80,80,90,90,90,90,90,90,90,90,90,90,90,90,90,90,90,90,90,90,90,90,90,90,90,90,90,90],"card_choices":[{"not_picked":["Self Repair","Skim"],"picked":"Aggregate","floor":1},{"not_picked":["Scrape","Redo"],"picked":"Darkness","floor":5},{"not_picked":["Cold Snap","Coolheaded"],"picked":"Gash","floor":7},{"not_picked":["Hologram","Redo"],"picked":"Fusion","floor":11},{"not_picked":["Creative AI","Biased Cognition"],"picked":"Electrodynamics","floor":16},{"not_picked":["White Noise","Cold Snap"],"picked":"Conserve Battery","floor":18},{"not_picked":["Go for the Eyes","Double Energy"],"picked":"Compile Driver","floor":20},{"not_picked":["Conserve Battery","Leap"],"picked":"Go for the Eyes+1","floor":22},{"not_picked":["Hologram","Conserve Battery"],"picked":"Beam Cell","floor":25},{"not_picked":["Amplify","Steam"],"picked":"Force Field","floor":27},{"not_picked":["Conserve Battery","Streamline+1"],"picked":"Coolheaded+1","floor":31}],"player_experience":134106,"relics_obtained":[{"floor":9,"key":"Pear"},{"floor":11,"key":"Tiny Chest"},{"floor":24,"key":"Art of War"},{"floor":26,"key":"War Paint"}],"event_choices":[{"damage_healed":0,"gold_gain":0,"player_choice":"Donut","damage_taken":0,"max_hp_gain":5,"max_hp_loss":0,"event_name":"Big Fish","floor":3,"gold_loss":0},{"damage_healed":0,"gold_gain":0,"player_choice":"Take Damage","damage_taken":20,"relics_obtained":["Golden Idol"],"max_hp_gain":0,"max_hp_loss":0,"event_name":"Golden Idol","floor":4,"gold_loss":0},{"damage_healed":0,"gold_gain":0,"player_choice":"Grow","damage_taken":0,"max_hp_gain":0,"max_hp_loss":0,"event_name":"Living Wall","floor":10,"gold_loss":0,"cards_upgraded":["Aggregate"]},{"damage_healed":0,"gold_gain":30,"player_choice":"Searched \u00271\u0027 times","damage_taken":0,"max_hp_gain":0,"max_hp_loss":0,"event_name":"Dead Adventurer","floor":14,"gold_loss":0},{"damage_healed":30,"gold_gain":0,"player_choice":"Heal","damage_taken":0,"max_hp_gain":0,"max_hp_loss":0,"event_name":"The Library","floor":19,"gold_loss":0},{"damage_healed":0,"gold_gain":0,"player_choice":"Gave Idol","damage_taken":0,"relics_obtained":["Bloody Idol"],"max_hp_gain":0,"max_hp_loss":0,"event_name":"Forgotten Altar","floor":21,"relics_lost":["Golden Idol"],"gold_loss":0},{"damage_healed":0,"gold_gain":0,"player_choice":"Opened","damage_taken":0,"relics_obtained":["The Courier"],"max_hp_gain":0,"max_hp_loss":0,"event_name":"The Mausoleum","floor":29,"gold_loss":0}],"is_beta":false,"boss_relics":[{"not_picked":["Empty Cage","Runic Dome"],"picked":"Snecko Eye"}],"items_purged_floors":[],"is_endless":false,"potions_floor_spawned":[1,5,7,20,25],"killed_by":"Collector","ascension_level":0}}