{"host":"e1d4pmcf31bpmsqo","time":1611223055,"event":{"mods":["BaseMod","Better Note","Better Third Choice","Colored Powertips","Disable Question Mark Monsters","Minty Spire (QoL Compilation)","Relic Stats","StSLib"],"gold_per_floor":[111,27,39,39,39,75,75,91,91,5,43,56,75,100,100,189,189,210,210,210,235,253,286,286,286,286,45,68,109,132,163,163,259,259,283,283,341,356,372,372,412,431,458,458,493,517,517,263,263,263,263,263,263,59,100,100,100],"floor_reached":56,"language":"ENG","playtime":3576,"items_purged":["Doubt","Shame"],"score":2025,"play_id":"9718a1ad-414c-4887-835a-b60eb4488283","local_time":"20210121205735","is_ascension_mode":true,"campfire_choices":[{"floor":7.0,"key":"REST"},{"data":"True Grit","floor":15.0,"key":"SMITH"},{"data":"Bludgeon","floor":25,"key":"SMITH"},{"floor":32,"key":"REST"},{"data":"Demon Form","floor":40,"key":"SMITH"},{"floor":44,"key":"RECALL"},{"data":"Shockwave","floor":47,"key":"SMITH"},{"data":"Pommel Strike","floor":49,"key":"SMITH"},{"data":"Bash","floor":53,"key":"SMITH"}],"circlet_count":0,"master_deck":["AscendersBane","Strike_R","Strike_R","Strike_R","Strike_R","Strike_R","Defend_R","Defend_R","Defend_R","Defend_R","Bash+1","Cleave","Inflame","Sword Boomerang","Spot Weakness","True Grit+1","Pommel Strike+1","Bludgeon+1","Bludgeon","Corruption","Burning Pact","Shrug It Off","Injury","Reaper","Shockwave+1","Writhe","Demon Form+1","Power Through","Clumsy","Sentinel","Second Wind","Flame Barrier","Havoc","Headbutt"],"relics":["Snecko Eye","Golden Idol","Darkstone Periapt","FossilizedHelix","StoneCalendar","Matryoshka","Cursed Key","Ice Cream","Eternal Feather","Bronze Scales","PreservedInsect","Anchor","Strawberry","Happy Flower","Centennial Puzzle","Sundial","Coffee Dripper","Gambling Chip","Regal Pillow","Paper Frog","Strange Spoon","Self Forming Clay"],"acts_visited":["Exordium","TheCity","TheBeyond","TheEnding"],"potions_floor_usage":[23,23,23,23,46,51,56,56],"damage_taken":[{"damage":0.0,"enemies":"Cultist","floor":1.0,"turns":2.0},{"damage":2.0,"enemies":"Jaw Worm","floor":3.0,"turns":2.0},{"damage":40.0,"enemies":"3 Sentries","floor":6.0,"turns":7.0},{"damage":0.0,"enemies":"2 Louse","floor":8.0,"turns":2.0},{"damage":0.0,"enemies":"Gremlin Nob","floor":11.0,"turns":3.0},{"damage":0.0,"enemies":"Large Slime","floor":12.0,"turns":5.0},{"damage":0.0,"enemies":"Red Slaver","floor":13.0,"turns":3.0},{"damage":12.0,"enemies":"2 Fungi Beasts","floor":14.0,"turns":4.0},{"damage":8.0,"enemies":"The Guardian","floor":16.0,"turns":8.0},{"damage":0.0,"enemies":"2 Thieves","floor":18.0,"turns":2.0},{"damage":0.0,"enemies":"Shell Parasite","floor":21.0,"turns":2.0},{"damage":0.0,"enemies":"Chosen and Byrds","floor":22.0,"turns":3.0},{"damage":23,"enemies":"Slavers","floor":23,"turns":3},{"damage":0,"enemies":"Snake Plant","floor":28,"turns":2},{"damage":22,"enemies":"Gremlin Leader","floor":29,"turns":4},{"damage":35,"enemies":"Slavers","floor":31,"turns":4},{"damage":17,"enemies":"Automaton","floor":33,"turns":6},{"damage":0,"enemies":"Orb Walker","floor":35,"turns":2},{"damage":25,"enemies":"2 Orb Walkers","floor":37,"turns":3},{"damage":7,"enemies":"3 Darklings","floor":38,"turns":3},{"damage":23,"enemies":"Maw","floor":39,"turns":5},{"damage":0,"enemies":"Giant Head","floor":41,"turns":4},{"damage":0,"enemies":"Jaw Worm Horde","floor":42,"turns":3},{"damage":22,"enemies":"Nemesis","floor":45,"turns":5},{"damage":27,"enemies":"4 Shapes","floor":46,"turns":3},{"damage":73,"enemies":"Time Eater","floor":50,"turns":10},{"damage":71,"enemies":"Donu and Deca","floor":51,"turns":7},{"damage":20,"enemies":"Shield and Spear","floor":55,"turns":3},{"damage":116,"enemies":"The Heart","floor":56,"turns":6}],"seed_played":"4389052568675602419","potions_obtained":[{"floor":1.0,"key":"Dexterity Potion"},{"floor":11.0,"key":"Ancient Potion"},{"floor":13.0,"key":"ElixirPotion"},{"floor":14.0,"key":"DistilledChaos"},{"floor":18.0,"key":"Swift Potion"},{"floor":21.0,"key":"EntropicBrew"},{"floor":22.0,"key":"ColorlessPotion"},{"floor":35,"key":"BloodPotion"},{"floor":38,"key":"AttackPotion"},{"floor":39,"key":"DuplicationPotion"},{"floor":46,"key":"SteroidPotion"},{"floor":55,"key":"Energy Potion"}],"is_trial":false,"path_per_floor":["M","$","M","?","T","E","R","M","T","$","E","M","M","M","R","B",null,"M","?","?","M","M","E","?","R","T","$","M","E","T","E","R","B",null,"M","?","?","M","M","R","E","M","T","R","E","M","R","$","R","B","B",null,"R","$","E","B"],"character_chosen":"IRONCLAD","items_purchased":["Inflame","DistilledChaos","Anchor","Strange Spoon","Flame Barrier","Havoc","AttackPotion"],"campfire_rested":2,"item_purchase_floors":[2,10,27,48,48,54,54],"current_hp_per_floor":[68,68,66,66,66,26,46,46,46,46,46,46,46,34,34,26,58,58,58,58,58,58,35,41,53,59,59,59,44,50,15,54,37,79,79,99,83,99,89,99,99,99,105,105,105,105,105,105,105,71,79,99,105,105,105,0,0],"gold":100,"neow_bonus":"BOSS_RELIC","is_daily":false,"chose_seed":false,"campfire_upgraded":6,"win_rate":0.0,"timestamp":1611223055,"path_taken":["M","$","?","?","?","E","R","M","T","?","E","M","M","M","R","BOSS","M","?","?","M","?","E","?","R","T","$","M","E","?","E","R","BOSS","M","?","?","?","M","R","E","?","T","R","E","M","R","$","R","BOSS","BOSS","R","$","E","BOSS"],"items_purchased_type":["Card","Potion","Relic","Relic","Card","Card","Potion"],"build_version":"2020-12-22","purchased_purges":2,"victory":false,"max_hp_per_floor":[75,75,75,68,68,68,68,68,68,68,68,68,68,68,68,68,68,68,68,68,68,68,68,74,74,80,80,80,87,93,93,93,93,93,93,99,99,99,99,99,99,99,105,105,105,105,105,105,105,105,105,105,105,105,105,105,105],"relic_stats":{"Darkstone Periapt":30,"Regal Pillow":0,"Happy Flower":[21],"counters":[29,116],"Golden Idol":198,"Self Forming Clay":[27],"StoneCalendar":[84],"Eternal Feather":40,"PreservedInsect":344,"Cursed Key":3,"Strange Spoon":[32],"Centennial Puzzle":[33],"Sundial":[10],"Bronze Scales":[262],"Gambling Chip":[46],"Snecko Eye":[203,222,216,198],"obtain_stats":[{"Darkstone Periapt":5,"Ice Cream":23,"Regal Pillow":41,"Happy Flower":30,"Golden Idol":4,"Self Forming Clay":55,"StoneCalendar":9,"Eternal Feather":24,"PreservedInsect":26,"Cursed Key":17,"Burning Blood":0,"Strange Spoon":48,"Anchor":27,"Centennial Puzzle":30,"Matryoshka":11,"Sundial":31,"Bronze Scales":26,"Strawberry":29,"Gambling Chip":37,"Snecko Eye":0,"Coffee Dripper":34,"FossilizedHelix":6,"Paper Frog":45},{"Darkstone Periapt":2,"Ice Cream":13,"Regal Pillow":22,"Happy Flower":15,"Golden Idol":2,"Self Forming Clay":28,"StoneCalendar":4,"Eternal Feather":13,"PreservedInsect":13,"Cursed Key":9,"Burning Blood":0,"Strange Spoon":25,"Anchor":13,"Centennial Puzzle":15,"Matryoshka":5,"Sundial":16,"Bronze Scales":13,"Strawberry":15,"Gambling Chip":19,"Snecko Eye":0,"Coffee Dripper":17,"FossilizedHelix":3,"Paper Frog":24},{"Darkstone Periapt":4,"Ice Cream":46,"Regal Pillow":79,"Happy Flower":52,"Golden Idol":4,"Self Forming Clay":110,"StoneCalendar":13,"Eternal Feather":46,"PreservedInsect":46,"Cursed Key":36,"Burning Blood":0,"Strange Spoon":90,"Anchor":46,"Centennial Puzzle":52,"Matryoshka":16,"Sundial":56,"Bronze Scales":46,"Strawberry":52,"Gambling Chip":67,"Snecko Eye":0,"Coffee Dripper":62,"FossilizedHelix":11,"Paper Frog":87}]},"card_choices":[{"not_picked":["Ghostly Armor","Second Wind"],"picked":"Cleave","floor":1.0},{"not_picked":["Perfected Strike","Flex"],"picked":"Sword Boomerang","floor":3.0},{"not_picked":["Armaments","Power Through","Body Slam"],"picked":"SKIP","floor":6.0},{"not_picked":["Inflame","Evolve","Iron Wave"],"picked":"SKIP","floor":8.0},{"not_picked":["Entrench","Thunderclap","Wild Strike"],"picked":"SKIP","floor":11.0},{"not_picked":["Sentinel","Clash"],"picked":"Spot Weakness","floor":12.0},{"not_picked":["Feel No Pain","Anger"],"picked":"True Grit","floor":13.0},{"not_picked":["True Grit","Spot Weakness"],"picked":"Pommel Strike","floor":14.0},{"not_picked":["Brutality","Barricade"],"picked":"Bludgeon","floor":16.0},{"not_picked":["Metallicize","Rampage","Heavy Blade"],"picked":"SKIP","floor":18.0},{"not_picked":["Perfected Strike","Armaments","Entrench"],"picked":"SKIP","floor":21.0},{"not_picked":["Wild Strike","Perfected Strike","Cleave"],"picked":"SKIP","floor":22.0},{"not_picked":["Shrug It Off","Carnage"],"picked":"Corruption","floor":23},{"not_picked":["Warcry","Flex"],"picked":"Burning Pact","floor":28},{"not_picked":["Heavy Blade","Pommel Strike"],"picked":"Shrug It Off","floor":29},{"not_picked":["Juggernaut","Wild Strike","Sever Soul"],"picked":"SKIP","floor":31},{"not_picked":["Fiend Fire","Limit Break"],"picked":"Reaper","floor":33},{"not_picked":["Thunderclap","Pommel Strike+1"],"picked":"Shockwave","floor":35},{"not_picked":["Clash","Combust"],"picked":"Demon Form","floor":38},{"not_picked":["Hemokinesis","Clash","Dropkick"],"picked":"SKIP","floor":39},{"not_picked":["Hemokinesis","Clash","Dropkick"],"picked":"SKIP","floor":39},{"not_picked":["Pummel","Metallicize","Rampage+1"],"picked":"SKIP","floor":41},{"not_picked":["Pummel","Metallicize","Rampage+1"],"picked":"SKIP","floor":41},{"not_picked":["Thunderclap","Clash"],"picked":"Power Through","floor":42},{"not_picked":["Feed","Combust"],"picked":"Sentinel","floor":45},{"not_picked":["Flex","Body Slam"],"picked":"Second Wind","floor":46},{"not_picked":["Perfected Strike+1","Intimidate+1"],"picked":"Headbutt","floor":55}],"player_experience":1044592,"relics_obtained":[{"floor":5.0,"key":"Darkstone Periapt"},{"floor":6.0,"key":"FossilizedHelix"},{"floor":9.0,"key":"StoneCalendar"},{"floor":11.0,"key":"Matryoshka"},{"floor":23,"key":"Ice Cream"},{"floor":26,"key":"Bronze Scales"},{"floor":26,"key":"PreservedInsect"},{"floor":29,"key":"Strawberry"},{"floor":30,"key":"Happy Flower"},{"floor":30,"key":"Centennial Puzzle"},{"floor":31,"key":"Sundial"},{"floor":37,"key":"Gambling Chip"},{"floor":41,"key":"Regal Pillow"},{"floor":45,"key":"Paper Frog"},{"floor":55,"key":"Self Forming Clay"}],"event_choices":[{"damage_healed":0.0,"max_hp_gain":0.0,"max_hp_loss":7.0,"gold_gain":0.0,"event_name":"Golden Idol","player_choice":"Lose Max HP","floor":4.0,"gold_loss":0.0,"damage_taken":0.0,"relics_obtained":["Golden Idol"]},{"damage_healed":0.0,"max_hp_gain":0.0,"max_hp_loss":0.0,"gold_gain":0.0,"event_name":"Vampires","player_choice":"Ignored","floor":19.0,"gold_loss":0.0,"damage_taken":0.0},{"damage_healed":0.0,"max_hp_gain":0.0,"max_hp_loss":0.0,"gold_gain":0.0,"event_name":"Duplicator","player_choice":"Copied","floor":20.0,"gold_loss":0.0,"damage_taken":0.0,"cards_obtained":["Bludgeon"]},{"damage_healed":0,"gold_gain":0,"player_choice":"Stole Relic","damage_taken":0,"relics_obtained":["Eternal Feather"],"max_hp_gain":0,"max_hp_loss":0,"event_name":"Addict","floor":24,"gold_loss":0,"cards_obtained":["Shame"]},{"damage_healed":19,"gold_gain":0,"player_choice":"Writhe","damage_taken":0,"max_hp_gain":0,"max_hp_loss":0,"event_name":"Winding Halls","floor":36,"gold_loss":0,"cards_obtained":["Writhe"]},{"damage_healed":0,"gold_gain":0,"player_choice":"Fight","damage_taken":0,"max_hp_gain":0,"max_hp_loss":0,"event_name":"Mysterious Sphere","floor":37,"gold_loss":0}],"is_beta":false,"boss_relics":[{"not_picked":["Runic Dome","Black Star"],"picked":"Cursed Key"},{"not_picked":["Sozu","Philosopher\u0027s Stone"],"picked":"Coffee Dripper"}],"items_purged_floors":[27,54],"is_endless":false,"potions_floor_spawned":[1,11,13,14,18,21,22,35,38,39,46,55],"killed_by":"The Heart","ascension_level":20}}