{"host":"qhhcmep1unj6mpf7","time":1611207430,"event":{"mods":["2.2 Compatiblity","AchievementEnabler","BaseMod","Colored Map","DeckTracker","Highlight Path","Keyboard Shortcuts","Minty Spire (QoL Compilation)","Permanent Neow","Quick Restart","Random Character Button","StSLib","SuperFastMode","everything is the same but u backflip on backflip"],"gold_per_floor":[111,122,133,58,58,58,74,74,74,99,116,76,101,113,113,216,216,232,242,60,60,60,60,60,88,157,157,172,185,185,198,198,303,303,321,321,334,345,116,116,130,148,220,220,220,248,263,263,263],"floor_reached":48,"language":"KOR","playtime":2608,"items_purged":["Strike_B","Strike_B"],"score":573,"play_id":"b64e4915-303c-428e-8166-829b136ff14e","local_time":"20210121143710","is_ascension_mode":true,"campfire_choices":[{"data":"Defragment","floor":6.0,"key":"SMITH"},{"data":"Echo Form","floor":8.0,"key":"SMITH"},{"data":"Coolheaded","floor":15.0,"key":"SMITH"},{"data":"Blizzard","floor":23.0,"key":"SMITH"},{"data":"Hologram","floor":27.0,"key":"SMITH"},{"data":"Consume","floor":32.0,"key":"SMITH"},{"floor":40.0,"key":"RECALL"},{"data":"Blizzard","floor":45.0,"key":"SMITH"}],"circlet_count":0,"master_deck":["Strike_B","Defend_B","Defend_B+1","Defend_B","Zap+1","Dualcast","Defragment+1","Coolheaded+1","Coolheaded","Defragment","Lockon","Echo Form+1","Blizzard+1","Consume+1","Self Repair","Hologram+1","Finesse","Glacier","Glacier","Blizzard+1","Skim","Undo","Blizzard+1","Fusion"],"relics":["Cracked Core","Prayer Wheel","Ice Cream","Bottled Tornado","Regal Pillow","Inserter","Tiny Chest","Boot","Question Card","Black Star","Blue Candle","Medical Kit","Pantograph","War Paint"],"acts_visited":["Exordium","TheCity","TheBeyond"],"potions_floor_usage":[48,48],"damage_taken":[{"damage":1.0,"enemies":"Jaw Worm","floor":1.0,"turns":4.0},{"damage":1.0,"enemies":"Cultist","floor":2.0,"turns":3.0},{"damage":0.0,"enemies":"2 Louse","floor":3.0,"turns":3.0},{"damage":3.0,"enemies":"2 Fungi Beasts","floor":7.0,"turns":3.0},{"damage":6.0,"enemies":"Gremlin Nob","floor":10.0,"turns":4.0},{"damage":14.0,"enemies":"Gremlin Gang","floor":11.0,"turns":7.0},{"damage":17.0,"enemies":"3 Sentries","floor":13.0,"turns":10.0},{"damage":3.0,"enemies":"Looter","floor":14.0,"turns":3.0},{"damage":17.0,"enemies":"The Guardian","floor":16.0,"turns":14.0},{"damage":10.0,"enemies":"Chosen","floor":18.0,"turns":9.0},{"damage":0.0,"enemies":"Spheric Guardian","floor":19.0,"turns":7.0},{"damage":12.0,"enemies":"Book of Stabbing","floor":25.0,"turns":9.0},{"damage":18.0,"enemies":"Cultist and Chosen","floor":28.0,"turns":10.0},{"damage":28.0,"enemies":"Shelled Parasite and Fungi","floor":29.0,"turns":8.0},{"damage":30.0,"enemies":"Centurion and Healer","floor":31.0,"turns":9.0},{"damage":0.0,"enemies":"Automaton","floor":33.0,"turns":11.0},{"damage":17.0,"enemies":"3 Darklings","floor":35.0,"turns":11.0},{"damage":27.0,"enemies":"3 Shapes","floor":37.0,"turns":6.0},{"damage":18.0,"enemies":"Sphere and 2 Shapes","floor":38.0,"turns":10.0},{"damage":22.0,"enemies":"Maw","floor":41.0,"turns":14.0},{"damage":10.0,"enemies":"3 Darklings","floor":42.0,"turns":8.0},{"damage":0.0,"enemies":"Writhing Mass","floor":44.0,"turns":1.0},{"damage":17.0,"enemies":"Nemesis","floor":46.0,"turns":11.0},{"damage":16.0,"enemies":"Spire Growth","floor":47.0,"turns":8.0},{"damage":57,"enemies":"Reptomancer","floor":48,"turns":5}],"seed_played":"-7832292791584572286","potions_obtained":[{"floor":2.0,"key":"SpeedPotion"},{"floor":13.0,"key":"Dexterity Potion"},{"floor":14.0,"key":"ColorlessPotion"},{"floor":25.0,"key":"SmokeBomb"},{"floor":28.0,"key":"SkillPotion"},{"floor":35.0,"key":"Block Potion"},{"floor":41.0,"key":"BlessingOfTheForge"}],"is_trial":false,"path_per_floor":["M","M","M","$","?","R","M","R","T","E","M","$","E","M","R","B",null,"M","M","$","T","?","R","?","E","T","R","M","M","?","M","R","B",null,"M","T","M","M","$","R","M","M","T","M","R","E","M","E"],"character_chosen":"DEFECT","items_purchased":["Self Repair","Finesse","Undo","Medical Kit"],"campfire_rested":0,"item_purchase_floors":[12,20,39,39],"current_hp_per_floor":[53,52,52,52,52,52,49,49,49,43,29,29,26,30,30,20,75,75,75,75,75,75,75,75,70,70,70,66,52,52,36,36,36,75,72,72,59,55,55,55,47,51,51,51,51,48,46,0,0],"gold":263,"neow_bonus":"ONE_RARE_RELIC","is_daily":false,"chose_seed":false,"campfire_upgraded":7,"win_rate":0.0,"timestamp":1611207430,"path_taken":["M","M","M","$","?","R","?","R","T","E","M","?","E","M","R","BOSS","M","M","$","?","?","R","?","E","T","R","M","M","?","M","R","BOSS","M","?","?","M","$","R","M","M","T","M","R","E","M","E"],"items_purchased_type":["Card","Card","Card","Relic"],"build_version":"2020-12-22","purchased_purges":2,"victory":false,"max_hp_per_floor":[75,75,75,75,75,75,75,75,75,75,75,75,75,75,75,75,75,75,75,75,75,75,75,75,75,75,75,75,75,75,75,75,75,75,75,75,75,75,75,75,75,75,75,75,75,75,75,75,75],"card_choices":[{"not_picked":["Heatsinks","Ball Lightning"],"picked":"Defragment","floor":1.0},{"not_picked":["Gash","White Noise","Redo"],"picked":"SKIP","floor":1.0},{"not_picked":["Gash","White Noise","Redo"],"picked":"SKIP","floor":1.0},{"not_picked":["Gash","Sweeping Beam"],"picked":"Coolheaded","floor":2.0},{"not_picked":["Beam Cell","Static Discharge"],"picked":"Coolheaded","floor":2.0},{"not_picked":["Sunder","Genetic Algorithm"],"picked":"Defragment","floor":3.0},{"not_picked":["Conserve Battery","Chaos"],"picked":"Lockon","floor":3.0},{"not_picked":["Go for the Eyes","Leap"],"picked":"Echo Form","floor":7.0},{"not_picked":["Ball Lightning","Coolheaded"],"picked":"Blizzard","floor":7.0},{"not_picked":["Defragment","Hologram"],"picked":"Consume","floor":10.0},{"not_picked":["Redo","Streamline","Turbo"],"picked":"SKIP","floor":11.0},{"not_picked":["Chaos","Turbo","Genetic Algorithm"],"picked":"SKIP","floor":11.0},{"not_picked":["Consume","Biased Cognition","Ball Lightning"],"picked":"SKIP","floor":13.0},{"not_picked":["Go for the Eyes","Force Field","Reprogram"],"picked":"SKIP","floor":14.0},{"not_picked":["Ball Lightning","Steam","Coolheaded"],"picked":"SKIP","floor":14.0},{"not_picked":["Leap","Streamline","Recycle+1"],"picked":"SKIP","floor":18.0},{"not_picked":["Redo","Scrape","Ball Lightning"],"picked":"SKIP","floor":18.0},{"not_picked":["Redo+1","Lockon+1"],"picked":"Hologram","floor":19.0},{"not_picked":["Conserve Battery","Leap+1","Steam"],"picked":"SKIP","floor":19.0},{"not_picked":["Cold Snap","Barrage","Genetic Algorithm"],"picked":"SKIP","floor":25.0},{"not_picked":["Genetic Algorithm","Steam Power","Hello World+1"],"picked":"Glacier","floor":28.0},{"not_picked":["All For One","Aggregate+1","Rebound"],"picked":"Blizzard","floor":28.0},{"not_picked":["Beam Cell+1","Static Discharge","Tempest"],"picked":"Skim","floor":29.0},{"not_picked":["Barrage","Go for the Eyes","Rebound","Stack"],"picked":"SKIP","floor":29.0},{"not_picked":["Skim","Ball Lightning","Barrage","Glacier+1"],"picked":"SKIP","floor":31.0},{"not_picked":["Compile Driver","Cold Snap+1","Hyperbeam","Rebound"],"picked":"SKIP","floor":31.0},{"not_picked":["Beam Cell+1","Turbo","Streamline","Melter+1"],"picked":"SKIP","floor":35.0},{"not_picked":["Turbo","Tempest","Steam+1","Conserve Battery+1"],"picked":"SKIP","floor":35.0},{"not_picked":["Leap+1","Gash","Rip and Tear","Steam"],"picked":"SKIP","floor":37.0},{"not_picked":["Storm","Darkness","Turbo","Streamline"],"picked":"SKIP","floor":37.0},{"not_picked":["Redo+1","Coolheaded+1","Heatsinks","Darkness+1"],"picked":"SKIP","floor":38.0},{"not_picked":["Hologram+1","Chill+1","Leap+1","Skim"],"picked":"SKIP","floor":38.0},{"not_picked":["Steam","Reinforced Body+1","Reboot"],"picked":"Blizzard+1","floor":41.0},{"not_picked":["Steam Power+1","Go for the Eyes+1","Rip and Tear+1","Cold Snap"],"picked":"SKIP","floor":41.0},{"not_picked":["Coolheaded+1","Sweeping Beam","Conserve Battery","Go for the Eyes"],"picked":"SKIP","floor":42.0},{"not_picked":["Aggregate+1","Stack","Streamline","Undo"],"picked":"SKIP","floor":42.0},{"not_picked":["Auto Shields","Hologram+1","Fusion","Undo+1"],"picked":"SKIP","floor":46.0},{"not_picked":["Auto Shields","Hologram+1","Undo+1"],"picked":"Fusion","floor":46.0},{"not_picked":["Compile Driver","Rebound+1","Steam+1","Conserve Battery+1"],"picked":"SKIP","floor":47.0},{"not_picked":["Consume","Electrodynamics","Fusion","Compile Driver+1"],"picked":"SKIP","floor":47.0}],"player_experience":316217,"relics_obtained":[{"floor":9.0,"key":"Ice Cream"},{"floor":10.0,"key":"Bottled Tornado"},{"floor":13.0,"key":"Regal Pillow"},{"floor":21.0,"key":"Tiny Chest"},{"floor":25.0,"key":"Boot"},{"floor":26.0,"key":"Question Card"},{"floor":36.0,"key":"Blue Candle"},{"floor":46.0,"key":"Pantograph"},{"floor":46.0,"key":"War Paint"}],"event_choices":[{"cards_removed":["Strike_B"],"damage_healed":0.0,"max_hp_gain":0.0,"max_hp_loss":0.0,"gold_gain":0.0,"event_name":"Purifier","player_choice":"Purged","floor":5.0,"gold_loss":0.0,"damage_taken":0.0},{"damage_healed":0.0,"max_hp_gain":0.0,"max_hp_loss":0.0,"gold_gain":0.0,"event_name":"The Library","player_choice":"Read","floor":24.0,"gold_loss":0.0,"damage_taken":0.0,"cards_obtained":["Glacier"]},{"cards_removed":["Defend_B"],"damage_healed":0.0,"max_hp_gain":0.0,"max_hp_loss":0.0,"gold_gain":0.0,"event_name":"Back to Basics","player_choice":"Elegance","floor":30.0,"gold_loss":0.0,"damage_taken":0.0}],"is_beta":false,"boss_relics":[{"not_picked":["Cursed Key","Philosopher\u0027s Stone"],"picked":"Inserter"},{"not_picked":["Pandora\u0027s Box","Astrolabe"],"picked":"Black Star"}],"items_purged_floors":[4,20],"is_endless":false,"potions_floor_spawned":[2,13,14,16,25,28,35,41],"killed_by":"Reptomancer","ascension_level":1}}