{"host":"neshiy0twyn5josp","time":1611245599,"event":{"mods":["AchievementEnabler","Act Like it!","AlwaysNeverKeys","Aspiration","BaseMod","Better Note","Better Silent Start","Better Third Choice","Challenge The Spire","Colored Powertips","Conspire","Emptier Cage","Energized Spire","GifTheSpireLib","Hubris","Minty Spire (QoL Compilation)","Permanent Neow","Quick Restart","Rare Cards Sparkle","Replay The Spire","Reworked Bosses","Spicy Shops","StS++","StSLib","Stuff the Spire"],"gold_per_floor":[112,112,129,148,148,182,182,216,216,233,252,264,277,56,56,56,56],"floor_reached":16,"language":"ENG","playtime":819,"items_purged":[],"score":137,"play_id":"4ad13a24-5a85-494c-8160-9bf197a6f749","local_time":"20210121081319","is_ascension_mode":true,"campfire_choices":[{"floor":15,"key":"REST"}],"circlet_count":0,"master_deck":["Strike_B","Strike_B","Defend_B","Defend_B","Defend_B","Defend_B","Zap+1","Dualcast","Sweeping Beam","aspiration:Polymerization","StuffTheSpire:SnapShoot","Steam","Self Repair"],"relics":["Cracked Core","ReplayTheSpireMod:Lightbulb","Question Card","StuffTheSpire:CocoNut","aspiration:StickyExplosives_weak","StuffTheSpire:Rhapsscallions","Replay:Frozen Program"],"acts_visited":["Exordium"],"potions_floor_usage":[6,11,16,16],"damage_taken":[{"damage":0,"enemies":"2 Louse","floor":1,"turns":2},{"damage":0,"enemies":"Cultist","floor":3,"turns":3},{"damage":6,"enemies":"Jaw Worm","floor":4,"turns":4},{"damage":35,"enemies":"Gremlin Nob","floor":6,"turns":4},{"damage":25,"enemies":"3 Sentries","floor":8,"turns":6},{"damage":7,"enemies":"Lots of Slimes","floor":10,"turns":3},{"damage":2,"enemies":"3 Louse","floor":11,"turns":2},{"damage":3,"enemies":"Large Slime","floor":12,"turns":5},{"damage":0,"enemies":"Exordium Thugs","floor":13,"turns":3},{"damage":44,"enemies":"Hexaghost","floor":16,"turns":9}],"seed_played":"-2103287248585106610","potions_obtained":[{"floor":3,"key":"DuplicationPotion"},{"floor":6,"key":"Languid Potion"},{"floor":13,"key":"SpeedPotion"}],"is_trial":false,"path_per_floor":["M","?","M","M","?","E","?","E","T","M","M","M","M","$","R","B"],"character_chosen":"DEFECT","items_purchased":["Regen Potion","Replay:Frozen Program"],"campfire_rested":1,"item_purchase_floors":[14,14],"current_hp_per_floor":[75,75,75,69,62,27,34,9,14,7,5,2,2,2,28,0,0],"gold":56,"neow_bonus":"RANDOM_EVENT","is_daily":false,"chose_seed":false,"campfire_upgraded":0,"win_rate":0.0,"timestamp":1611245599,"path_taken":["M","?","?","M","?","E","?","E","T","M","?","M","M","$","R","BOSS"],"items_purchased_type":["Potion","Relic"],"build_version":"2020-12-22","purchased_purges":0,"victory":false,"max_hp_per_floor":[75,75,75,75,75,75,82,82,87,87,87,87,87,87,87,87,87],"card_choices":[{"not_picked":["Leap","Streamline"],"picked":"Sweeping Beam","floor":1},{"not_picked":["Panic Button","Leap"],"picked":"ReplaySort","floor":3},{"not_picked":["Hologram","Conserve Battery"],"picked":"aspiration:Polymerization","floor":4},{"not_picked":["conspire:Rain","conspire:SharedLibrary","Conserve Battery"],"picked":"SKIP","floor":6},{"not_picked":["Heatsinks","Hologram","Fusion"],"picked":"StuffTheSpire:SnapShoot","floor":8},{"not_picked":["Rebound","Gash","Compile Driver"],"picked":"Steam","floor":10},{"not_picked":["Cold Snap","Turbo","Sweeping Beam","Biased Cognition"],"picked":"SKIP","floor":11},{"not_picked":["Compile Driver","Genetic Algorithm","Hello World","StuffTheSpire:Plugnplay"],"picked":"SKIP","floor":12},{"not_picked":["Leap","Barrage","Gash"],"picked":"Self Repair","floor":13}],"player_experience":275955,"relics_obtained":[{"floor":6,"key":"Question Card"},{"floor":8,"key":"aspiration:StickyExplosives_weak"},{"floor":9,"key":"StuffTheSpire:Rhapsscallions"}],"event_choices":[{"damage_healed":0,"gold_gain":0,"player_choice":"Grow","damage_taken":0,"max_hp_gain":0,"max_hp_loss":0,"event_name":"Living Wall","floor":0,"gold_loss":0,"cards_upgraded":["Zap"]},{"cards_removed":["Strike_B"],"damage_healed":0,"gold_gain":0,"player_choice":"Offered Basic","damage_taken":0,"max_hp_gain":0,"max_hp_loss":0,"event_name":"Bonfire Elementals","floor":2,"gold_loss":0},{"damage_healed":0,"gold_gain":0,"player_choice":"Relic ","damage_taken":7,"max_hp_gain":0,"max_hp_loss":0,"event_name":"betterThird:BetterScrap","floor":5,"gold_loss":0,"cards_obtained":["Battle Trance"]},{"cards_removed":["ReplaySort"],"damage_healed":0,"gold_gain":0,"player_choice":"Gave Card","damage_taken":0,"relics_obtained":["StuffTheSpire:CocoNut"],"max_hp_gain":0,"max_hp_loss":0,"event_name":"WeMeetAgain","floor":7,"gold_loss":0}],"is_beta":false,"boss_relics":[],"items_purged_floors":[],"is_endless":false,"potions_floor_spawned":[3,6,13],"killed_by":"Hexaghost","ascension_level":4}}