{"host":"eny0bxnatoru6fum","time":1611269350,"event":{"mods":["A Magickal Journey","AchievementEnabler","AlwaysNeverKeys","Aspiration","BaseMod","Beaked The Cultist","BetterRewards","Colored Map","Colored Powertips","Conspire","DeckTracker","Duelist Mod","Energized Spire","Glutton Mod","Halation","Hubris","Infinite Spire","Jedi Mod","Lobotomy","LobotomyExtend","Minty Spire (QoL Compilation)","Relic Sorter","Replay The Spire","Shop Mod","Spicy Shops","Spikes Relics","StSLib","Synergy Search","The Animator","The Blue Laboratory","The Bug Knight","The Cursed","The Hierophant","The Jungle","The Problem Sleuth","The Runesmith","The Sage","The Servant 0.9.4","The Spell Scribe","vexMod"],"gold_per_floor":[111,143,143,157,157,157,183,183,183,183,22,22,41,51,51,160,160,180,197,197,197,9,34,34,34,58,93,130,130,142,156,156,257,257,267,242,62,84,84,84,103,126,179,224,224,245,245,279,279,285,285,285,20,27,27],"floor_reached":54,"language":"ENG","playtime":6080,"items_purged":["Dazed","Dazed","Dazed"],"score":638,"play_id":"f356babd-174a-44d8-9182-caf41e39669d","local_time":"20210121164910","is_ascension_mode":false,"campfire_choices":[{"floor":6.0,"key":"RECALL"},{"floor":15.0,"key":"REST"},{"data":"animator:Megumin+1","floor":25.0,"key":"SMITH"},{"data":"animator:Darkness","floor":29.0,"key":"SMITH"},{"data":"infinitespire:NeuralNetwork","floor":32.0,"key":"SMITH"},{"data":"animator:HomuraAkemi","floor":40,"key":"SMITH"},{"floor":47,"key":"REST"},{"floor":49,"key":"REST"},{"floor":52,"key":"REST"}],"circlet_count":0,"master_deck":["animator:Strike_AccelWorld","animator:Defend_AccelWorld","animator:Strike","animator:Strike","animator:Defend","animator:Defend","animator:Defend","animator:Kuroyukihime+1","animator:LimeBell+1","Dazed","animator:YuiTsuruno+1","animator:YunYun+1","animator:Emonzaemon+1","animator:Caster+1","animator:SuzuneAmano+1","animator:Togame+1","animator:Rena+1","animator:RoryMercury","animator:Megumin+11","animator:Darkness+1","animator:Illya","animator:Curse_GriefSeed","PaleAim","animator:Envy","animator:IchigoKurosaki","infinitespire:NeuralNetwork+1","hubris:Fate","animator:Fredrika","animator:HomuraAkemi+1","animator:OrikoMikuni","animator:TukaLunaMarceau","animator:DwarfShaman","animator:Demiurge+1","animator:ChlammyZell+1","animator:Ara+1","animator:Kuribayashi","animator:HigakiRinne","animator:DolaRiku+1","animator:Rimuru","animator:IzunaHatsuse+1","animator:ElricEdward+1","animator:Aisha","animator:Archer"],"relics":["animator:LivingPicture","animator:TheMissingPiece","animator:PurgingStone","LetterFromLob","Replay:Mystery Machine","Meat on the Bone","ChewingGum","StoneCalendar","HandDrill","halation:IllGainedPizza","Regal Pillow","Red Mask","ReplayTheSpireMod:SealedPack","vexMod:GhostlyGear","CosmicIsotope","halation:PinkSoulGem","Bag of Preparation","jedi:arcanewood","Dream Catcher"],"acts_visited":["Exordium","TheCity","TheBeyond","TheEnding"],"potions_floor_usage":[44,50,54],"damage_taken":[{"damage":1.0,"enemies":"Jaw Worm","floor":1.0,"turns":6.0},{"damage":0.0,"enemies":"conspire:RoseBush","floor":2.0,"turns":4.0},{"damage":0.0,"enemies":"2 Louse","floor":4.0,"turns":2.0},{"damage":29.0,"enemies":"Lagavulin","floor":7.0,"turns":7.0},{"damage":0.0,"enemies":"2 Fungi Beasts","floor":13.0,"turns":2.0},{"damage":6.0,"enemies":"3 Louse","floor":14.0,"turns":2.0},{"damage":48.0,"enemies":"Slime Boss","floor":16.0,"turns":12.0},{"damage":7.0,"enemies":"conspire:FuzzyDice","floor":18.0,"turns":5.0},{"damage":3.0,"enemies":"Shell Parasite","floor":19.0,"turns":5.0},{"damage":11.0,"enemies":"conspire:HollyBat","floor":23.0,"turns":7.0},{"damage":21.0,"enemies":"conspire:SneckoGhost","floor":27.0,"turns":7.0},{"damage":7.0,"enemies":"Masked Bandits","floor":28.0,"turns":3.0},{"damage":0.0,"enemies":"3 Cultists","floor":31.0,"turns":4.0},{"damage":43.0,"enemies":"Automaton","floor":33.0,"turns":8.0},{"damage":0,"enemies":"3 Darklings","floor":35,"turns":2},{"damage":1,"enemies":"3 Shapes","floor":38,"turns":3},{"damage":10,"enemies":"Spire Growth","floor":41,"turns":4},{"damage":1,"enemies":"Transient","floor":42,"turns":6},{"damage":44,"enemies":"Nightmare","floor":44,"turns":7},{"damage":0,"enemies":"Maw","floor":46,"turns":4},{"damage":21,"enemies":"beaked:SuperParasite","floor":48,"turns":7},{"damage":20,"enemies":"Replay:Hell Engine","floor":50,"turns":5},{"damage":70,"enemies":"Shield and Spear","floor":54,"turns":3}],"seed_played":"5505255224278733976","potions_obtained":[{"floor":1.0,"key":"blueLaboratory:Moonshine"},{"floor":2.0,"key":"Dexterity Potion"},{"floor":18.0,"key":"blueLaboratory:PyrophylliteBrew"},{"floor":23.0,"key":"blueLaboratory:LouseDecoction"},{"floor":27.0,"key":"Explosive Potion"},{"floor":28.0,"key":"jedi:StrikingPotion"},{"floor":35,"key":"blueLaboratory:AbyssPotion"},{"floor":41,"key":"AttackPotion"},{"floor":44,"key":"LifebloodPotion"},{"floor":48,"key":"blueLaboratory:BubblePotion"}],"is_trial":false,"path_per_floor":["M","M","?","M","?","R","E","?","T","?","$","M","M","M","R","B",null,"M","M","?","T","$","M","$","R","T","E","?","R","AVR","M","R","B",null,"M","?","$","M","?","R","M","M","T","NM","?","M","R","E","R","B",null,"R","$","E"],"character_chosen":"THE_ANIMATOR","items_purchased":["animator:Kagari","sagemod:Wine","animator:RoryMercury","HandDrill","animator:TukaLunaMarceau","animator:DwarfShaman","animator:Aisha","animator:Archer","blueLaboratory:LouseDecoction"],"campfire_rested":4,"item_purchase_floors":[11,11,22,22,37,37,53,53,53],"current_hp_per_floor":[65,65,65,66,66,66,37,30,30,17,17,17,29,35,55,19,67,60,57,67,67,67,56,56,56,56,36,41,41,41,46,46,15,68,68,68,68,67,67,67,57,56,56,25,16,28,63,42,69,49,69,70,70,0,0],"gold":27,"neow_bonus":"ONE_RANDOM_RARE_CARD","is_daily":false,"chose_seed":false,"campfire_upgraded":4,"win_rate":0.0,"timestamp":1611269350,"path_taken":["M","M","?","M","?","R","E","?","T","?","$","M","?","M","R","BOSS","M","M","?","?","?","?","?","R","T","E","?","R","AVR","M","R","BOSS","M","?","$","M","?","R","M","M","T","NM","?","?","R","E","R","BOSS","R","$","E"],"items_purchased_type":["Card","Potion","Card","Relic","Card","Card","Card","Card","Potion"],"build_version":"2020-12-22","purchased_purges":3,"victory":false,"max_hp_per_floor":[66,66,66,67,67,67,67,67,67,67,67,67,67,67,67,67,67,67,67,67,67,67,67,67,67,67,68,68,68,68,68,68,68,68,68,68,68,68,68,68,68,68,68,69,69,69,69,69,69,69,69,70,70,70,70],"card_choices":[{"not_picked":["animator:Genos","animator:Priestess"],"picked":"animator:YuiTsuruno","floor":1.0},{"not_picked":["animator:KrulTepes","animator:TukaLunaMarceau"],"picked":"animator:YunYun","floor":2.0},{"not_picked":["animator:Melzalgald","animator:Megumin"],"picked":"animator:Mitsurugi","floor":4.0},{"not_picked":["animator:Spearman","animator:Priestess"],"picked":"animator:Witch","floor":7.0},{"not_picked":["animator:Hakurou","animator:Witch"],"picked":"animator:Caster","floor":13.0},{"not_picked":["animator:Shion","animator:SilverFang"],"picked":"animator:SuzuneAmano","floor":14.0},{"not_picked":["animator:SwordMaiden","animator:Guren"],"picked":"animator:ItamiYouji","floor":16.0},{"not_picked":["animator:Tyuule","animator:Shichika"],"picked":"animator:Togame+1","floor":18.0},{"not_picked":["animator:Add","animator:Raven"],"picked":"animator:Rena","floor":19.0},{"not_picked":["animator:Spearman","animator:Eve"],"picked":"animator:Megumin+1","floor":23.0},{"not_picked":["animator:KrulTepes","animator:KyokoSakura"],"picked":"animator:Darkness","floor":27.0},{"not_picked":["animator:Shichika+1","animator:Guy"],"picked":"animator:Illya","floor":28.0},{"not_picked":["Runesmith:Fortify","Magicka:TheFistCard"],"picked":"PaleAim","floor":30.0},{"not_picked":["animator:Saber","animator:Father"],"picked":"animator:Envy","floor":30.0},{"not_picked":["animator:NononJakuzure","animator:QuestionMark"],"picked":"animator:IchigoKurosaki","floor":30.0},{"not_picked":["ReplayTheSpireMod:Chaos Vortex","hubris:InfiniteBlow"],"picked":"infinitespire:NeuralNetwork","floor":30.0},{"not_picked":["animator:YuiTsuruno+1","animator:Shalltear"],"picked":"animator:Fredrika","floor":31.0},{"not_picked":["animator:SwordMaiden","animator:ChaikaTrabant"],"picked":"animator:HomuraAkemi","floor":33.0},{"not_picked":["animator:YuiTsuruno","animator:YachiyoNanami"],"picked":"animator:OrikoMikuni","floor":35},{"not_picked":["animator:IzunaHatsuse+1","animator:SilverFang+1"],"picked":"animator:Demiurge+1","floor":38},{"not_picked":["animator:ElricAlphonse","animator:Alexander+1"],"picked":"animator:ChlammyZell+1","floor":41},{"not_picked":["animator:MumenRider","animator:Layla+1"],"picked":"animator:Ara+1","floor":42},{"not_picked":["animator:RoryMercury","animator:TukaLunaMarceau"],"picked":"animator:Kuribayashi","floor":44},{"not_picked":["animator:UneriGinkaku+1","animator:Spearman+1"],"picked":"animator:DolaRiku+1","floor":46},{"not_picked":["animator:Lu","animator:Mitsuba+1"],"picked":"animator:Rimuru","floor":48},{"not_picked":["animator:Ara","animator:OrikoMikuni+1"],"picked":"animator:IzunaHatsuse+1","floor":49},{"not_picked":["animator:GuildGirl+1","animator:Bozes+1"],"picked":"animator:ElricEdward+1","floor":52}],"player_experience":508844,"relics_obtained":[{"floor":1.0,"key":"LetterFromLob"},{"floor":7.0,"key":"Meat on the Bone"},{"floor":21.0,"key":"StoneCalendar"},{"floor":26.0,"key":"halation:IllGainedPizza"},{"floor":27.0,"key":"Regal Pillow"},{"floor":28.0,"key":"Red Mask"},{"floor":43,"key":"Bag of Preparation"},{"floor":44,"key":"jedi:arcanewood"},{"floor":48,"key":"Dream Catcher"}],"event_choices":[{"damage_healed":0.0,"max_hp_gain":0.0,"max_hp_loss":0.0,"gold_gain":0.0,"event_name":"Big Fish","player_choice":"Box","floor":3.0,"gold_loss":0.0,"damage_taken":0.0,"relics_obtained":["Replay:Mystery Machine"],"cards_obtained":["Regret"]},{"cards_removed":["animator:Strike"],"damage_healed":0.0,"max_hp_gain":0.0,"max_hp_loss":0.0,"gold_gain":0.0,"event_name":"Golden Wing","player_choice":"Card Removal","floor":8.0,"gold_loss":0.0,"damage_taken":7.0},{"damage_healed":0.0,"max_hp_gain":0.0,"max_hp_loss":0.0,"gold_gain":0.0,"event_name":"Shining Light","player_choice":"Entered Light","floor":10.0,"gold_loss":0.0,"damage_taken":13.0,"cards_upgraded":["animator:LimeBell","animator:YuiTsuruno"]},{"damage_healed":0.0,"max_hp_gain":0.0,"max_hp_loss":0.0,"gold_gain":0.0,"event_name":"Masked Bandits","player_choice":"Fought Bandits","floor":28.0,"gold_loss":0.0,"damage_taken":0.0},{"damage_healed":0,"gold_gain":0,"player_choice":"Embrace Madness","damage_taken":9,"max_hp_gain":0,"max_hp_loss":0,"event_name":"Winding Halls","floor":45,"gold_loss":0,"cards_obtained":["animator:HigakiRinne"]}],"is_beta":false,"boss_relics":[{"not_picked":["energizedSpire:MagnifyingGlass","Pandora\u0027s Box"],"picked":"ChewingGum"},{"not_picked":["halation:Prosthetics","hubris:TerracottaHorce"],"picked":"CosmicIsotope"}],"items_purged_floors":[30,37,53],"is_endless":false,"potions_floor_spawned":[1,2,18,23,27,28,35,41,44,48],"killed_by":"Shield and Spear","ascension_level":0}}