{"host":"7sni158j623xchr2","time":1611208403,"event":{"mods":["BaseMod","Colored Map","Highlight Path","Minty Spire (QoL Compilation)","Permanent Neow","Potion Indicator Mod","Rare Cards Sparkle","Relic Sorter","Relic Stats","StSLib","everything is the same but u backflip on backflip"],"gold_per_floor":[112,112,112,136,136,136,151,151,151,101,145,145,169,214,214,335,335,364,388,313,366,22,22,62,71,105,105,130,130,183,212,212,347,347,368,383,401,464,57,57,57,100,100,149,24,44,44,71,71,71,71,71,21,64,64],"floor_reached":56,"language":"ENG","playtime":2247,"items_purged":["Strike_P","Defend_P","Shame"],"score":1324,"play_id":"30298eff-61a5-450c-9aef-138734288632","local_time":"20210120235323","is_ascension_mode":true,"campfire_choices":[{"data":"Eruption","floor":6.0,"key":"SMITH"},{"data":"Adaptation","floor":8.0,"key":"SMITH"},{"data":"Consecrate","floor":12.0,"key":"SMITH"},{"data":"Wallop","floor":15.0,"key":"SMITH"},{"data":"MentalFortress","floor":23.0,"key":"SMITH"},{"data":"Meditate","floor":27.0,"key":"SMITH"},{"floor":32.0,"key":"REST"},{"data":"Ragnarok","floor":40.0,"key":"SMITH"},{"data":"Wireheading","floor":47.0,"key":"SMITH"},{"floor":49.0,"key":"RECALL"},{"data":"WaveOfTheHand","floor":52.0,"key":"SMITH"}],"circlet_count":0,"master_deck":["Strike_P","Strike_P+1","Defend_P+1","Eruption+1","Vigilance","ThirdEye","Adaptation+1","Consecrate+1","Wallop+1","FollowUp","MentalFortress+1","Meditate+1","ThirdEye","CutThroughFate","Wireheading+1","WaveOfTheHand+1","Ragnarok+1","EmptyMind+1","Omniscience","Protect+1","Wireheading"],"relics":["PureWater","Dead Branch","Shuriken","Golden Idol","Meat on the Bone","Pen Nib","CeramicFish","Cursed Key","Red Mask","Mummified Hand","Matryoshka","Regal Pillow","MealTicket","Snecko Eye","Incense Burner","Bag of Preparation","OrangePellets","Ancient Tea Set","Dream Catcher","White Beast Statue"],"acts_visited":["Exordium","TheCity","TheBeyond","TheEnding"],"potions_floor_usage":[55,55,55],"damage_taken":[{"damage":0.0,"enemies":"2 Louse","floor":1.0,"turns":3.0},{"damage":3.0,"enemies":"Jaw Worm","floor":4.0,"turns":6.0},{"damage":0.0,"enemies":"Small Slimes","floor":7.0,"turns":2.0},{"damage":6.0,"enemies":"3 Sentries","floor":11.0,"turns":4.0},{"damage":0.0,"enemies":"2 Fungi Beasts","floor":13.0,"turns":2.0},{"damage":12.0,"enemies":"Gremlin Nob","floor":14.0,"turns":3.0},{"damage":28.0,"enemies":"The Guardian","floor":16.0,"turns":8.0},{"damage":16.0,"enemies":"Spheric Guardian","floor":18.0,"turns":3.0},{"damage":3.0,"enemies":"2 Thieves","floor":19.0,"turns":3.0},{"damage":11.0,"enemies":"Masked Bandits","floor":21.0,"turns":4.0},{"damage":31.0,"enemies":"Gremlin Leader","floor":24.0,"turns":5.0},{"damage":3.0,"enemies":"Sentry and Sphere","floor":28.0,"turns":4.0},{"damage":2.0,"enemies":"Slavers","floor":30.0,"turns":5.0},{"damage":19.0,"enemies":"3 Cultists","floor":31.0,"turns":5.0},{"damage":25.0,"enemies":"Champ","floor":33.0,"turns":8.0},{"damage":7.0,"enemies":"Orb Walker","floor":35.0,"turns":3.0},{"damage":0.0,"enemies":"3 Shapes","floor":36.0,"turns":3.0},{"damage":0.0,"enemies":"Writhing Mass","floor":37.0,"turns":5.0},{"damage":0.0,"enemies":"Mind Bloom Boss Battle","floor":38.0,"turns":3.0},{"damage":7.0,"enemies":"Nemesis","floor":42.0,"turns":7.0},{"damage":0.0,"enemies":"Reptomancer","floor":44.0,"turns":3.0},{"damage":2.0,"enemies":"Maw","floor":46.0,"turns":5.0},{"damage":11.0,"enemies":"4 Shapes","floor":48.0,"turns":3.0},{"damage":14.0,"enemies":"Time Eater","floor":50.0,"turns":7.0},{"damage":16.0,"enemies":"Shield and Spear","floor":54.0,"turns":7.0},{"damage":37,"enemies":"The Heart","floor":55,"turns":10}],"seed_played":"8744411543779348538","potions_obtained":[{"floor":1.0,"key":"SkillPotion"},{"floor":13.0,"key":"SpeedPotion"},{"floor":16.0,"key":"PowerPotion"},{"floor":19.0,"key":"BlessingOfTheForge"},{"floor":24.0,"key":"PowerPotion"},{"floor":33.0,"key":"Swift Potion"},{"floor":35.0,"key":"FearPotion"},{"floor":36.0,"key":"Ancient Potion"},{"floor":42.0,"key":"Regen Potion"}],"is_trial":false,"path_per_floor":["M","?","?","M","?","R","M","R","T","?","E","R","M","E","R","B",null,"M","M","?","?","$","R","E","?","T","R","M","T","E","M","R","B",null,"M","M","M","?","$","R","$","E","T","E","$","M","R","M","R","B",null,"R","$","E","B",null],"character_chosen":"WATCHER","items_purchased":["Mummified Hand","CutThroughFate","Bag of Preparation","OrangePellets","Weak Potion"],"campfire_rested":1,"item_purchase_floors":[22,22,39,39,53],"current_hp_per_floor":[65,40,40,37,25,25,25,25,25,25,31,31,31,31,31,15,60,44,41,41,42,42,42,23,23,23,23,32,32,42,35,60,35,60,53,53,53,53,60,60,60,53,53,53,60,58,58,47,47,33,60,60,60,44,19],"gold":64,"neow_bonus":"ONE_RARE_RELIC","is_daily":false,"chose_seed":false,"campfire_upgraded":9,"win_rate":0.0,"timestamp":1611208403,"path_taken":["M","?","?","M","?","R","M","R","T","?","E","R","?","E","R","BOSS","M","M","?","?","?","R","E","?","T","R","?","?","E","M","R","BOSS","M","M","M","?","$","R","?","E","T","E","$","M","R","M","R","BOSS","R","$","E","BOSS"],"items_purchased_type":["Relic","Card","Relic","Relic","Potion"],"build_version":"2020-12-22","purchased_purges":3,"victory":true,"max_hp_per_floor":[65,65,60,60,60,60,60,60,60,60,60,60,60,60,60,60,60,60,60,60,60,60,60,60,60,60,60,60,60,60,60,60,60,60,60,60,60,60,60,60,60,60,60,60,60,60,60,60,60,60,60,60,60,60,60],"relic_stats":{"Regal Pillow":7,"counters":[26,121],"Golden Idol":227,"Dead Branch":[35],"CeramicFish":108,"Pen Nib":[26],"Bag of Preparation":[14],"Cursed Key":1,"OrangePellets":[13],"Dream Catcher":0,"Shuriken":[57],"Mummified Hand":[97],"Snecko Eye":[44,42,43,45],"MealTicket":14,"obtain_stats":[{"Regal Pillow":26,"Golden Idol":3,"Dead Branch":0,"CeramicFish":14,"Pen Nib":11,"Incense Burner":38,"Bag of Preparation":39,"Cursed Key":17,"Ancient Tea Set":42,"White Beast Statue":54,"OrangePellets":39,"Dream Catcher":44,"Matryoshka":24,"Shuriken":2,"Mummified Hand":22,"Snecko Eye":34,"MealTicket":30,"Red Mask":21,"PureWater":0,"Meat on the Bone":9},{"Regal Pillow":11,"Golden Idol":1,"Dead Branch":0,"CeramicFish":6,"Pen Nib":4,"Incense Burner":19,"Bag of Preparation":19,"Cursed Key":7,"Ancient Tea Set":20,"White Beast Statue":25,"OrangePellets":19,"Dream Catcher":21,"Matryoshka":11,"Shuriken":1,"Mummified Hand":10,"Snecko Eye":15,"MealTicket":13,"Red Mask":10,"PureWater":0,"Meat on the Bone":3},{"Regal Pillow":43,"Golden Idol":3,"Dead Branch":0,"CeramicFish":20,"Pen Nib":15,"Incense Burner":79,"Bag of Preparation":79,"Cursed Key":28,"Ancient Tea Set":86,"White Beast Statue":111,"OrangePellets":79,"Dream Catcher":89,"Matryoshka":43,"Shuriken":3,"Mummified Hand":38,"Snecko Eye":65,"MealTicket":52,"Red Mask":38,"PureWater":0,"Meat on the Bone":11}],"Meat on the Bone":108},"card_choices":[{"not_picked":["Study","Prostrate"],"picked":"ThirdEye","floor":1.0},{"not_picked":["FlurryOfBlows","PathToVictory"],"picked":"Adaptation","floor":4.0},{"not_picked":["Crescendo","Conclude"],"picked":"Consecrate","floor":7.0},{"not_picked":["SashWhip","ThirdEye"],"picked":"Wallop","floor":11.0},{"not_picked":["WaveOfTheHand","ClearTheMind"],"picked":"FollowUp","floor":13.0},{"not_picked":["EmptyBody","ClearTheMind"],"picked":"MentalFortress","floor":14.0},{"not_picked":["BowlingBash","Prostrate"],"picked":"Meditate","floor":18.0},{"not_picked":["JustLucky","Weave+1","Vengeance+1"],"picked":"SKIP","floor":19.0},{"not_picked":["Conclude","SashWhip"],"picked":"ThirdEye","floor":21.0},{"not_picked":["CutThroughFate","Adaptation"],"picked":"Wireheading","floor":24.0},{"not_picked":["CutThroughFate","PathToVictory+1","Adaptation"],"picked":"SKIP","floor":28.0},{"not_picked":["Halt","FlyingSleeves"],"picked":"Ragnarok","floor":30.0},{"not_picked":["PathToVictory","MentalFortress+1"],"picked":"EmptyMind+1","floor":31.0},{"not_picked":["LessonLearned","SpiritShield"],"picked":"Omniscience","floor":33.0},{"not_picked":["Conclude+1","EmptyFist","ReachHeaven"],"picked":"SKIP","floor":35.0},{"not_picked":["FlurryOfBlows+1","Crescendo+1","Conclude"],"picked":"SKIP","floor":36.0},{"not_picked":["FlurryOfBlows+1","Perseverance","WaveOfTheHand"],"picked":"SKIP","floor":37.0},{"not_picked":["SashWhip","WaveOfTheHand","CutThroughFate"],"picked":"SKIP","floor":42.0},{"not_picked":["WheelKick","FearNoEvil"],"picked":"Protect+1","floor":44.0},{"not_picked":["JustLucky","CutThroughFate+1","SashWhip"],"picked":"SKIP","floor":46.0},{"not_picked":["WheelKick+1","SashWhip+1"],"picked":"Wireheading","floor":48.0},{"not_picked":["Prostrate","EmptyMind","JustLucky+1"],"picked":"SKIP","floor":54.0}],"player_experience":1660702,"relics_obtained":[{"floor":9.0,"key":"Meat on the Bone"},{"floor":11.0,"key":"Pen Nib"},{"floor":14.0,"key":"CeramicFish"},{"floor":21.0,"key":"Red Mask"},{"floor":24.0,"key":"Matryoshka"},{"floor":26.0,"key":"Regal Pillow"},{"floor":30.0,"key":"MealTicket"},{"floor":38.0,"key":"Incense Burner"},{"floor":42.0,"key":"Ancient Tea Set"},{"floor":44.0,"key":"Dream Catcher"},{"floor":54.0,"key":"White Beast Statue"}],"event_choices":[{"damage_healed":0.0,"max_hp_gain":0.0,"max_hp_loss":0.0,"gold_gain":0.0,"event_name":"Scrap Ooze","player_choice":"Success","floor":2.0,"gold_loss":0.0,"damage_taken":25.0,"relics_obtained":["Shuriken"]},{"damage_healed":0.0,"max_hp_gain":0.0,"max_hp_loss":5.0,"gold_gain":0.0,"event_name":"Golden Idol","player_choice":"Lose Max HP","floor":3.0,"gold_loss":0.0,"damage_taken":0.0,"relics_obtained":["Golden Idol"]},{"damage_healed":0.0,"max_hp_gain":0.0,"max_hp_loss":0.0,"gold_gain":0.0,"event_name":"Shining Light","player_choice":"Entered Light","floor":5.0,"gold_loss":0.0,"damage_taken":12.0,"cards_upgraded":["Defend_P","Strike_P"]},{"cards_removed":["Defend_P"],"damage_healed":0.0,"max_hp_gain":0.0,"max_hp_loss":0.0,"gold_gain":0.0,"event_name":"The Cleric","player_choice":"Card Removal","floor":10.0,"gold_loss":50.0,"damage_taken":0.0},{"cards_removed":["Strike_P"],"damage_healed":0.0,"max_hp_gain":0.0,"max_hp_loss":0.0,"gold_gain":0.0,"event_name":"Beggar","player_choice":"Gave Gold","floor":20.0,"gold_loss":75.0,"damage_taken":0.0},{"damage_healed":0.0,"max_hp_gain":0.0,"max_hp_loss":0.0,"gold_gain":0.0,"event_name":"Masked Bandits","player_choice":"Fought Bandits","floor":21.0,"gold_loss":0.0,"damage_taken":0.0},{"damage_healed":0.0,"max_hp_gain":0.0,"max_hp_loss":0.0,"gold_gain":0.0,"cards_transformed":["Defend_P"],"event_name":"Transmorgrifier","player_choice":"Transformed","floor":25.0,"gold_loss":0.0,"damage_taken":0.0,"cards_obtained":["WaveOfTheHand"]},{"damage_healed":0.0,"max_hp_gain":0.0,"max_hp_loss":0.0,"gold_gain":0.0,"event_name":"MindBloom","player_choice":"Fight","floor":38.0,"gold_loss":0.0,"damage_taken":0.0}],"is_beta":false,"boss_relics":[{"not_picked":["VioletLotus","Runic Dome"],"picked":"Cursed Key"},{"not_picked":["Fusion Hammer","SlaversCollar"],"picked":"Snecko Eye"}],"items_purged_floors":[22,39,45],"is_endless":false,"potions_floor_spawned":[1,13,16,19,24,33,35,36,42,48],"ascension_level":1}}