{"host":"kk2i87xhq8q4h0un","time":1611207602,"event":{"mods":["BaseMod","Downfall","Minty Spire (QoL Compilation)","Shop Mod","StSLib"],"gold_per_floor":[99,112,122,133,133,133,133,408,418,451,462,479,379,397,416,521,521,521,533,533,606,242,242,319,5,5,25,35,48,65,56,75,172,172,172,189,204,204,216,216,216,236,261,61,61,79,93,128,153,165,177,214,1,1,1,1],"floor_reached":57,"language":"ENG","playtime":11738,"items_purged":["Regret","Guardian:Repulse"],"score":1347,"play_id":"a29ce727-f740-48dd-884f-a0ecb106f643","local_time":"20210120214002","is_ascension_mode":false,"campfire_choices":[{"data":"Guardian:TwinSlam","floor":1.0,"key":"SMITH"},{"floor":13.0,"key":"REST"},{"data":"Guardian:FastForward","floor":18.0,"key":"SMITH"},{"data":"Guardian:BodySlam","floor":23.0,"key":"SMITH"},{"data":"Guardian:BodySlam","floor":26.0,"key":"SMITH"},{"floor":35,"key":"RECALL"},{"floor":44,"key":"DIG"},{"floor":54,"key":"DIG"}],"circlet_count":0,"master_deck":["Guardian:Strike_Guardian","Guardian:Strike_Guardian","Guardian:Strike_Guardian+1","Guardian:Strike_Guardian","Guardian:Defend_Guardian","Guardian:Defend_Guardian","Guardian:Defend_Guardian","Guardian:Defend_Guardian","Guardian:CurlUp","Guardian:TwinSlam+1","Guardian:ChargeCore","Guardian:PiercingHide","Guardian:SentryBeam","Guardian:FastForward+1","Guardian:BronzeArmor+1","Guardian:Reroute","RitualDagger","Guardian:TemporalStrike+1","Guardian:BodySlam+1","Guardian:TimeCapacitor","Guardian:ShieldCharger","Guardian:BodySlam+1","expansioncontent:DashGenerateEvil","Guardian:TemporalStrike","Guardian:Planning+1","Guardian:PiercingHide+1","Guardian:Recover+1","Guardian:StasisStrike","Guardian:Clone+1","Guardian:DecasProtection+1","Guardian:SphericShield+1","Guardian:TimeCapacitor","Guardian:Suspension+1","Guardian:BronzeOrb+1","Guardian:SphericShield+1"],"relics":["Guardian:ModeShifterPlus","Orichalcum","StrikeDummy","Pocketwatch","downfall:HeartBlessingBlue","HornCleat","Toxic Egg 2","Fusion Hammer","Mango","Shovel","downfall:HeartBlessingRed","downfall:HeartBlessingGreen","Ginger","MawBank","Oddly Smooth Stone","Mummified Hand"],"acts_visited":["Exordium","TheCity","TheBeyond","TheEnding"],"potions_floor_usage":[50,50,50,55,56],"damage_taken":[{"damage":0.0,"enemies":"Cultist","floor":2.0,"turns":4.0},{"damage":4.0,"enemies":"Small Slimes","floor":3.0,"turns":3.0},{"damage":6.0,"enemies":"Jaw Worm","floor":4.0,"turns":4.0},{"damage":14.0,"enemies":"2 Fungi Beasts","floor":9.0,"turns":4.0},{"damage":24.0,"enemies":"3 Sentries","floor":10.0,"turns":8.0},{"damage":5.0,"enemies":"Red Slaver","floor":11.0,"turns":3.0},{"damage":12.0,"enemies":"Exordium Thugs","floor":12.0,"turns":5.0},{"damage":6.0,"enemies":"Exordium Wildlife","floor":14.0,"turns":5.0},{"damage":5.0,"enemies":"Gremlin Gang","floor":15.0,"turns":4.0},{"damage":27.0,"enemies":"DF_ARCHETYPE_STREAMLINE","floor":16.0,"turns":14.0},{"damage":0.0,"enemies":"3 Byrds","floor":19.0,"turns":2.0},{"damage":2.0,"enemies":"downfall:FleeingMerchant","floor":22.0,"turns":4.0},{"damage":0.0,"enemies":"downfall:FleeingMerchant","floor":25.0,"turns":4.0},{"damage":0.0,"enemies":"Snecko","floor":27.0,"turns":6.0},{"damage":0.0,"enemies":"3 Cultists","floor":28.0,"turns":6.0},{"damage":0.0,"enemies":"Centurion and Healer","floor":29.0,"turns":4.0},{"damage":0.0,"enemies":"Snake Plant","floor":30.0,"turns":4.0},{"damage":0.0,"enemies":"downfall:FleeingMerchant","floor":31.0,"turns":3.0},{"damage":0.0,"enemies":"Snecko","floor":32.0,"turns":4.0},{"damage":3.0,"enemies":"SI_MIRROR_ARCHETYPE","floor":33.0,"turns":9.0},{"damage":0,"enemies":"Orb Walker","floor":36,"turns":3},{"damage":6,"enemies":"3 Darklings","floor":37,"turns":10},{"damage":10,"enemies":"4 Shapes","floor":39,"turns":2},{"damage":0,"enemies":"Sphere and 2 Shapes","floor":42,"turns":6},{"damage":19,"enemies":"Nemesis","floor":43,"turns":6},{"damage":0,"enemies":"Maw","floor":46,"turns":8},{"damage":0,"enemies":"Transient","floor":47,"turns":5},{"damage":0,"enemies":"Reptomancer","floor":48,"turns":4},{"damage":0,"enemies":"Writhing Mass","floor":49,"turns":6},{"damage":0,"enemies":"WA_ARCHETYPE_DIVINITY","floor":50,"turns":4},{"damage":0,"enemies":"downfall:CharBossMerchant","floor":52,"turns":8},{"damage":24,"enemies":"downfall:NeowBoss","floor":55,"turns":22},{"damage":52,"enemies":"downfall:NeowBossFinal","floor":56,"turns":11}],"seed_played":"-5217706997672128628","potions_obtained":[{"floor":4.0,"key":"Guardian:AcceleratePotion"},{"floor":14.0,"key":"SpeedPotion"},{"floor":15.0,"key":"Guardian:BlockOnCardUsePotion"},{"floor":27.0,"key":"Explosive Potion"},{"floor":30.0,"key":"Strength Potion"},{"floor":32.0,"key":"EssenceOfSteel"},{"floor":42,"key":"DuplicationPotion"},{"floor":52,"key":"LiquidMemories"}],"is_trial":false,"path_per_floor":["R","M","M","M","?","?","T","?","M","E","M","M","R","M","M","B",null,"R","M","?","T","$","R","T","$","R","M","M","M","M","$","M","B",null,"R","M","M","?","M","?","T","M","E","R","?","M","M","E","M","B",null,"E","$","R","B","B",null],"character_chosen":"GUARDIAN","items_purchased":["Guardian:BodySlam","Guardian:TimeCapacitor","Guardian:SentryBeam","Guardian:Gem_Lightblue","Guardian:ShieldCharger","expansioncontent:DashGenerateEvil","Guardian:SpikerProtocol","Guardian:TemporalStrike","Guardian:StasisStrike","Guardian:Clone+1","Guardian:SphericShield+1","Guardian:Gem_Blue","Energy Potion"],"campfire_rested":1,"item_purchase_floors":[22,22,22,22,22,25,25,25,31,31,53,53,53],"current_hp_per_floor":[80,80,76,70,70,70,70,70,56,32,27,15,52,46,41,14,90,90,90,84,84,82,82,82,82,82,82,82,82,82,82,82,79,90,90,90,84,90,80,80,94,94,75,75,67,67,67,67,67,67,104,104,104,104,80,28],"gold":1,"neow_bonus":"RANDOM_COMMON_RELIC","is_daily":false,"chose_seed":false,"campfire_upgraded":4,"win_rate":0.0,"timestamp":1611207602,"path_taken":["R","M","?","M","?","?","T","?","?","E","M","M","R","M","M","BOSS","R","M","?","?","$","R","T","$","R","?","M","M","M","$","M","BOSS","R","M","M","?","?","?","T","M","E","R","?","M","M","E","M","BOSS","E","$","R","BOSS","BOSS"],"items_purchased_type":["Card","Card","Card","Card","Card","Card","Card","Card","Card","Card","Card","Card","Potion"],"build_version":"2020-12-22","purchased_purges":2,"victory":true,"max_hp_per_floor":[80,80,80,80,80,80,80,80,80,80,80,80,90,90,90,90,90,90,90,90,90,90,90,90,90,90,90,90,90,90,90,90,90,90,90,90,90,90,90,90,104,104,104,104,104,104,104,104,104,104,104,104,104,104,104,104],"card_choices":[{"not_picked":["Guardian:Gem_Lightblue","Guardian:RollAttack"],"picked":"Guardian:ChargeCore","floor":2.0},{"not_picked":["Guardian:DecasProtection","Guardian:SentryBeam"],"picked":"Guardian:Repulse","floor":3.0},{"not_picked":["Guardian:ArmoredProtocol","Guardian:Planning"],"picked":"Guardian:PiercingHide","floor":4.0},{"not_picked":["Guardian:VentSteam","Guardian:DecasProtection"],"picked":"Guardian:SentryBeam","floor":9.0},{"not_picked":["Guardian:ChargeCore","Guardian:PrismaticBarrier"],"picked":"Guardian:FastForward","floor":10.0},{"not_picked":["Guardian:Repulse","Guardian:Incinerate"],"picked":"Guardian:BronzeArmor","floor":11.0},{"not_picked":["Guardian:Clone","Guardian:Preprogram"],"picked":"Guardian:Gem_Cyan","floor":12.0},{"not_picked":["Guardian:Gem_Cyan","Guardian:DonusPower"],"picked":"Guardian:Reroute","floor":14.0},{"not_picked":["Guardian:Harden","Guardian:PrismaticBeam","Guardian:PolyBeam"],"picked":"SKIP","floor":15.0},{"not_picked":["Guardian:BaubleBeam","Guardian:ConstructionForm"],"picked":"Guardian:Gem_Synthetic","floor":16.0},{"not_picked":["Guardian:Harden","Guardian:TemporalShield"],"picked":"Guardian:Gem_Lightblue","floor":19.0},{"not_picked":["Guardian:ChargeCore","Guardian:Reroute+1"],"picked":"Guardian:TemporalStrike+1","floor":22.0},{"not_picked":["Guardian:Incinerate+1","Guardian:WalkerClaw+1"],"picked":"Guardian:BodySlam","floor":25.0},{"not_picked":["Guardian:PrimingBeam","Guardian:TemporalStrike+1"],"picked":"Guardian:Planning+1","floor":27.0},{"not_picked":["Guardian:Gem_Lightblue","Guardian:Planning+1","Guardian:RefractedBeam"],"picked":"SKIP","floor":28.0},{"not_picked":["Guardian:Suspension+1","Guardian:TimeCapacitor+1"],"picked":"Guardian:PiercingHide+1","floor":29.0},{"not_picked":["Guardian:Clone+1","Guardian:TemporalStrike"],"picked":"Guardian:Recover+1","floor":30.0},{"not_picked":["Guardian:DonusPower+1","Guardian:RefractedBeam+1","Guardian:Gem_Fragmented"],"picked":"SKIP","floor":31.0},{"not_picked":["Guardian:RefractedBeam","Guardian:TemporalStrike"],"picked":"Guardian:DecasProtection+1","floor":32.0},{"not_picked":["Guardian:FastForward+1","Guardian:StasisField+1"],"picked":"Guardian:SphericShield+1","floor":33.0},{"not_picked":["Guardian:Incinerate","Guardian:ChargeCore","Guardian:Reroute"],"picked":"SKIP","floor":36},{"not_picked":["Guardian:Gem_Cyan","Guardian:ArmoredProtocol+1","Guardian:WalkerClaw+1"],"picked":"SKIP","floor":37},{"not_picked":["Guardian:Reroute+1","Guardian:Gem_Purple"],"picked":"Guardian:TimeCapacitor","floor":39},{"not_picked":["Guardian:BodySlam+1","Guardian:TimeCapacitor","Guardian:PrismaticBarrier+1"],"picked":"SKIP","floor":42},{"not_picked":["Guardian:WalkerClaw","Guardian:Emergency+1"],"picked":"Guardian:Suspension+1","floor":43},{"not_picked":["Guardian:Incinerate","Guardian:ChargeCore+1","Guardian:FloatingOrbs+1"],"picked":"SKIP","floor":46},{"not_picked":["Guardian:Gem_Cyan","Guardian:PiercingHide+1","Guardian:FloatingOrbs+1"],"picked":"SKIP","floor":47},{"not_picked":["Guardian:PiercingHide+1","Guardian:PrismaticBeam"],"picked":"Guardian:BronzeOrb+1","floor":48},{"not_picked":["Guardian:ShieldCharger+1","Guardian:Gem_Lightblue","Guardian:SentryBeam+1"],"picked":"SKIP","floor":49},{"not_picked":["Guardian:DecasProtection+1","Guardian:DonusPower+1"],"picked":"Guardian:Gem_Green","floor":52}],"player_experience":1025071,"relics_obtained":[{"floor":10.0,"key":"Pocketwatch"},{"floor":21.0,"key":"HornCleat"},{"floor":24.0,"key":"Toxic Egg 2"},{"floor":41,"key":"Mango"},{"floor":43,"key":"Shovel"},{"floor":44,"key":"Ginger"},{"floor":48,"key":"MawBank"},{"floor":52,"key":"Oddly Smooth Stone"},{"floor":54,"key":"Mummified Hand"}],"event_choices":[{"damage_healed":0.0,"max_hp_gain":0.0,"max_hp_loss":0.0,"gold_gain":0.0,"event_name":"Big Fish","player_choice":"Box","floor":5.0,"gold_loss":0.0,"damage_taken":0.0,"relics_obtained":["StrikeDummy"],"cards_obtained":["Regret"]},{"cards_removed":["Guardian:SentryBeam"],"damage_healed":6,"gold_gain":0,"player_choice":"Offered Uncommon","damage_taken":0,"max_hp_gain":0,"max_hp_loss":0,"event_name":"Bonfire Elementals","floor":38,"gold_loss":0},{"cards_removed":["Guardian:SpikerProtocol"],"damage_healed":0,"gold_gain":0,"player_choice":"Removed Power","damage_taken":0,"max_hp_gain":0,"max_hp_loss":0,"event_name":"Falling","floor":40,"gold_loss":0}],"is_beta":false,"boss_relics":[{"not_picked":["SlaversCollar","Runic Dome"],"picked":"Guardian:ModeShifterPlus"},{"not_picked":["SacredBark","Calling Bell"],"picked":"Fusion Hammer"}],"items_purged_floors":[22,31],"is_endless":false,"potions_floor_spawned":[4,14,15,16,27,28,30,32,39,42,47,49,52],"ascension_level":0}}