{"host":"d61fcf2p3sjwe6yo","time":1611247228,"event":{"mods":["AchievementEnabler","BaseMod","Colored Map","Downfall","Minty Spire (QoL Compilation)","StSLib","SuperFastMode"],"gold_per_floor":[99,117,117,117,133,168,195,195,95,126,175,192,127,162,173,275,275,275,299,299,326,197,197,197,324,324,344,344,384,408,453,471,485,485],"floor_reached":33,"language":"ENG","playtime":2192,"items_purged":["Normality"],"score":450,"play_id":"bb588333-5d71-4dc3-8815-f5fc57828e32","local_time":"20210121194028","is_ascension_mode":true,"campfire_choices":[{"floor":1.0,"key":"RECALL"},{"data":"sneckomod:GlitteringGambit","floor":18.0,"key":"SMITH"}],"circlet_count":0,"master_deck":["AscendersBane","sneckomod:Defend","sneckomod:Defend","sneckomod:SnekBite","sneckomod:Unknown","sneckomod:Unknown0Cost","sneckomod:UnknownDexterity","sneckomod:RainOfDice","sneckomod:UnknownExhaust","Wireheading","sneckomod:UnknownRarePower","sneckomod:SerpentIdol+1","sneckomod:UnknownCommonAttack","sneckomod:GlitteringGambit+1","sneckomod:Restock","bronze:InfiniteBeams+1","sneckomod:QuickMove+1","sneckomod:UnknownRareAttack","Backflip","Sanctity","sneckomod:WideSting+1","sneckomod:UnknownClassTHE_BRONZE_AUTOMATON+1","sneckomod:UnknownX","bronze:FunctionCard","sneckomod:Memorize"],"relics":["sneckomod:SneckoSoul","Smiling Mask","downfall:ShatteredFragment","downfall:HeartBlessingRed","Guardian:PocketSentry","Anchor","Potion Belt","Sozu","Mummified Hand","Nunchaku","hexamod:BolsterEngine","Omamori","MutagenicStrength","Tiny Chest"],"acts_visited":["Exordium","TheCity"],"potions_floor_usage":[33,33],"damage_taken":[{"damage":9.0,"enemies":"2 Louse","floor":2.0,"turns":3.0},{"damage":4.0,"enemies":"Jaw Worm","floor":5.0,"turns":3.0},{"damage":7.0,"enemies":"Cultist","floor":6.0,"turns":4.0},{"damage":22.0,"enemies":"3 Sentries","floor":10.0,"turns":6.0},{"damage":0.0,"enemies":"Blue Slaver","floor":12.0,"turns":2.0},{"damage":0.0,"enemies":"downfall:FleeingMerchant","floor":13.0,"turns":4.0},{"damage":0.0,"enemies":"Gremlin Nob","floor":14.0,"turns":2.0},{"damage":0.0,"enemies":"2 Fungi Beasts","floor":15.0,"turns":2.0},{"damage":13.0,"enemies":"IC_STATUS_ARCHETYPE","floor":16.0,"turns":5.0},{"damage":9.0,"enemies":"Shell Parasite","floor":19.0,"turns":4.0},{"damage":9.0,"enemies":"downfall:FleeingMerchant","floor":22.0,"turns":4.0},{"damage":12.0,"enemies":"downfall:Augmenter","floor":25.0,"turns":4.0},{"damage":2.0,"enemies":"Centurion and Healer","floor":27.0,"turns":4.0},{"damage":0.0,"enemies":"Sentry and Sphere","floor":29.0,"turns":4.0},{"damage":0.0,"enemies":"Shelled Parasite and Fungi","floor":30.0,"turns":5.0},{"damage":17.0,"enemies":"Book of Stabbing","floor":31.0,"turns":4.0},{"damage":0.0,"enemies":"Centurion and Healer","floor":32.0,"turns":4.0},{"damage":52,"enemies":"DF_ARCHETYPE_CLAW","floor":33,"turns":5}],"seed_played":"-5181988483223602650","potions_obtained":[{"floor":2.0,"key":"sneckomod:DiceRollPotion"},{"floor":5.0,"key":"FearPotion"},{"floor":6.0,"key":"LiquidMemories"},{"floor":15.0,"key":"champ:CounterPotion"},{"floor":16.0,"key":"Strength Potion"}],"is_trial":false,"path_per_floor":["R","M","?","?","M","M","T","?","R","E","T","M","$","E","M","B",null,"R","M","?","T","$","R","T","?","R","M","R","M","M","E","M","B"],"character_chosen":"THE_SNECKO","items_purchased":["hexamod:BolsterEngine"],"campfire_rested":0,"item_purchase_floors":[22],"current_hp_per_floor":[90,81,81,81,77,70,70,49,49,27,27,27,27,27,27,14,78,78,69,69,69,60,60,60,48,48,46,46,46,46,29,39,0,0],"gold":485,"neow_bonus":"TEN_PERCENT_HP_BONUS","is_daily":false,"chose_seed":false,"campfire_upgraded":1,"win_rate":0.0,"timestamp":1611247228,"path_taken":["R","M","?","?","?","M","T","?","R","E","?","M","$","E","M","BOSS","R","M","?","?","$","R","T","?","R","M","R","M","M","E","M","BOSS"],"items_purchased_type":["Relic"],"build_version":"2020-12-22","purchased_purges":1,"victory":false,"max_hp_per_floor":[99,99,99,99,99,99,99,99,99,99,99,99,99,99,99,99,99,99,99,99,99,99,99,99,99,99,99,99,99,99,99,99,99,99],"card_choices":[{"not_picked":["sneckomod:QuickMove","sneckomod:SoulRoll"],"picked":"sneckomod:Unknown0Cost","floor":2.0},{"not_picked":["sneckomod:DiceCrush","sneckomod:SnakeSap","sneckomod:SoulRoll"],"picked":"SKIP","floor":5.0},{"not_picked":["sneckomod:DiceBlock","sneckomod:SnakeSap"],"picked":"sneckomod:UnknownExhaust","floor":6.0},{"not_picked":["sneckomod:UnknownCommonAttack","sneckomod:Unknown1Cost"],"picked":"sneckomod:UnknownRarePower","floor":10.0},{"not_picked":["sneckomod:Unknown1Cost","sneckomod:UnknownUncommonSkill"],"picked":"sneckomod:SerpentIdol","floor":12.0},{"not_picked":["sneckomod:IronFang","sneckomod:Nope","sneckomod:SnekBeam"],"picked":"SKIP","floor":13.0},{"not_picked":["sneckomod:SlitherStrike","sneckomod:DiceBoulder"],"picked":"sneckomod:UnknownCommonAttack","floor":14.0},{"not_picked":["sneckomod:IronFang","sneckomod:UnknownCommonAttack"],"picked":"sneckomod:UnknownDraw","floor":15.0},{"not_picked":["sneckomod:Transmogrify","sneckomod:DangerNoodle"],"picked":"sneckomod:GlitteringGambit","floor":16.0},{"not_picked":["sneckomod:QuickMove","sneckomod:DiceCrush"],"picked":"sneckomod:UnknownUncommonSkill","floor":19.0},{"not_picked":["sneckomod:UnknownDraw","sneckomod:UnknownCommonSkill"],"picked":"sneckomod:Restock","floor":22.0},{"not_picked":["sneckomod:SnakeSap+1","sneckomod:DiceBoulder"],"picked":"sneckomod:QuickMove+1","floor":25.0},{"not_picked":["sneckomod:DiceCrush+1","sneckomod:UnendingSupply","sneckomod:SoulCleanse"],"picked":"SKIP","floor":27.0},{"not_picked":["sneckomod:SlitherStrike","sneckomod:IronFang+1"],"picked":"sneckomod:WideSting+1","floor":29.0},{"not_picked":["sneckomod:PureSnecko+1","sneckomod:UnknownExhaust"],"picked":"sneckomod:UnknownClassTHE_BRONZE_AUTOMATON+1","floor":30.0},{"not_picked":["sneckomod:UnknownUncommonPower","sneckomod:CheapStock"],"picked":"sneckomod:UnknownX","floor":31.0},{"not_picked":["sneckomod:QuickMove","sneckomod:Nope+1"],"picked":"sneckomod:Memorize","floor":32.0}],"player_experience":648432,"relics_obtained":[{"floor":7.0,"key":"Smiling Mask"},{"floor":10.0,"key":"Guardian:PocketSentry"},{"floor":11.0,"key":"Anchor"},{"floor":14.0,"key":"Potion Belt"},{"floor":21.0,"key":"Nunchaku"},{"floor":24.0,"key":"Omamori"},{"floor":25.0,"key":"MutagenicStrength"},{"floor":31.0,"key":"Tiny Chest"}],"event_choices":[],"is_beta":false,"boss_relics":[{"not_picked":["Philosopher\u0027s Stone","Calling Bell"],"picked":"Sozu"}],"items_purged_floors":[13],"is_endless":false,"potions_floor_spawned":[2,5,6,15,16,30,31],"killed_by":"DF_ARCHETYPE_CLAW","ascension_level":10}}