{"host":"gjfulft9y42c2y2c","time":1611219304,"event":{"mods":["BaseMod","Colored Map","DeckTracker","Keyboard Shortcuts","Minty Spire (QoL Compilation)","Permanent Neow","StSLib","SuperFastMode","everything is the same but u backflip on backflip"],"gold_per_floor":[114,129,145,158,158,190,190,203,203,222,252,252,271,306,306,384,384,396,70,70,82,94,94,109,109,109,109,141,141,141,151,151,223,223,233,253,153,173,188,213,232,252,299,318,360,374,399,431,431,431,431,431,431,129,155,155,155],"floor_reached":56,"language":"KOR","playtime":1422,"items_purged":["Strike_R","Decay","Defend_R"],"score":2274,"play_id":"8cfffb52-2f88-4a39-827f-e63c9ec873b4","local_time":"20210121175504","is_ascension_mode":true,"campfire_choices":[{"data":"Twin Strike","floor":7.0,"key":"SMITH"},{"data":"Pommel Strike","floor":12.0,"key":"SMITH"},{"data":"Uppercut","floor":15.0,"key":"SMITH"},{"data":"Apotheosis","floor":23.0,"key":"SMITH"},{"data":"Sword Boomerang","floor":25.0,"key":"SMITH"},{"data":"Heavy Blade","floor":27.0,"key":"SMITH"},{"floor":32.0,"key":"REST"},{"floor":49.0,"key":"RECALL"},{"data":"Limit Break","floor":53,"key":"SMITH"}],"circlet_count":0,"master_deck":["AscendersBane","Strike_R","Strike_R","Strike_R","Defend_R","Bash","Twin Strike+1","Shrug It Off","Spot Weakness","Pommel Strike+1","Evolve","Shrug It Off","True Grit","Uppercut+1","Fiend Fire","Seeing Red","Apotheosis+1","Sword Boomerang+1","Heavy Blade+1","Pummel+1","Sword Boomerang","Necronomicurse","Headbutt","Warcry+1","Twin Strike","Limit Break+1","Battle Trance","Sword Boomerang+1","Pummel","Master of Strategy"],"relics":["Burning Blood","Brimstone","Brimstone","Brimstone","Brimstone","Brimstone","Bag of Marbles","Bronze Scales","Potion Belt","Gremlin Horn","Velvet Choker","MutagenicStrength","Magic Flower","Matryoshka","Necronomicon","Sozu","InkBottle","Ancient Tea Set","CeramicFish","Peace Pipe","Strawberry","Vajra"],"acts_visited":["Exordium","TheCity","TheBeyond","TheEnding"],"potions_floor_usage":[51,51],"damage_taken":[{"damage":7.0,"enemies":"Jaw Worm","floor":1.0,"turns":2.0},{"damage":0.0,"enemies":"2 Louse","floor":2.0,"turns":1.0},{"damage":0.0,"enemies":"Small Slimes","floor":3.0,"turns":2.0},{"damage":14.0,"enemies":"Red Slaver","floor":4.0,"turns":2.0},{"damage":15.0,"enemies":"3 Sentries","floor":6.0,"turns":3.0},{"damage":0.0,"enemies":"Looter","floor":8.0,"turns":1.0},{"damage":0.0,"enemies":"Blue Slaver","floor":10.0,"turns":1.0},{"damage":0.0,"enemies":"Gremlin Nob","floor":11.0,"turns":2.0},{"damage":0.0,"enemies":"3 Louse","floor":13.0,"turns":1.0},{"damage":30.0,"enemies":"3 Sentries","floor":14.0,"turns":4.0},{"damage":40.0,"enemies":"The Guardian","floor":16.0,"turns":5.0},{"damage":0.0,"enemies":"2 Thieves","floor":18.0,"turns":1.0},{"damage":0.0,"enemies":"Chosen","floor":21.0,"turns":2.0},{"damage":0.0,"enemies":"3 Cultists","floor":22.0,"turns":2.0},{"damage":0.0,"enemies":"Snake Plant","floor":24.0,"turns":1.0},{"damage":29.0,"enemies":"Book of Stabbing","floor":28.0,"turns":2.0},{"damage":0.0,"enemies":"Centurion and Healer","floor":31.0,"turns":1.0},{"damage":0.0,"enemies":"Champ","floor":33.0,"turns":2.0},{"damage":0.0,"enemies":"Orb Walker","floor":35.0,"turns":1.0},{"damage":10.0,"enemies":"3 Darklings","floor":36.0,"turns":3.0},{"damage":0.0,"enemies":"Spire Growth","floor":38.0,"turns":1.0},{"damage":24.0,"enemies":"4 Shapes","floor":39.0,"turns":2.0},{"damage":0.0,"enemies":"Giant Head","floor":40.0,"turns":3.0},{"damage":0.0,"enemies":"Transient","floor":41.0,"turns":4.0},{"damage":0.0,"enemies":"Writhing Mass","floor":42.0,"turns":1.0},{"damage":0.0,"enemies":"Jaw Worm Horde","floor":44.0,"turns":2.0},{"damage":0.0,"enemies":"Nemesis","floor":45.0,"turns":1.0},{"damage":0.0,"enemies":"Transient","floor":46.0,"turns":3.0},{"damage":0.0,"enemies":"3 Darklings","floor":47.0,"turns":2.0},{"damage":0.0,"enemies":"Reptomancer","floor":48.0,"turns":1.0},{"damage":76.0,"enemies":"Time Eater","floor":50.0,"turns":3.0},{"damage":12,"enemies":"Awakened One","floor":51,"turns":3},{"damage":19,"enemies":"Shield and Spear","floor":55,"turns":2},{"damage":62,"enemies":"The Heart","floor":56,"turns":2}],"seed_played":"623349047956901612","potions_obtained":[{"floor":1.0,"key":"DistilledChaos"},{"floor":2.0,"key":"SteroidPotion"},{"floor":11.0,"key":"SteroidPotion"},{"floor":16.0,"key":"FearPotion"},{"floor":22.0,"key":"FairyPotion"},{"floor":31.0,"key":"Fire Potion"}],"is_trial":false,"path_per_floor":["M","M","M","M","?","E","R","M","T","M","E","R","M","E","R","B",null,"M","$","?","M","M","R","M","R","T","R","E","?","?","M","R","B",null,"M","M","$","M","M","E","M","M","T","M","E","M","M","E","R","B","B",null,"R","$","E","B"],"character_chosen":"IRONCLAD","items_purchased":["Apotheosis","Sword Boomerang","Master of Strategy"],"campfire_rested":1,"item_purchase_floors":[19,19,54],"current_hp_per_floor":[67,68,68,60,53,44,44,50,50,56,62,62,68,44,44,10,54,60,60,60,66,68,68,68,68,68,68,48,27,27,36,56,65,67,68,67,67,68,53,62,68,68,68,68,68,68,68,75,75,42,39,66,66,66,56,0,0],"gold":155,"neow_bonus":"REMOVE_TWO","is_daily":false,"chose_seed":false,"campfire_upgraded":7,"win_rate":0.0,"timestamp":1611219304,"path_taken":["M","M","M","M","?","E","R","M","T","M","E","R","M","E","R","BOSS","M","$","?","M","M","R","M","R","T","R","E","?","?","M","R","BOSS","M","M","$","M","M","E","M","M","T","M","E","M","M","E","R","BOSS","BOSS","R","$","E","BOSS"],"items_purchased_type":["Card","Card","Card"],"build_version":"2020-12-22","purchased_purges":3,"victory":false,"max_hp_per_floor":[68,68,68,68,68,68,68,68,68,68,68,68,68,68,68,68,68,68,68,68,68,68,68,68,68,68,68,68,68,68,68,68,68,68,68,68,68,68,68,68,68,68,68,68,68,68,68,75,75,75,75,75,75,75,75,75,75],"card_choices":[{"not_picked":["Rage","Intimidate"],"picked":"Twin Strike","floor":1.0},{"not_picked":["Armaments","Second Wind"],"picked":"Shrug It Off","floor":2.0},{"not_picked":["Warcry","Heavy Blade"],"picked":"Spot Weakness","floor":3.0},{"not_picked":["Flex","Havoc","Rupture"],"picked":"SKIP","floor":4.0},{"not_picked":["Rage","Wild Strike"],"picked":"Pommel Strike","floor":6.0},{"not_picked":["Rampage","Dark Embrace","Uppercut"],"picked":"SKIP","floor":8.0},{"not_picked":["Intimidate","Cleave"],"picked":"Evolve","floor":10.0},{"not_picked":["Blood for Blood","Sever Soul"],"picked":"Shrug It Off","floor":11.0},{"not_picked":["Intimidate","Armaments"],"picked":"True Grit","floor":13.0},{"not_picked":["Warcry","Thunderclap"],"picked":"Uppercut","floor":14.0},{"not_picked":["Juggernaut","Berserk"],"picked":"Fiend Fire","floor":16.0},{"not_picked":["Flex","Pommel Strike"],"picked":"Seeing Red","floor":18.0},{"not_picked":["Thunderclap+1","Havoc"],"picked":"Heavy Blade","floor":21.0},{"not_picked":["Twin Strike","Dropkick"],"picked":"Pummel+1","floor":22.0},{"not_picked":["Fiend Fire","Feel No Pain","Body Slam"],"picked":"SKIP","floor":24.0},{"not_picked":["Anger","Metallicize"],"picked":"Sword Boomerang","floor":28.0},{"not_picked":["Infernal Blade","Dropkick","Cleave"],"picked":"SKIP","floor":31.0},{"not_picked":["Pommel Strike","Body Slam","Clothesline+1"],"picked":"SKIP","floor":35.0},{"not_picked":["Power Through","Evolve"],"picked":"Headbutt","floor":36.0},{"not_picked":["Dark Embrace+1","Hemokinesis"],"picked":"Warcry+1","floor":38.0},{"not_picked":["Clash","Bloodletting"],"picked":"Twin Strike","floor":39.0},{"not_picked":["Sentinel","Shrug It Off"],"picked":"Limit Break","floor":40.0},{"not_picked":["Clothesline","Blood for Blood"],"picked":"Battle Trance","floor":41.0},{"not_picked":["Evolve","Blood for Blood","Havoc"],"picked":"SKIP","floor":42.0},{"not_picked":["Clothesline","Reckless Charge","Thunderclap"],"picked":"SKIP","floor":44.0},{"not_picked":["Wild Strike","Offering"],"picked":"Sword Boomerang+1","floor":45.0},{"not_picked":["Warcry","Anger","Heavy Blade"],"picked":"SKIP","floor":46.0},{"not_picked":["Rampage","Sword Boomerang"],"picked":"Pummel","floor":47.0},{"not_picked":["Burning Pact","Clothesline+1","Sever Soul"],"picked":"SKIP","floor":48.0},{"not_picked":["Anger","Body Slam","Dark Embrace"],"picked":"SKIP","floor":55}],"player_experience":266637,"relics_obtained":[{"floor":6.0,"key":"Bag of Marbles"},{"floor":9.0,"key":"Bronze Scales"},{"floor":11.0,"key":"Potion Belt"},{"floor":14.0,"key":"Gremlin Horn"},{"floor":26.0,"key":"Magic Flower"},{"floor":28.0,"key":"Matryoshka"},{"floor":29.0,"key":"Necronomicon"},{"floor":40.0,"key":"InkBottle"},{"floor":43.0,"key":"Ancient Tea Set"},{"floor":43.0,"key":"CeramicFish"},{"floor":45.0,"key":"Peace Pipe"},{"floor":48.0,"key":"Strawberry"},{"floor":55,"key":"Vajra"}],"event_choices":[{"cards_removed":["Defend_R"],"damage_healed":0.0,"max_hp_gain":0.0,"max_hp_loss":0.0,"gold_gain":0.0,"event_name":"Golden Wing","player_choice":"Card Removal","floor":5.0,"gold_loss":0.0,"damage_taken":7.0},{"damage_healed":0.0,"max_hp_gain":0.0,"max_hp_loss":0.0,"gold_gain":0.0,"event_name":"Drug Dealer","player_choice":"Inject Mutagens","floor":20.0,"gold_loss":0.0,"damage_taken":0.0,"relics_obtained":["MutagenicStrength"]},{"damage_healed":0.0,"max_hp_gain":0.0,"max_hp_loss":0.0,"gold_gain":0.0,"event_name":"Cursed Tome","player_choice":"Obtained Book","floor":29.0,"gold_loss":0.0,"damage_taken":21.0},{"damage_healed":0.0,"max_hp_gain":0.0,"max_hp_loss":0.0,"gold_gain":0.0,"event_name":"Wheel of Change","player_choice":"Cursed","floor":30.0,"gold_loss":0.0,"damage_taken":0.0,"cards_obtained":["Decay"]}],"is_beta":false,"boss_relics":[{"not_picked":["SacredBark","Mark of Pain"],"picked":"Velvet Choker"},{"not_picked":["Tiny House","Black Star"],"picked":"Sozu"}],"items_purged_floors":[19,37,54],"is_endless":false,"potions_floor_spawned":[1,2,11,16,22,24,28,31,39,40,41,44,45,46,48,55],"killed_by":"The Heart","ascension_level":20}}