{"host":"p8f0otjoacyb9giz","time":1611246405,"event":{"mods":["AchievementEnabler","BaseMod","Downfall","Minty Spire (QoL Compilation)","StSLib"],"gold_per_floor":[99,99,199,229,303,108,133,133,50,81,81,181,181,173,192,192,192,192],"floor_reached":16,"language":"ENG","playtime":464,"items_purged":[],"score":101,"play_id":"2320eda8-796b-4cb5-ace2-615876fdbb38","local_time":"20210121192645","is_ascension_mode":true,"campfire_choices":[{"data":"hexamod:Float","floor":1,"key":"SMITH"},{"floor":11,"key":"RECALL"}],"circlet_count":0,"master_deck":["hexamod:Strike","hexamod:Strike","hexamod:Strike","hexamod:Strike","hexamod:Defend","hexamod:Defend","hexamod:Defend","hexamod:Defend","hexamod:Sear","hexamod:Float+1","hexamod:SuperheatedStrike+1","hexamod:ThermalTransfer","hexamod:RadiantFlame","hexamod:PhantomFireball","hexamod:FourthSeal","hexamod:FirstSeal","hexamod:SecondSeal","hexamod:DynamicBlow"],"relics":["hexamod:SpiritBrand","downfall:HeartsMalice","Vajra","champ:Barbells","Lantern","Juzu Bracelet"],"acts_visited":["Exordium"],"potions_floor_usage":[15,16,16],"damage_taken":[{"damage":0,"enemies":"Small Slimes","floor":2,"turns":1},{"damage":0,"enemies":"downfall:FleeingMerchant","floor":6,"turns":1},{"damage":0,"enemies":"Jaw Worm","floor":8,"turns":1},{"damage":0,"enemies":"downfall:FleeingMerchant","floor":9,"turns":4},{"damage":30,"enemies":"3 Sentries","floor":10,"turns":7},{"damage":5,"enemies":"Cultist","floor":15,"turns":4},{"damage":35,"enemies":"SI_SHIV_ARCHETYPE","floor":16,"turns":8}],"seed_played":"1809835489402511949","potions_obtained":[{"floor":10,"key":"SkillPotion"},{"floor":13,"key":"PowerPotion"},{"floor":13,"key":"ColorlessPotion"},{"floor":15,"key":"bronze:BurnAndBuffPotion"}],"is_trial":false,"path_per_floor":["R","M","?","?","T","$","T","M","$","E","R","?","?","?","M","B"],"character_chosen":"THE_SPIRIT","items_purchased":["hexamod:ThermalTransfer","champ:Barbells","hexamod:PhantomFireball"],"campfire_rested":0,"item_purchase_floors":[6,6,9],"current_hp_per_floor":[70,70,70,70,70,70,70,70,70,40,40,40,40,33,35,0,0,0],"gold":192,"neow_bonus":"THREE_ENEMY_KILL","is_daily":false,"chose_seed":false,"campfire_upgraded":1,"win_rate":0.0,"timestamp":1611246405,"path_taken":["R","M","?","?","?","?","T","M","$","E","R","?","?","?","M","BOSS"],"items_purchased_type":["Card","Relic","Card"],"build_version":"2020-12-22","purchased_purges":0,"victory":false,"max_hp_per_floor":[70,70,70,70,70,70,70,70,70,70,70,70,70,70,70,70,70,70],"card_choices":[{"not_picked":["hexamod:Hexaguard","hexamod:ThermalTransfer"],"picked":"hexamod:SuperheatedStrike","floor":2},{"not_picked":["hexamod:FastForward","hexamod:SkipABeat","hexamod:NightmareGuise"],"picked":"SKIP","floor":6},{"not_picked":["hexamod:Haunt","hexamod:RecurringNightmare","hexamod:HauntingEcho"],"picked":"SKIP","floor":8},{"not_picked":["hexamod:SwordOfDarkness","hexamod:Haunt"],"picked":"hexamod:RadiantFlame","floor":9},{"not_picked":["hexamod:StepThrough","hexamod:EmpoweredFlame"],"picked":"hexamod:FourthSeal","floor":10},{"not_picked":["hexamod:SwordOfDarkness","hexamod:RetreatToShadows"],"picked":"hexamod:DynamicBlow","floor":15}],"player_experience":385616,"relics_obtained":[{"floor":7,"key":"Lantern"},{"floor":10,"key":"Juzu Bracelet"}],"event_choices":[{"damage_healed":0,"gold_gain":0,"player_choice":"Got Potions","damage_taken":0,"max_hp_gain":0,"max_hp_loss":0,"event_name":"Lab","floor":13,"gold_loss":0}],"is_beta":false,"boss_relics":[],"items_purged_floors":[],"is_endless":false,"potions_floor_spawned":[10,15],"killed_by":"SI_SHIV_ARCHETYPE","ascension_level":2}}