{"host":"qhd5m7ak4qaao2fj","time":1611224997,"event":{"mods":["AchievementEnabler","BaseMod","Bestiary","Block Reminder","Colored Map","Colored Powertips","DeckTracker","Highlight Path","Minty Spire (QoL Compilation)","Quick Restart","Relic Stats"],"gold_per_floor":[113,127,139,139,139,139,152,177,177,177,190,190,207,60,60,158,158,170,269,269,269],"floor_reached":20,"language":"ENG","playtime":3339,"items_purged":[],"score":183,"play_id":"224d6ada-3783-4999-9c3c-a20d60297cc9","local_time":"20210121112957","is_ascension_mode":true,"campfire_choices":[{"data":"Malaise","floor":6.0,"key":"SMITH"},{"floor":10.0,"key":"RECALL"},{"data":"Infinite Blades","floor":15.0,"key":"SMITH"}],"circlet_count":0,"master_deck":["Strike_G","Strike_G","Strike_G","Strike_G","Strike_G","Defend_G","Defend_G","Defend_G","Defend_G","Survivor","Neutralize","Acrobatics","Quick Slash","Tools of the Trade+1","Malaise+1","Quick Slash","Infinite Blades+1","Tools of the Trade+1","Venomology"],"relics":["Ring of the Snake","Bag of Preparation","DollysMirror","HoveringKite"],"acts_visited":["Exordium","TheCity"],"potions_floor_usage":[16],"damage_taken":[{"damage":4.0,"enemies":"2 Louse","floor":1.0,"turns":2.0},{"damage":0.0,"enemies":"Small Slimes","floor":2.0,"turns":3.0},{"damage":1.0,"enemies":"Cultist","floor":3.0,"turns":3.0},{"damage":6.0,"enemies":"3 Louse","floor":7.0,"turns":5.0},{"damage":26.0,"enemies":"Gremlin Nob","floor":8.0,"turns":6.0},{"damage":10.0,"enemies":"Gremlin Gang","floor":11.0,"turns":4.0},{"damage":2.0,"enemies":"Blue Slaver","floor":13.0,"turns":4.0},{"damage":14,"enemies":"Hexaghost","floor":16,"turns":13},{"damage":24,"enemies":"Spheric Guardian","floor":18,"turns":7},{"damage":2,"enemies":"Masked Bandits","floor":20,"turns":2}],"seed_played":"470040364455875374","potions_obtained":[{"floor":8.0,"key":"Block Potion"},{"floor":11.0,"key":"DuplicationPotion"},{"floor":12.0,"key":"CunningPotion"},{"floor":12.0,"key":"DistilledChaos"},{"floor":16,"key":"ColorlessPotion"}],"is_trial":false,"path_per_floor":["M","M","M","?","?","R","M","E","T","R","M","?","M","$","R","B",null,"M","?","?"],"character_chosen":"THE_SILENT","items_purchased":["DollysMirror"],"campfire_rested":0,"item_purchase_floors":[14],"current_hp_per_floor":[73,73,72,72,72,72,66,40,40,40,30,30,28,28,28,14,77,53,53,51,51],"gold":269,"neow_bonus":"TEN_PERCENT_HP_BONUS","is_daily":false,"chose_seed":false,"campfire_upgraded":2,"win_rate":0.0,"timestamp":1611224997,"path_taken":["M","M","M","?","?","R","M","E","T","R","?","?","?","$","R","BOSS","M","?","?"],"items_purchased_type":["Relic"],"build_version":"2020-12-22","purchased_purges":0,"victory":false,"max_hp_per_floor":[77,77,77,77,77,77,77,77,77,77,77,77,77,77,77,77,77,77,77,77,77],"relic_stats":{"counters":[10,49],"HoveringKite":[6],"Bag of Preparation":[10],"obtain_stats":[{"DollysMirror":14,"HoveringKite":17,"Bag of Preparation":8,"Ring of the Snake":0},{"DollysMirror":7,"HoveringKite":8,"Bag of Preparation":5,"Ring of the Snake":0},{"DollysMirror":27,"HoveringKite":40,"Bag of Preparation":19,"Ring of the Snake":0}],"Ring of the Snake":[20]},"card_choices":[{"not_picked":["Slice","Bane"],"picked":"Acrobatics","floor":1.0},{"not_picked":["Escape Plan","Blade Dance"],"picked":"Quick Slash","floor":2.0},{"not_picked":["Heel Hook","Bane"],"picked":"Tools of the Trade","floor":3.0},{"not_picked":["Distraction","Dodge and Roll"],"picked":"Quick Slash","floor":7.0},{"not_picked":["Distraction","Choke","Acrobatics"],"picked":"SKIP","floor":8.0},{"not_picked":["Catalyst","Cloak And Dagger"],"picked":"Infinite Blades","floor":11.0},{"not_picked":["Sucker Punch","Poisoned Stab","Wraith Form v2"],"picked":"SKIP","floor":13.0},{"not_picked":["Doppelganger","Night Terror"],"picked":"Venomology","floor":16},{"not_picked":["Cloak And Dagger","Flying Knee","Dodge and Roll+1"],"picked":"SKIP","floor":18}],"player_experience":267078,"relics_obtained":[{"floor":8.0,"key":"Bag of Preparation"}],"event_choices":[{"damage_healed":0.0,"max_hp_gain":0.0,"max_hp_loss":0.0,"gold_gain":0.0,"event_name":"Living Wall","player_choice":"Grow","floor":4.0,"gold_loss":0.0,"damage_taken":0.0,"cards_upgraded":["Tools of the Trade"]},{"damage_healed":0.0,"max_hp_gain":0.0,"max_hp_loss":0.0,"gold_gain":0.0,"cards_transformed":["Defend_G"],"event_name":"Transmorgrifier","player_choice":"Transformed","floor":5.0,"gold_loss":0.0,"damage_taken":0.0,"cards_obtained":["Malaise"]},{"damage_healed":0.0,"max_hp_gain":0.0,"max_hp_loss":0.0,"gold_gain":0.0,"event_name":"Lab","player_choice":"Got Potions","floor":12.0,"gold_loss":0.0,"damage_taken":0.0},{"damage_healed":0,"gold_gain":99,"player_choice":"Stole From Cult","damage_taken":0,"max_hp_gain":0,"max_hp_loss":0,"event_name":"Nest","floor":19,"gold_loss":0},{"damage_healed":0,"gold_gain":0,"player_choice":"Fought Bandits","damage_taken":0,"max_hp_gain":0,"max_hp_loss":0,"event_name":"Masked Bandits","floor":20,"gold_loss":0}],"is_beta":false,"boss_relics":[{"not_picked":["Calling Bell","Runic Pyramid"],"picked":"HoveringKite"}],"items_purged_floors":[],"is_endless":false,"potions_floor_spawned":[8,11,16],"killed_by":"Masked Bandits","ascension_level":1}}