{"host":"tkinv8gv6hgcc58b","time":1611260165,"event":{"mods":["AchievementEnabler","BaseMod","BetterRewards","Colored Map","Downfall","Googly Eyes","Hermit","Minty Spire (QoL Compilation)","READ ME - Guardian Mod","Rare Cards Sparkle","Relic Filter","Shop Mod","StSLib","The Cursed","The Disciple"],"gold_per_floor":[99,111,126,70,85,85,85,98,98,110,126,154,154,3,18,120,120,120,130,230,127,127,227,254,288,353,403,403,318,318,338,352,448,448,448,464,479,578,678,678,760,198,248,248,298,298,331,86,86,86],"floor_reached":51,"language":"ENG","playtime":3098,"items_purged":["Regret"],"score":866,"play_id":"3d52fe54-f74a-4759-a757-cd37f279756a","local_time":"20210121151605","is_ascension_mode":true,"campfire_choices":[{"data":"1","floor":1,"key":"LIFT"},{"data":"2","floor":6,"key":"LIFT"},{"data":"3","floor":9,"key":"LIFT"},{"data":"bronze:Verify","floor":18,"key":"SMITH"},{"floor":28,"key":"REST"},{"data":"bronze:Assembly","floor":30,"key":"SMITH"},{"data":"bronze:Format","floor":35,"key":"SMITH"},{"data":"expansioncontent:QuickStudy","floor":44,"key":"SMITH"},{"data":"bronze:Deprecate","floor":46,"key":"SMITH"},{"data":"bronze:ClassDefault","floor":49,"key":"SMITH"}],"circlet_count":0,"master_deck":["bronze:Strike","bronze:Strike","bronze:Strike","bronze:Strike","bronze:Defend","bronze:Defend","bronze:Defend","bronze:Defend","bronze:Replicate","bronze:Goto","CurseOfTheBell","bronze:Constructor","bronze:Boost","bronze:FindAndReplace","bronze:ChosenStrike","bronze:FineTuning","bronze:ChosenStrike","bronze:ClassDefault+1","bronze:BronzeOrb","bronze:FindAndReplace","bronze:Deprecate+1","bronze:Verify+1","bronze:FineTuning","bronze:ChosenStrike+1","bronze:Assembly+1","bronze:Shell","bronze:Format+1","bronze:BronzeOrb","expansioncontent:QuickStudy+1","bronze:DelayedGuard"],"relics":["Akabeko","Pantograph","Girya","Bag of Marbles","WingedGreaves","Cursed Key","MerchantsRug","Enchiridion","downfall:CloakOfManyFaces","CultistMask","FaceOfCleric","NlothsMask","GremlinMask","SsserpentHead","Art of War","Medical Kit","Nunchaku","Blood Vial","bronze:MakeshiftBattery","Unceasing Top","Ginger","Meat on the Bone","CaptainsWheel","Shuriken","Bottled Tornado"],"acts_visited":["Exordium","TheCity","TheBeyond"],"potions_floor_usage":[16,23,33,33,39,40,50],"damage_taken":[{"damage":7,"enemies":"Jaw Worm","floor":2,"turns":3},{"damage":6,"enemies":"Cultist","floor":3,"turns":3},{"damage":0,"enemies":"downfall:FleeingMerchant","floor":4,"turns":4},{"damage":0,"enemies":"2 Louse","floor":5,"turns":2},{"damage":0,"enemies":"Red Slaver","floor":8,"turns":1},{"damage":4,"enemies":"2 Fungi Beasts","floor":10,"turns":2},{"damage":8,"enemies":"3 Louse","floor":11,"turns":3},{"damage":0,"enemies":"Lagavulin","floor":12,"turns":5},{"damage":5,"enemies":"downfall:FleeingMerchant","floor":14,"turns":4},{"damage":4,"enemies":"Exordium Wildlife","floor":15,"turns":2},{"damage":43,"enemies":"SI_SHIV_ARCHETYPE","floor":16,"turns":8},{"damage":1,"enemies":"Shell Parasite","floor":19,"turns":2},{"damage":0,"enemies":"downfall:FleeingMerchant","floor":21,"turns":4},{"damage":21,"enemies":"downfall:FaceTrader","floor":23,"turns":4},{"damage":2,"enemies":"Book of Stabbing","floor":25,"turns":3},{"damage":5,"enemies":"Chosen","floor":26,"turns":3},{"damage":2,"enemies":"downfall:FleeingMerchant","floor":29,"turns":2},{"damage":0,"enemies":"Centurion and Healer","floor":31,"turns":4},{"damage":34,"enemies":"Chosen and Byrds","floor":32,"turns":7},{"damage":32,"enemies":"WA_ARCHETYPE_CALM","floor":33,"turns":9},{"damage":0,"enemies":"Orb Walker","floor":36,"turns":1},{"damage":3,"enemies":"3 Shapes","floor":37,"turns":3},{"damage":0,"enemies":"2 Orb Walkers","floor":38,"turns":2},{"damage":46,"enemies":"2 Orb Walkers","floor":39,"turns":6},{"damage":0,"enemies":"Nemesis","floor":40,"turns":3},{"damage":3,"enemies":"Giant Head","floor":47,"turns":5},{"damage":53,"enemies":"DF_ARCHETYPE_ORBS","floor":50,"turns":6}],"seed_played":"-7543488963743816392","potions_obtained":[{"floor":2,"key":"bronze:BuildAFunctionPotion"},{"floor":5,"key":"LiquidBronze"},{"floor":11,"key":"SkillPotion"},{"floor":16,"key":"champ:CounterPotion"},{"floor":23,"key":"champ:CounterPotion"},{"floor":25,"key":"AttackPotion"},{"floor":26,"key":"SmokeBomb"},{"floor":31,"key":"champ:CounterPotion"},{"floor":37,"key":"Fire Potion"},{"floor":47,"key":"Dexterity Potion"}],"is_trial":false,"path_per_floor":["R","M","M","$","M","R","T","M","R","M","M","E","?","$","M","B",null,"R","M","?","$","?","?","T","E","M","?","R","$","R","M","M","B",null,"R","M","M","?","?","E","T","$","?","R","?","R","E","$","R","B",null],"character_chosen":"THE_AUTOMATON","items_purchased":["bronze:ChosenStrike","bronze:FindAndReplace","MerchantsRug","Medical Kit","Nunchaku","Blood Vial","CaptainsWheel","expansioncontent:QuickStudy","Bottled Tornado"],"campfire_rested":1,"item_purchase_floors":[4,14,21,29,29,29,42,42,48],"current_hp_per_floor":[70,63,57,57,57,57,57,57,57,53,45,45,45,40,36,18,70,70,69,69,69,53,32,32,31,27,27,48,47,47,50,19,15,76,76,77,75,78,34,37,37,37,71,71,71,71,69,69,69,32],"gold":86,"neow_bonus":"BOSS_RELIC","is_daily":false,"chose_seed":false,"campfire_upgraded":6,"win_rate":0.0,"timestamp":1611260165,"path_taken":["R","M","M","$","M","R","T","M","R","M","M","E","?","?","M","BOSS","R","M","?","$","?","?","T","E","?","?","R","$","R","M","M","BOSS","R","M","M","?","?","E","T","$","?","R","?","R","E","$","R","BOSS"],"items_purchased_type":["Card","Card","Relic","Relic","Relic","Relic","Relic","Card","Relic"],"build_version":"2020-12-22","purchased_purges":1,"victory":true,"max_hp_per_floor":[70,70,70,70,70,70,70,70,70,70,70,70,70,70,70,70,70,70,70,70,70,70,70,70,71,72,72,72,73,73,74,75,76,76,76,77,78,79,80,81,81,81,71,71,71,71,72,72,72,73],"card_choices":[{"not_picked":["bronze:BuggyMess","bronze:ItsAFeature"],"picked":"bronze:Constructor","floor":2},{"not_picked":["bronze:ClassDefault","bronze:CutThrough"],"picked":"bronze:Boost","floor":3},{"not_picked":["bronze:Separator","bronze:Refactor"],"picked":"bronze:FindAndReplace","floor":4},{"not_picked":["bronze:ChildClass","bronze:Frontload","bronze:NullPointer"],"picked":"SKIP","floor":5},{"not_picked":["bronze:DigitalCarnage","bronze:Invalidate"],"picked":"bronze:FineTuning","floor":8},{"not_picked":["bronze:CutThrough","bronze:Iterate"],"picked":"bronze:ChosenStrike","floor":10},{"not_picked":["bronze:Constructor","bronze:BitShift","bronze:WhirlingStrike"],"picked":"SKIP","floor":11},{"not_picked":["bronze:BitShift","bronze:ItsAFeature"],"picked":"bronze:ClassDefault","floor":12},{"not_picked":["bronze:CutThrough","bronze:Mutator"],"picked":"bronze:BronzeOrb","floor":14},{"not_picked":["bronze:DelayedSlice","bronze:OilSpill"],"picked":"bronze:Deprecate","floor":15},{"not_picked":["bronze:Hardcode","bronze:HyperBeam"],"picked":"bronze:Verify","floor":16},{"not_picked":["bronze:WhirlingStrike+1","bronze:Iterate","bronze:Turbo"],"picked":"SKIP","floor":19},{"not_picked":["bronze:Branch","bronze:Refactor"],"picked":"bronze:FineTuning","floor":21},{"not_picked":["bronze:BuggyMess+1","bronze:CloningBeam"],"picked":"bronze:ChosenStrike+1","floor":23},{"not_picked":["bronze:Branch","bronze:Refactor","bronze:FollowUp"],"picked":"SKIP","floor":25},{"not_picked":["bronze:MaxOutput+1","bronze:Turbo","bronze:DigitalCarnage"],"picked":"SKIP","floor":26},{"not_picked":["bronze:ChosenStrike","bronze:Turbo"],"picked":"bronze:Assembly","floor":29},{"not_picked":["bronze:Invalidate","bronze:Separator","bronze:BitShift+1"],"picked":"SKIP","floor":31},{"not_picked":["bronze:CloningBeam","bronze:ForLoop+1"],"picked":"bronze:Shell","floor":32},{"not_picked":["bronze:Verify","bronze:TinkerersToolbox"],"picked":"bronze:Format","floor":33},{"not_picked":["bronze:Refactor+1","bronze:ChosenStrike","bronze:DelayedSlice"],"picked":"SKIP","floor":36},{"not_picked":["bronze:Shell+1","bronze:BitShift+1"],"picked":"bronze:BronzeOrb","floor":37},{"not_picked":["bronze:BitShift","bronze:OilSpill","bronze:ForceShield+1"],"picked":"SKIP","floor":47}],"player_experience":1058815,"relics_obtained":[{"floor":0,"key":"Akabeko"},{"floor":0,"key":"Pantograph"},{"floor":0,"key":"Girya"},{"floor":7,"key":"Bag of Marbles"},{"floor":12,"key":"WingedGreaves"},{"floor":22,"key":"Enchiridion"},{"floor":23,"key":"downfall:CloakOfManyFaces"},{"floor":25,"key":"Art of War"},{"floor":38,"key":"Unceasing Top"},{"floor":39,"key":"Ginger"},{"floor":41,"key":"Meat on the Bone"},{"floor":47,"key":"Shuriken"}],"event_choices":[{"damage_healed":0,"gold_gain":0,"player_choice":"Fight","damage_taken":0,"max_hp_gain":0,"max_hp_loss":0,"event_name":"Mysterious Sphere","floor":38,"gold_loss":0}],"is_beta":false,"boss_relics":[{"not_picked":["SlaversCollar","Fusion Hammer"],"picked":"Cursed Key"},{"not_picked":["SacredBark","Coffee Dripper"],"picked":"bronze:MakeshiftBattery"}],"items_purged_floors":[42],"is_endless":false,"potions_floor_spawned":[2,5,11,16,23,25,26,31,37,47],"ascension_level":2}}