{"host":"qik6c64y69p9jmph","time":1611205591,"event":{"mods":["AchievementEnabler","BaseMod","Highlight Path","Minty Spire (QoL Compilation)","Quick Restart","StSLib","Synergy Search"],"gold_per_floor":[110,110,285,302,78,88,88,88,115,193,226,246,276,287,287,392,392,407,407,407,407,322,322,334,161,186,186,220,238,40,40,40,40,40],"floor_reached":33,"language":"ENG","playtime":1167,"items_purged":["Doubt"],"score":485,"play_id":"1c000461-056a-4bf6-a9b7-72f88e33c443","local_time":"20210121000631","is_ascension_mode":true,"campfire_choices":[{"data":"PathToVictory","floor":8,"key":"SMITH"},{"floor":15,"key":"REST"},{"data":"Establishment","floor":23,"key":"SMITH"},{"data":"PathToVictory","floor":27,"key":"SMITH"},{"floor":32,"key":"REST"}],"circlet_count":0,"master_deck":["Defend_P","Defend_P+1","Defend_P","Defend_P","Eruption+1","Vigilance","Protect","PathToVictory+1","PathToVictory+1","Establishment+1","PathToVictory+1","PathToVictory","Bite","Bite","Bite","Bite","Bite","Wireheading","Mayhem","ThirdEye"],"relics":["PureWater","War Paint","Centennial Puzzle","Kunai","Singing Bowl","Pocketwatch","Nunchaku","Membership Card","Akabeko","Gremlin Horn","Orichalcum"],"acts_visited":["Exordium","TheCity"],"potions_floor_usage":[11,13,18,28,31,31],"damage_taken":[{"damage":0,"enemies":"Cultist","floor":1,"turns":2},{"damage":0,"enemies":"Jaw Worm","floor":4,"turns":4},{"damage":0,"enemies":"Small Slimes","floor":6,"turns":4},{"damage":0,"enemies":"Gremlin Nob","floor":11,"turns":2},{"damage":3,"enemies":"Looter","floor":12,"turns":2},{"damage":24,"enemies":"3 Sentries","floor":13,"turns":11},{"damage":1,"enemies":"Lots of Slimes","floor":14,"turns":3},{"damage":0,"enemies":"Slime Boss","floor":16,"turns":3},{"damage":9,"enemies":"Shell Parasite","floor":18,"turns":4},{"damage":20,"enemies":"2 Thieves","floor":24,"turns":3},{"damage":24,"enemies":"Book of Stabbing","floor":28,"turns":4},{"damage":6,"enemies":"Chosen and Byrds","floor":29,"turns":4},{"damage":11,"enemies":"Sentry and Sphere","floor":31,"turns":3},{"damage":58,"enemies":"Automaton","floor":33,"turns":6}],"seed_played":"6094292285245472252","potions_obtained":[{"floor":0,"key":"EssenceOfSteel"},{"floor":0,"key":"Fire Potion"},{"floor":0,"key":"FearPotion"},{"floor":4,"key":"Explosive Potion"},{"floor":13,"key":"EssenceOfSteel"},{"floor":14,"key":"SmokeBomb"},{"floor":16,"key":"BottledMiracle"},{"floor":24,"key":"Energy Potion"},{"floor":29,"key":"Dexterity Potion"}],"is_trial":false,"path_per_floor":["M","$","?","M","$","M","?","R","T","T","E","M","E","M","R","B",null,"M","?","?","$","?","R","M","$","T","R","E","M","$","M","R","B"],"character_chosen":"WATCHER","items_purchased":["War Paint","Membership Card","Wireheading","Mayhem","ThirdEye","Orichalcum"],"campfire_rested":2,"item_purchase_floors":[5,25,25,30,30,30],"current_hp_per_floor":[72,72,72,72,72,72,72,72,72,72,74,73,51,52,76,76,79,70,70,56,56,56,56,42,42,42,42,22,22,22,17,35,0,0],"gold":40,"neow_bonus":"THREE_SMALL_POTIONS","is_daily":false,"chose_seed":false,"campfire_upgraded":3,"win_rate":0.0,"timestamp":1611205591,"path_taken":["M","?","?","M","$","M","?","R","T","?","E","?","E","M","R","BOSS","M","?","?","$","?","R","M","$","T","R","E","M","$","M","R","BOSS"],"items_purchased_type":["Relic","Relic","Card","Card","Card","Relic"],"build_version":"2020-12-22","purchased_purges":1,"victory":false,"max_hp_per_floor":[72,72,72,72,72,72,72,72,72,72,74,76,78,80,80,80,80,80,80,56,56,56,56,58,58,58,58,60,62,62,62,62,62,62],"card_choices":[{"not_picked":["BowlingBash","Evaluate"],"picked":"Protect","floor":1},{"not_picked":["Conclude","JustLucky"],"picked":"PathToVictory","floor":4},{"not_picked":["CutThroughFate","Protect"],"picked":"PathToVictory","floor":6},{"not_picked":["ThirdEye","CrushJoints","CutThroughFate"],"picked":"Singing Bowl","floor":11},{"not_picked":["Devotion","SashWhip","Crescendo"],"picked":"Singing Bowl","floor":12},{"not_picked":["Protect","WindmillStrike","Fasting2"],"picked":"Singing Bowl","floor":13},{"not_picked":["FlyingSleeves","WheelKick","SashWhip"],"picked":"Singing Bowl","floor":14},{"not_picked":["Omniscience","Ragnarok"],"picked":"Establishment","floor":16},{"not_picked":["Nirvana","CrushJoints+1"],"picked":"PathToVictory","floor":18},{"not_picked":["LikeWater","EmptyFist","ThirdEye"],"picked":"Singing Bowl","floor":24},{"not_picked":["Consecrate","FlurryOfBlows","Evaluate"],"picked":"Singing Bowl","floor":28},{"not_picked":["ReachHeaven","JustLucky","Tantrum"],"picked":"Singing Bowl","floor":29}],"player_experience":530211,"relics_obtained":[{"floor":9,"key":"Centennial Puzzle"},{"floor":10,"key":"Kunai"},{"floor":11,"key":"Singing Bowl"},{"floor":13,"key":"Pocketwatch"},{"floor":26,"key":"Akabeko"},{"floor":28,"key":"Gremlin Horn"}],"event_choices":[{"damage_healed":0,"gold_gain":175,"player_choice":"AGREE","damage_taken":0,"max_hp_gain":0,"max_hp_loss":0,"event_name":"Liars Game","floor":3,"gold_loss":0,"cards_obtained":["Doubt"]},{"damage_healed":0,"gold_gain":0,"player_choice":"Grow","damage_taken":0,"max_hp_gain":0,"max_hp_loss":0,"event_name":"Living Wall","floor":7,"gold_loss":0,"cards_upgraded":["Eruption"]},{"damage_healed":0,"gold_gain":0,"player_choice":"Read","damage_taken":0,"max_hp_gain":0,"max_hp_loss":0,"event_name":"The Library","floor":19,"gold_loss":0,"cards_obtained":["PathToVictory"]},{"damage_healed":0,"gold_gain":0,"player_choice":"Became a vampire","damage_taken":0,"max_hp_gain":0,"max_hp_loss":24,"event_name":"Vampires","floor":20,"gold_loss":0,"cards_obtained":["Bite","Bite","Bite","Bite","Bite"]},{"damage_healed":0,"gold_gain":0,"player_choice":"Obtained Relic","damage_taken":0,"relics_obtained":["Nunchaku"],"max_hp_gain":0,"max_hp_loss":0,"event_name":"Addict","floor":22,"gold_loss":85}],"is_beta":false,"boss_relics":[{"not_picked":["Fusion Hammer","Snecko Eye","Empty Cage"]}],"items_purged_floors":[5],"is_endless":false,"potions_floor_spawned":[1,4,13,14,16,24,29],"killed_by":"Automaton","ascension_level":5}}