{"host":"56d873i5r3uhle0q","time":1611197773,"event":{"mods":["100% Spire Juice","Act Like it!","Aspiration","BaseMod","Block Reminder","Conspire","Gensokyo","Hermit","Hubris","Infinite Spire","Jedi Mod","Lobotomy","Marisa????????","Marked Mod","Minty Spire (QoL Compilation)","Replay The Spire","StSLib","The Animator","The Bug Knight","The Cursed","The Marked","The Servant 0.9.4","everything is the same but u backflip on backflip","vexMod","??????REMEMod"],"gold_per_floor":[113,113,113,113,123,123,138,138,138,156,40,57,57,72,72,372,372,390,390,390,69,84,84,84],"floor_reached":23,"language":"ENG","playtime":971,"items_purged":[],"score":181,"play_id":"61d057d4-2406-4d31-bc42-09fabde0a13e","local_time":"20210120195613","is_ascension_mode":false,"campfire_choices":[{"floor":6,"key":"REST"},{"floor":13,"key":"REST"}],"circlet_count":0,"master_deck":["Moonworks:Strike","Moonworks:Strike","Moonworks:Strike","Moonworks:Strike","Moonworks:Defend","Moonworks:Defend","Moonworks:Defend","Moonworks:Defend","Moonworks:Ambush","Moonworks:LongDistanceShot","Moonworks:StarBlastingFuse+1","Seek","Moonworks:NicePresent+1","Moonworks:EvilMastermind","Moonworks:Encore","Moonworks:SweetBattle","Gensokyo:BlemishedSteel"],"relics":["Moonworks:BrokenBomb","Moonworks:Homemark","REME_ComplimentaryCards","Blood Vial","SlaversCollar","vexMod:CardConverter"],"acts_visited":["Gensokyo:Gensokyo","Gensokyo:Gensokyoer"],"potions_floor_usage":[],"damage_taken":[{"damage":8,"enemies":"Gensokyo:2_Kodama","floor":1,"turns":3},{"damage":5,"enemies":"Gensokyo:3_Fairies","floor":5,"turns":5},{"damage":9,"enemies":"Gensokyo:Gryphon","floor":7,"turns":3},{"damage":8,"enemies":"Gensokyo:Kitsune","floor":10,"turns":3},{"damage":0,"enemies":"Gensokyo:LivingMonolith","floor":12,"turns":3},{"damage":21,"enemies":"Gensokyo:3_Kodama","floor":14,"turns":5},{"damage":52,"enemies":"Gensokyo:Reimu","floor":16,"turns":9},{"damage":23,"enemies":"Gensokyo:AngelMirror","floor":18,"turns":3},{"damage":32,"enemies":"Gensokyo:2_Gloops","floor":22,"turns":5},{"damage":24,"enemies":"Gensokyo:Reisen","floor":23,"turns":2}],"seed_played":"-2510134929700253777","potions_obtained":[{"floor":1,"key":"PowerPotion"},{"floor":5,"key":"Fire Potion"},{"floor":7,"key":"Ancient Potion"}],"is_trial":false,"path_per_floor":["M","?","$","?","M","R","M","?","T","M","COS","M","R","M","R","B",null,"M","?","?","COS","M","E"],"character_chosen":"THE_STARBREAKER","items_purchased":[],"campfire_rested":2,"item_purchase_floors":[],"current_hp_per_floor":[52,52,52,52,47,60,51,51,51,45,45,47,60,39,57,7,60,37,37,37,37,7,0,0],"gold":84,"neow_bonus":"ONE_RANDOM_RARE_CARD","is_daily":false,"chose_seed":false,"campfire_upgraded":0,"win_rate":0.0,"timestamp":1611197773,"path_taken":["M","?","$","?","M","R","M","?","T","M","COS","M","R","M","R","BOSS","M","?","?","COS","M","E"],"items_purchased_type":[],"build_version":"2020-12-22","purchased_purges":0,"victory":false,"max_hp_per_floor":[60,60,60,60,60,60,60,60,60,60,60,60,60,60,60,60,60,60,60,60,60,60,60,60],"card_choices":[{"not_picked":["Moonworks:ImOnFire","Moonworks:MixPhenomenon","Moonworks:SakisCookie"],"picked":"SKIP","floor":1},{"not_picked":["Moonworks:LulusLuckyEgg","Moonworks:DeployBits","Moonworks:IndiscriminateFireSupport"],"picked":"SKIP","floor":5},{"not_picked":["Moonworks:ImOnFire","Moonworks:UnluckyCharm"],"picked":"Moonworks:NicePresent","floor":7},{"not_picked":["Moonworks:LulusLuckyEgg","Moonworks:BigMagnum","Moonworks:FullSpeedAlicianrone"],"picked":"SKIP","floor":10},{"not_picked":["Moonworks:BackdoorTrade","Moonworks:RagingMadness"],"picked":"Moonworks:EvilMastermind","floor":12},{"not_picked":["Moonworks:BigBangBell","Moonworks:EvilSpyWorkPreparation","Moonworks:CloudOfSeagulls"],"picked":"SKIP","floor":14},{"not_picked":["Moonworks:Gamble","Moonworks:Blazing"],"picked":"Moonworks:Encore","floor":16},{"not_picked":["Moonworks:LulusLuckyEgg","Moonworks:CloudOfSeagulls"],"picked":"Moonworks:SweetBattle","floor":18},{"not_picked":["Moonworks:LulusLuckyEgg","Moonworks:BigMagnum","Moonworks:BeyondHell+1"],"picked":"SKIP","floor":22}],"player_experience":576944,"relics_obtained":[{"floor":9,"key":"Blood Vial"}],"event_choices":[{"damage_healed":0,"gold_gain":0,"player_choice":"Leave","damage_taken":0,"max_hp_gain":0,"max_hp_loss":0,"event_name":"conspire:Investor","floor":4,"gold_loss":0}],"is_beta":false,"boss_relics":[{"not_picked":["jedi:paperlyon","Replay:Grab Bag"],"picked":"SlaversCollar"}],"items_purged_floors":[],"is_endless":false,"potions_floor_spawned":[1,5,7,22],"killed_by":"Gensokyo:Reisen","ascension_level":0}}