{"host":"och2iitg9ibgz06n","time":1611266181,"event":{"mods":["Abigail Mod","AchievementEnabler","Aspiration","BaseMod","Colored Powertips","Dio Mod","Hubris","Hyrulean Relics","Infinite Spire","Minty Spire (QoL Compilation)","Replay The Spire","Small Relic Pack","StSLib","The Animator","The Bug Knight","The Hierophant","The Jungle","The Saiyan","TheHero","Wandering Minibosses","everything is the same but u backflip on backflip","slay the spire mod where everything is the same but ironclad has a cowboy hat","vexMod"],"gold_per_floor":[114,114,80,126,145,145,156,12,91,91,91],"floor_reached":10,"language":"ENG","playtime":258,"items_purged":[],"score":81,"play_id":"8b1260d4-36dc-4c91-a531-3762c8eb87ee","local_time":"20210121155621","is_ascension_mode":true,"campfire_choices":[{"data":"Heavy Blade","floor":6,"key":"SMITH"}],"circlet_count":0,"master_deck":["Strike_R","Strike_R","Strike_R","Strike_R","Strike_R","Defend_R","Defend_R","Defend_R","Defend_R","Bash","Disarm","Spot Weakness","Flex","hubris:SharpeningStone","Heavy Blade+1","Rampage"],"relics":["Burning Blood","hubris:SlimyHat","Regal Pillow","hubris:PeanutButter"],"acts_visited":["Exordium"],"potions_floor_usage":[10],"damage_taken":[{"damage":13,"enemies":"Jaw Worm","floor":1,"turns":4},{"damage":8,"enemies":"2 Louse","floor":5,"turns":3},{"damage":5,"enemies":"Small Slimes","floor":7,"turns":4},{"damage":45,"enemies":"Lagavulin","floor":10,"turns":6}],"seed_played":"8952114856370864320","potions_obtained":[{"floor":5,"key":"Swift Potion"}],"is_trial":false,"path_per_floor":["M","?","$","?","M","R","M","$","T","E"],"character_chosen":"IRONCLAD","items_purchased":["Spot Weakness","Regal Pillow"],"campfire_rested":0,"item_purchase_floors":[3,8],"current_hp_per_floor":[65,65,65,45,43,43,44,44,44,0,0],"gold":91,"neow_bonus":"RANDOM_COMMON_RELIC","is_daily":false,"chose_seed":false,"campfire_upgraded":1,"win_rate":0.0,"timestamp":1611266181,"path_taken":["M","?","?","?","M","R","M","$","T","E"],"items_purchased_type":["Card","Relic"],"build_version":"2020-12-22","purchased_purges":0,"victory":false,"max_hp_per_floor":[80,80,80,80,80,80,80,80,80,80,80],"card_choices":[{"not_picked":["Clash","Dropkick"],"picked":"Disarm","floor":1},{"not_picked":["Warcry","Pommel Strike"],"picked":"Flex","floor":4},{"not_picked":["Shrug It Off","True Grit"],"picked":"hubris:SharpeningStone","floor":4},{"not_picked":["hubris:CleavingFinish","Twin Strike"],"picked":"Heavy Blade","floor":5},{"not_picked":["Intimidate","Evolve"],"picked":"Rampage","floor":7}],"player_experience":442297,"relics_obtained":[{"floor":9,"key":"hubris:PeanutButter"}],"event_choices":[],"is_beta":false,"boss_relics":[],"items_purged_floors":[],"is_endless":false,"potions_floor_spawned":[5],"killed_by":"Lagavulin","ascension_level":9}}