{"host":"sc0o2qwpf9j16a4i","time":1611259102,"event":{"mods":["AchievementEnabler","BaseMod","BetterRewards","Block Reminder","Colored Map","Colored Powertips","Custom Start","Highlight Path","Minty Spire (QoL Compilation)","Relic Stats"],"gold_per_floor":[112,125,49,49,62,89,89,123,148,148,18,18,33,43,43,43,43],"floor_reached":16,"language":"ENG","playtime":356,"items_purged":["Strike_R"],"score":220,"play_id":"a85af74f-89a9-4c6a-a41e-54a266582011","local_time":"20210121215822","is_ascension_mode":true,"campfire_choices":[{"floor":7.0,"key":"REST"},{"data":"Blood for Blood","floor":10.0,"key":"SMITH"},{"data":"Spot Weakness","floor":12.0,"key":"SMITH"},{"data":"Bash","floor":15.0,"key":"SMITH"}],"circlet_count":0,"master_deck":["AscendersBane","Strike_R","Strike_R","Strike_R","Strike_R","Defend_R","Defend_R","Defend_R","Defend_R","Bash+1","Feel No Pain","Spot Weakness+1","Blood for Blood+1","Pommel Strike","Dual Wield","Limit Break","Infernal Blade","Clothesline"],"relics":["Snecko Eye","Turnip","Kunai","Vajra","Dream Catcher"],"acts_visited":["Exordium"],"potions_floor_usage":[16],"damage_taken":[{"damage":0.0,"enemies":"Cultist","floor":1.0,"turns":2.0},{"damage":12.0,"enemies":"2 Louse","floor":2.0,"turns":3.0},{"damage":11.0,"enemies":"Jaw Worm","floor":5.0,"turns":5.0},{"damage":15.0,"enemies":"Lagavulin","floor":6.0,"turns":6.0},{"damage":5.0,"enemies":"Gremlin Nob","floor":8.0,"turns":3.0},{"damage":5.0,"enemies":"2 Fungi Beasts","floor":13.0,"turns":3.0},{"damage":0.0,"enemies":"3 Louse","floor":14.0,"turns":1.0},{"damage":40,"enemies":"The Guardian","floor":16,"turns":5}],"seed_played":"4353012812713307469","potions_obtained":[{"floor":1.0,"key":"SmokeBomb"},{"floor":2.0,"key":"Fire Potion"}],"is_trial":false,"path_per_floor":["M","M","$","T","M","E","R","E","T","R","$","R","M","M","R","B"],"character_chosen":"IRONCLAD","items_purchased":["Blood for Blood","ColorlessPotion"],"campfire_rested":1,"item_purchase_floors":[3,11],"current_hp_per_floor":[68,56,56,56,45,30,52,47,47,47,47,47,42,42,42,2,2],"gold":43,"neow_bonus":"BOSS_RELIC","is_daily":false,"chose_seed":false,"campfire_upgraded":3,"win_rate":0.0,"timestamp":1611259102,"path_taken":["M","M","$","?","M","E","R","E","T","R","$","R","?","M","R","BOSS"],"items_purchased_type":["Card","Potion"],"build_version":"2020-12-22","purchased_purges":1,"victory":false,"max_hp_per_floor":[75,75,75,75,75,75,75,75,75,75,75,75,75,75,75,75,75],"relic_stats":{"Dream Catcher":0,"counters":[8,28],"Snecko Eye":[43,49,45,56],"Turnip":[0],"Kunai":[2],"obtain_stats":[{"Dream Catcher":9,"Snecko Eye":0,"Vajra":8,"Turnip":4,"Kunai":6,"Burning Blood":0},{"Dream Catcher":5,"Snecko Eye":0,"Vajra":5,"Turnip":2,"Kunai":4,"Burning Blood":0},{"Dream Catcher":19,"Snecko Eye":0,"Vajra":19,"Turnip":5,"Kunai":16,"Burning Blood":0}]},"card_choices":[{"not_picked":["Entrench","Sword Boomerang"],"picked":"Feel No Pain","floor":1.0},{"not_picked":["Heavy Blade","Havoc"],"picked":"Spot Weakness","floor":2.0},{"not_picked":["Thunderclap","Body Slam"],"picked":"Pommel Strike","floor":5.0},{"not_picked":["Power Through","Feel No Pain"],"picked":"Dual Wield","floor":6.0},{"not_picked":["Anger","Evolve"],"picked":"Limit Break","floor":8.0},{"not_picked":["Spot Weakness","Body Slam"],"picked":"Infernal Blade","floor":13.0},{"not_picked":["Cleave","Body Slam"],"picked":"Clothesline","floor":14.0}],"player_experience":858597,"relics_obtained":[{"floor":4.0,"key":"Turnip"},{"floor":6.0,"key":"Kunai"},{"floor":8.0,"key":"Vajra"},{"floor":9.0,"key":"Dream Catcher"}],"event_choices":[],"is_beta":false,"boss_relics":[],"items_purged_floors":[11],"is_endless":false,"potions_floor_spawned":[1,2,13],"killed_by":"The Guardian","ascension_level":20}}