{"host":"gk9qdtkqd8dwfeg2","time":1611220054,"event":{"mods":["Act Like it!","Aspiration","BaseMod","Colored Powertips","KomeijiMod","Minty Spire (QoL Compilation)","Quick Restart","Replay The Spire","Shop Mod","StSLib","TestMod","The Gatherer","The Servant 0.9.4","Waifu the Spire","WarShipGirlsR/战舰少女R mod","Yuri Mod","【遗物卡牌】REMEMod"],"gold_per_floor":[110,128,128,138,63,90,101,101,174,206,219,219,245,265,265,339,339,352,365,175,95,107,140,140,152,176,176,234,234,262,275,275,352,352,362,362,381,16,32,32,64,64,64],"floor_reached":42,"language":"ZHS","playtime":1648,"items_purged":["Strike_P","Defend_P","Defend_P"],"score":1116,"play_id":"a7e0f41d-e80d-43cc-9b4c-a379c365abb9","local_time":"20210121170734","is_ascension_mode":true,"campfire_choices":[{"data":"Feed","floor":12.0,"key":"SMITH"},{"data":"Eruption","floor":15.0,"key":"SMITH"},{"data":"Fasting2","floor":27.0,"key":"SMITH"},{"floor":32.0,"key":"REST"},{"data":"Fasting2","floor":40.0,"key":"SMITH"}],"circlet_count":0,"master_deck":["AscendersBane","Strike_P","Defend_P","Defend_P","Eruption+1","Vigilance","Feed+1","CutThroughFate","BattleHymn","Vault","Fasting2+1","Blasphemy","Tantrum","MentalFortress","Indignation","InnerPeace","DevaForm","CutThroughFate","Ragnarok","Establishment","Fasting2+1","Replay:Cycle","Wallop","Adaptation"],"relics":["testmod-TestBox","REME_ComplimentaryCards","testmod-IncinerationGenerator","SlaversCollar","Smiling Mask","Replay:Ringing Soul","testmod-TimeTraveler","MerchantsRug","WarpedTongs","ReplayTheSpireMod:TigerMarble","Garlic","Incense Burner","testmod-Nine","Ring of Misfortune","Ring of Hypnosis","BargainBundle","Onion Ring","aspiration:ChemicalBlood"],"acts_visited":["Exordium","TheCity","TheBeyond"],"potions_floor_usage":[42],"damage_taken":[{"damage":2.0,"enemies":"Jaw Worm","floor":1.0,"turns":3.0},{"damage":0.0,"enemies":"Cultist","floor":2.0,"turns":2.0},{"damage":12.0,"enemies":"2 Louse","floor":4.0,"turns":2.0},{"damage":3.0,"enemies":"Gremlin Nob","floor":6.0,"turns":3.0},{"damage":5.0,"enemies":"Gremlin Gang","floor":7.0,"turns":4.0},{"damage":12.0,"enemies":"Lagavulin","floor":10.0,"turns":5.0},{"damage":9.0,"enemies":"3 Louse","floor":11.0,"turns":4.0},{"damage":0.0,"enemies":"Gremlin Nob","floor":13.0,"turns":3.0},{"damage":10.0,"enemies":"Blue Slaver","floor":14.0,"turns":4.0},{"damage":27.0,"enemies":"Slime Boss","floor":16.0,"turns":6.0},{"damage":0.0,"enemies":"Spheric Guardian","floor":18.0,"turns":3.0},{"damage":5.0,"enemies":"Chosen","floor":19.0,"turns":5.0},{"damage":15.0,"enemies":"Snecko","floor":22.0,"turns":4.0},{"damage":21.0,"enemies":"Book of Stabbing","floor":23.0,"turns":5.0},{"damage":0.0,"enemies":"Centurion and Healer","floor":25.0,"turns":6.0},{"damage":33.0,"enemies":"Gremlin Leader","floor":28.0,"turns":4.0},{"damage":6.0,"enemies":"Book of Stabbing","floor":30.0,"turns":5.0},{"damage":18.0,"enemies":"Shelled Parasite and Fungi","floor":31.0,"turns":2.0},{"damage":10.0,"enemies":"Collector","floor":33.0,"turns":6.0},{"damage":22.0,"enemies":"3 Darklings","floor":35.0,"turns":5.0},{"damage":37.0,"enemies":"Orb Walker","floor":37.0,"turns":4.0},{"damage":0.0,"enemies":"Writhing Mass","floor":39.0,"turns":2.0},{"damage":44.0,"enemies":"Reptomancer","floor":41.0,"turns":4.0},{"damage":27,"enemies":"3 Darklings","floor":42,"turns":3}],"seed_played":"-8526338469588862847","potions_obtained":[{"floor":6.0,"key":"Block Potion"},{"floor":7.0,"key":"Adrenaline Potion"},{"floor":11.0,"key":"PowerPotion"},{"floor":19.0,"key":"SneckoOil"},{"floor":25.0,"key":"REME_GoldPotion"},{"floor":28.0,"key":"SkillPotion"},{"floor":30.0,"key":"FearPotion"},{"floor":31.0,"key":"Elixir"},{"floor":41.0,"key":"ColorlessPotion"}],"is_trial":false,"path_per_floor":["M","M","?","M","$","E","M","?","T","E","M","R","E","M","R","B",null,"M","M","$","?","M","E","?","M","T","R","E","?","E","M","R","B",null,"M","?","M","$","M","R","E","M"],"character_chosen":"WATCHER","items_purchased":["MerchantsRug","BargainBundle","Fasting2","GamblersBrew","Explosive Potion","Strength Potion","Onion Ring","Replay:Cycle"],"campfire_rested":1,"item_purchase_floors":[20,38,38,38,38,38,38,38],"current_hp_per_floor":[62,65,74,65,65,65,63,63,63,54,48,48,52,46,46,26,85,89,91,91,91,83,69,69,76,76,76,50,50,47,29,72,69,132,114,114,84,87,90,90,49,22,22],"gold":64,"neow_bonus":"BOSS_RELIC","is_daily":false,"chose_seed":false,"campfire_upgraded":4,"win_rate":0.0,"timestamp":1611220054,"path_taken":["M","M","?","?","?","E","?","?","T","E","?","R","E","M","R","BOSS","M","M","$","?","M","E","?","?","T","R","E","?","E","M","R","BOSS","M","?","M","$","M","R","E","M"],"items_purchased_type":["Relic","Relic","Card","Potion","Potion","Potion","Relic","Card"],"build_version":"2020-12-22","purchased_purges":3,"victory":false,"max_hp_per_floor":[71,74,74,77,77,80,83,83,83,86,89,89,93,97,97,104,104,108,115,115,115,122,129,129,136,136,136,143,143,146,146,146,153,153,157,157,164,167,170,170,173,173,173],"card_choices":[{"not_picked":["JustLucky","ClearTheMind"],"picked":"CutThroughFate","floor":1.0},{"not_picked":["Protect","Indignation"],"picked":"BattleHymn","floor":2.0},{"not_picked":["FollowUp","Meditate","InnerPeace"],"picked":"SKIP","floor":4.0},{"not_picked":["Pray","Replay:ManipulateFuture","EmptyFist"],"picked":"SKIP","floor":6.0},{"not_picked":["Replay:AtTheReady","JustLucky"],"picked":"Vault","floor":7.0},{"not_picked":["SashWhip","Wireheading"],"picked":"Fasting2","floor":10.0},{"not_picked":["Worship","Protect","Replay:ManipulateFuture"],"picked":"SKIP","floor":11.0},{"not_picked":["REME_WorshipGod","FollowUp","Nirvana"],"picked":"SKIP","floor":13.0},{"not_picked":["EmptyFist","Vengeance","SashWhip"],"picked":"SKIP","floor":14.0},{"not_picked":["Replay:AllIn","Brilliance"],"picked":"Blasphemy","floor":16.0},{"not_picked":["PathToVictory","Evaluate","Replay:Battleflow"],"picked":"SKIP","floor":18.0},{"not_picked":["Replay:BluntJabs","Wireheading"],"picked":"Tantrum","floor":19.0},{"not_picked":["CarveReality","FlurryOfBlows"],"picked":"MentalFortress","floor":22.0},{"not_picked":["CarveReality","Replay:Battleflow"],"picked":"Indignation","floor":23.0},{"not_picked":["Wireheading","FlurryOfBlows"],"picked":"InnerPeace","floor":25.0},{"not_picked":["Replay:Anticipation","CutThroughFate"],"picked":"DevaForm","floor":28.0},{"not_picked":["JustLucky","Conclude"],"picked":"CutThroughFate","floor":30.0},{"not_picked":["Consecrate","EmptyMind","SashWhip"],"picked":"SKIP","floor":31.0},{"not_picked":["Wish","Replay:LoomingThreat"],"picked":"Ragnarok","floor":33.0},{"not_picked":["CutThroughFate+1","REME_Repentance","Replay:AtTheReady+1"],"picked":"SKIP","floor":35.0},{"not_picked":["REME_Repentance","Nirvana"],"picked":"Establishment","floor":37.0},{"not_picked":["BowlingBash","SashWhip"],"picked":"Wallop","floor":39.0},{"not_picked":["WaveOfTheHand","Perseverance"],"picked":"Adaptation","floor":41.0}],"player_experience":676744,"relics_obtained":[{"floor":6.0,"key":"Omamori"},{"floor":10.0,"key":"Smiling Mask"},{"floor":13.0,"key":"Replay:Ringing Soul"},{"floor":23.0,"key":"HoshigumaDish"},{"floor":26.0,"key":"ReplayTheSpireMod:TigerMarble"},{"floor":28.0,"key":"Garlic"},{"floor":30.0,"key":"Incense Burner"},{"floor":36.0,"key":"Ring of Misfortune"},{"floor":36.0,"key":"Ring of Hypnosis"},{"floor":41.0,"key":"aspiration:ChemicalBlood"}],"event_choices":[{"damage_healed":9.0,"max_hp_gain":0.0,"max_hp_loss":0.0,"gold_gain":0.0,"event_name":"Wheel of Change","player_choice":"Full Heal","floor":3.0,"gold_loss":0.0,"damage_taken":0.0},{"cards_removed":["Strike_P"],"damage_healed":0.0,"max_hp_gain":0.0,"max_hp_loss":0.0,"gold_gain":0.0,"event_name":"Purifier","player_choice":"Purged","floor":8.0,"gold_loss":0.0,"damage_taken":0.0},{"damage_healed":0.0,"max_hp_gain":0.0,"max_hp_loss":0.0,"gold_gain":0.0,"event_name":"Accursed Blacksmith","player_choice":"Rummage","floor":24.0,"gold_loss":0.0,"damage_taken":0.0,"relics_obtained":["WarpedTongs"],"cards_obtained":["Pain"]},{"cards_removed":["Strike_P"],"damage_healed":0.0,"max_hp_gain":0.0,"max_hp_loss":0.0,"gold_gain":0.0,"event_name":"Purifier","player_choice":"Purged","floor":29.0,"gold_loss":0.0,"damage_taken":0.0}],"is_beta":false,"boss_relics":[{"not_picked":["testmod-CardMagician","aspiration:PoetsPen"],"picked":"testmod-TimeTraveler"},{"not_picked":["REME_DemonsWealth","Fusion Hammer"],"picked":"testmod-Nine"}],"items_purged_floors":[5,20,38],"is_endless":false,"potions_floor_spawned":[6,7,10,11,19,25,28,30,31,35,41],"killed_by":"3 Darklings","ascension_level":20}}