{"host":"2q4p6kdcvpgo6z81","time":1611209462,"event":{"mods":["BaseMod","Colored Map","Downfall","Minty Spire (QoL Compilation)","StSLib"],"gold_per_floor":[99,118,138,50,150,150,177,200,227,252,276,276,311,470,481,587,641,641,750,771,780,209,234,234,234,260,260,260,260,7,16,41,154,154,154,154,173,197,222,263,272,272,286,11,28,56,56,115,140,140],"floor_reached":51,"language":"ENG","playtime":5517,"items_purged":["champ:Parry","downfall:Malfunctioning"],"score":699,"play_id":"3a7ebf49-67bb-4553-b6c6-5499cca2d871","local_time":"20210121011102","is_ascension_mode":false,"campfire_choices":[{"data":"champ:Execute","floor":1,"key":"SMITH"},{"floor":6,"key":"REST"},{"data":"champ:IronFortress","floor":18,"key":"SMITH"},{"floor":25,"key":"REST"},{"floor":27,"key":"REST"},{"floor":29,"key":"REST"},{"data":"Mayhem","floor":35,"key":"SMITH"},{"floor":42,"key":"REST"},{"data":"champ:IronFortress","floor":47,"key":"SMITH"}],"circlet_count":0,"master_deck":["champ:Execute+1","champ:Taunt","champ:FaceSlap","champ:Lariat","champ:FocusedBerserking","champ:ArenaPreparation+1","champ:SetATrap","champ:GutPunch","champ:StanceDance","champ:PreemptiveStrike","champ:Haymaker","downfall:Icky","champ:VampiricStrike","champ:SetATrap","champ:EnragedBash","champ:Encircle","champ:IronFortress+1","champ:Parry","champ:SwordThrow","champ:FlashCut+1","champ:CalledShot+1","Necronomicurse","champ:BringItOn","Mayhem+1","champ:HeartStrike+1","champ:EnGarde","champ:BerserkersShout+1","champ:VampiricStrike","champ:FalseCounter+1","champ:DefensiveShout+1","champ:IronFortress+1","champ:Shatter+1","champ:EndlessRage+1","champ:ShieldSlam+1","champ:Circumvent+1","champ:CalledShot+1"],"relics":["champ:ChampionCrown","CeramicFish","Nunchaku","Bottled Lightning","Pandora\u0027s Box","champ:BlackKnightHelmet","Question Card","Necronomicon","Mercury Hourglass","Matryoshka","Blood Vial","Juzu Bracelet","MealTicket","Bag of Preparation","Bottled Tornado","Cursed Key","Bag of Marbles","Oddly Smooth Stone","Frozen Egg 2","OrangePellets","TungstenRod"],"acts_visited":["Exordium","TheCity","TheBeyond"],"potions_floor_usage":[5,11,13,16,16,22,23,33,33,33,39,43,50,50],"damage_taken":[{"damage":10,"enemies":"Jaw Worm","floor":2,"turns":3},{"damage":7,"enemies":"2 Louse","floor":3,"turns":3},{"damage":25,"enemies":"downfall:FleeingMerchant","floor":4,"turns":4},{"damage":104,"enemies":"downfall:Heads","floor":5,"turns":6},{"damage":3,"enemies":"Small Slimes","floor":8,"turns":2},{"damage":5,"enemies":"2 Fungi Beasts","floor":9,"turns":3},{"damage":40,"enemies":"Blue Slaver","floor":10,"turns":4},{"damage":1,"enemies":"Exordium Wildlife","floor":11,"turns":3},{"damage":43,"enemies":"Lagavulin","floor":13,"turns":4},{"damage":25,"enemies":"Red Slaver","floor":15,"turns":2},{"damage":125,"enemies":"DF_ARCHETYPE_STREAMLINE","floor":16,"turns":10},{"damage":78,"enemies":"DF_ARCHETYPE_STREAMLINE","floor":19,"turns":8},{"damage":10,"enemies":"Shell Parasite","floor":20,"turns":3},{"damage":55,"enemies":"downfall:FleeingMerchant","floor":22,"turns":4},{"damage":36,"enemies":"Cultist and Chosen","floor":23,"turns":5},{"damage":78,"enemies":"Gremlin Leader","floor":26,"turns":6},{"damage":0,"enemies":"downfall:FleeingMerchant","floor":30,"turns":1},{"damage":25,"enemies":"Shelled Parasite and Fungi","floor":32,"turns":4},{"damage":69,"enemies":"SI_MIRROR_ARCHETYPE","floor":33,"turns":7},{"damage":22,"enemies":"3 Darklings","floor":37,"turns":3},{"damage":0,"enemies":"Orb Walker","floor":38,"turns":3},{"damage":40,"enemies":"Writhing Mass","floor":39,"turns":3},{"damage":83,"enemies":"Nemesis","floor":40,"turns":5},{"damage":13,"enemies":"Jaw Worm Horde","floor":43,"turns":4},{"damage":27,"enemies":"Spire Growth","floor":45,"turns":4},{"damage":15,"enemies":"3 Darklings","floor":46,"turns":2},{"damage":40,"enemies":"3 Darklings","floor":48,"turns":6},{"damage":8,"enemies":"Sphere and 2 Shapes","floor":49,"turns":3},{"damage":88,"enemies":"WA_ARCHETYPE_DIVINITY","floor":50,"turns":11}],"seed_played":"-3604940161661174293","potions_obtained":[{"floor":3,"key":"sneckomod:MuddlingPotion"},{"floor":5,"key":"Energy Potion"},{"floor":8,"key":"Weak Potion"},{"floor":10,"key":"GamblersBrew"},{"floor":11,"key":"LiquidMemories"},{"floor":19,"key":"champ:CounterPotion"},{"floor":20,"key":"DistilledChaos"},{"floor":37,"key":"SkillPotion"},{"floor":39,"key":"Block Potion"},{"floor":46,"key":"LiquidBronze"},{"floor":48,"key":"LiquidMemories"}],"is_trial":false,"path_per_floor":["R","M","M","$","?","R","T","M","M","M","M","?","E","?","M","B",null,"R","?","M","?","$","M","T","R","E","R","T","R","$","?","M","B",null,"R","?","M","M","M","E","T","R","M","$","M","M","R","?","M","B",null],"character_chosen":"THE_CHAMP","items_purchased":["champ:ArenaPreparation","champ:BringItOn","Mercury Hourglass","Mayhem","Bag of Preparation","DistilledChaos","Bottled Tornado","Strength Potion","sneckomod:MuddlingPotion","OrangePellets","champ:EndlessRage+1"],"campfire_rested":5,"item_purchase_floors":[4,22,22,22,30,30,30,30,30,44,44],"current_hp_per_floor":[99,99,97,97,48,77,77,74,74,74,73,70,57,57,57,7,99,99,66,66,50,50,19,19,48,20,49,49,78,95,95,87,55,99,99,99,82,84,86,40,40,69,63,78,68,70,70,72,76,45],"gold":140,"neow_bonus":"TEN_PERCENT_HP_BONUS","is_daily":false,"chose_seed":false,"campfire_upgraded":4,"win_rate":0.0,"timestamp":1611209462,"path_taken":["R","M","M","$","?","R","T","M","M","M","M","?","E","?","M","BOSS","R","?","M","?","$","M","T","R","E","R","?","R","?","?","M","BOSS","R","?","M","M","M","E","T","R","M","$","M","M","R","?","M","BOSS"],"items_purchased_type":["Card","Card","Relic","Card","Relic","Potion","Relic","Potion","Potion","Relic","Card"],"build_version":"2020-12-22","purchased_purges":2,"victory":true,"max_hp_per_floor":[99,99,99,99,99,99,99,99,99,99,99,99,99,99,99,99,99,99,99,99,99,99,99,99,99,99,99,99,99,99,99,99,99,99,99,99,99,99,99,99,99,99,99,99,99,99,99,99,99,99],"card_choices":[{"not_picked":["champ:Parry","champ:EnGarde"],"picked":"champ:FaceSlap","floor":2},{"not_picked":["champ:BerserkersShout","champ:BladeFlurry"],"picked":"champ:Lariat","floor":3},{"not_picked":["champ:Duel","champ:Shatter"],"picked":"champ:FocusedBerserking","floor":4},{"not_picked":["champ:PreciseThrust","champ:Lariat"],"picked":"champ:SetATrap","floor":5},{"not_picked":["champ:PerfectedStrike","champ:DeathBlow"],"picked":"champ:GutPunch","floor":8},{"not_picked":["champ:HeartStrike","champ:TornadoPunch"],"picked":"champ:StanceDance","floor":9},{"not_picked":["champ:CrownThrow","champ:FanOfKnives"],"picked":"champ:PreemptiveStrike","floor":10},{"not_picked":["champ:ShieldThrow","champ:StanceDance"],"picked":"champ:Haymaker","floor":11},{"not_picked":["champ:BladeFlurry","champ:Duel","champ:BerserkersShout"],"picked":"SKIP","floor":13},{"not_picked":["champ:FaceSlap","champ:Haymaker","champ:Duel"],"picked":"SKIP","floor":15},{"not_picked":["champ:LastStand","champ:ShieldThrow"],"picked":"champ:VampiricStrike","floor":16},{"not_picked":["champ:EnGarde","champ:FanOfKnives"],"picked":"champ:FlashCut+1","floor":19},{"not_picked":["champ:AdrenalArmor","champ:ArenaPreparation","champ:Haymaker"],"picked":"champ:CalledShot+1","floor":20},{"not_picked":["champ:Endure+1","champ:PerfectedStrike+1","champ:Encircle","champ:CalledShot"],"picked":"SKIP","floor":22},{"not_picked":["champ:FanOfKnives","champ:Haymaker+1","champ:Circumvent+1"],"picked":"champ:HeartStrike+1","floor":23},{"not_picked":["champ:HoldFirm","champ:FocusedDefense","champ:FlashCut+1","champ:RapidStrikes"],"picked":"SKIP","floor":26},{"not_picked":["champ:SetATrap","champ:FocusedBerserking","champ:FalseCounter","champ:BladeFlurry"],"picked":"SKIP","floor":30},{"not_picked":["champ:PreciseThrust","champ:FlashCut","champ:Shatter"],"picked":"champ:BerserkersShout+1","floor":32},{"not_picked":["champ:HoldFirm","champ:Devastate","champ:MurderStrike"],"picked":"champ:VampiricStrike","floor":33},{"not_picked":["champ:FanOfKnives","champ:PerfectedStrike+1","champ:RapidStrikes"],"picked":"champ:FalseCounter+1","floor":37},{"not_picked":["champ:StanceDance","champ:CrownThrow+1","champ:Circumvent"],"picked":"champ:DefensiveShout+1","floor":38},{"not_picked":["champ:RecklessLeap+1","champ:CalledShot+1","champ:TornadoPunch+1"],"picked":"champ:IronFortress","floor":39},{"not_picked":["champ:Encircle","champ:HoldFirm","champ:PreciseThrust+1"],"picked":"champ:Shatter+1","floor":40},{"not_picked":["champ:AdrenalArmor+1","champ:FlashCut+1","champ:GutPunch","champ:BladeFlurry+1"],"picked":"SKIP","floor":43},{"not_picked":["champ:Backstep+1","champ:DefensiveShout","champ:SkillfulDodge+1","champ:PreciseThrust"],"picked":"SKIP","floor":45},{"not_picked":["champ:BringItOn+1","champ:EnGarde+1","champ:Duel"],"picked":"champ:ShieldSlam+1","floor":46},{"not_picked":["champ:AdrenalArmor","champ:ShieldThrow","champ:GladiatorStyle+1"],"picked":"champ:Circumvent+1","floor":48},{"not_picked":["champ:PreemptiveStrike+1","champ:EndlessRage+1","champ:TornadoPunch"],"picked":"champ:CalledShot+1","floor":49}],"player_experience":1534981,"relics_obtained":[{"floor":7,"key":"CeramicFish"},{"floor":13,"key":"Bottled Lightning"},{"floor":19,"key":"champ:BlackKnightHelmet"},{"floor":19,"key":"Question Card"},{"floor":21,"key":"Necronomicon"},{"floor":24,"key":"Matryoshka"},{"floor":26,"key":"Blood Vial"},{"floor":28,"key":"Juzu Bracelet"},{"floor":28,"key":"MealTicket"},{"floor":40,"key":"Bag of Marbles"},{"floor":41,"key":"Oddly Smooth Stone"},{"floor":41,"key":"Frozen Egg 2"},{"floor":48,"key":"TungstenRod"}],"event_choices":[{"damage_healed":0,"gold_gain":0,"player_choice":"Success","damage_taken":3,"relics_obtained":["Nunchaku"],"max_hp_gain":0,"max_hp_loss":0,"event_name":"Scrap Ooze","floor":12,"gold_loss":0}],"is_beta":false,"boss_relics":[{"not_picked":["Tiny House","Calling Bell"],"picked":"Pandora\u0027s Box"},{"not_picked":["Astrolabe","Runic Pyramid"],"picked":"Cursed Key"}],"items_purged_floors":[22,44],"is_endless":false,"potions_floor_spawned":[3,5,8,10,11,19,20,32,37,39,46,48],"ascension_level":0}}