{"host":"ve5hox67eka4rdnb","time":1611208455,"event":{"mods":["ATMod(∞¢Ë™Mod)","Act Like it!","BaseMod","Downfall","Gensokyo","Hermit","Lobotomy","Marisa£®ÏF”Í°°ƒß¿Ì…≥£©","Minty Spire (QoL Compilation)","Remilia£®¿Ÿ√◊¿Ú—«£©","StSLib","The Cursed","The Servant 0.9.4"],"gold_per_floor":[119,157,157,171,42,73,83,83,130,54,65,65,83,98,98,202,202,212,16,16,30,41,41,91,156,227,227,255,255,255],"floor_reached":29,"language":"ZHS","playtime":1877,"items_purged":["Defend_G","Strike_G"],"score":249,"play_id":"fb65476f-0631-44b9-bfc7-94914eba8ae1","local_time":"20210121135415","is_ascension_mode":false,"campfire_choices":[{"data":"Bullet Time","floor":8,"key":"SMITH"},{"floor":15,"key":"REST"},{"data":"Bullet Time","floor":23,"key":"SMITH"},{"floor":27,"key":"REST"}],"circlet_count":0,"master_deck":["Strike_G","Strike_G","Strike_G","Strike_G","Defend_G","Defend_G","Defend_G","Survivor","Neutralize","UniverseFragment","Deflect","LittleHelper","Well Laid Plans","LaLuna","Blade Dance","Blade Dance","Laetitia","OSAHOGD","Slice","Infinite Blades+1","GreedKing","Funeral","Bullet Time+1","Acrobatics+1","Backstab","OldLady","Blade Dance","RedShoes"],"relics":["Ring of the Serpent","AT_ATBox","CogitoBucket","Frozen Egg 2","AT_RedTearstoneRing","SsserpentHead","HandDrill","Bag of Marbles","Anchor"],"acts_visited":["Exordium","TheCity"],"potions_floor_usage":[11,16,20,28,28],"damage_taken":[{"damage":0,"enemies":"2 Louse","floor":1,"turns":2},{"damage":5,"enemies":"Cultist","floor":2,"turns":5},{"damage":3,"enemies":"Small Slimes","floor":4,"turns":3},{"damage":17,"enemies":"Lagavulin","floor":6,"turns":5},{"damage":0,"enemies":"Blue Slaver","floor":7,"turns":3},{"damage":21,"enemies":"Lots of Slimes","floor":11,"turns":3},{"damage":8,"enemies":"3 Louse","floor":13,"turns":2},{"damage":0,"enemies":"Red Slaver","floor":14,"turns":2},{"damage":19,"enemies":"Slime Boss","floor":16,"turns":6},{"damage":6,"enemies":"Chosen","floor":18,"turns":4},{"damage":0,"enemies":"Shell Parasite","floor":20,"turns":1},{"damage":25,"enemies":"Centurion and Healer","floor":21,"turns":5},{"damage":10,"enemies":"Snecko","floor":22,"turns":5},{"damage":4,"enemies":"Sentry and Sphere","floor":25,"turns":3},{"damage":43,"enemies":"Book of Stabbing","floor":28,"turns":4},{"damage":0,"enemies":"Snake Plant","floor":29,"turns":2}],"seed_played":"-6613183784824671946","potions_obtained":[{"floor":4,"key":"Fire Potion"},{"floor":6,"key":"bronze:BurnAndBuffPotion"},{"floor":13,"key":"SmokeBomb"},{"floor":16,"key":"Energy Potion"},{"floor":21,"key":"Slimebound:ThreeZeroPotion"},{"floor":22,"key":"SpeedPotion"},{"floor":28,"key":"Dexterity Potion"}],"is_trial":false,"path_per_floor":["M","M","?","M","$","E","M","R","T","$","M","?","M","M","R","B",null,"M","$","M","M","M","R","?","M","T","R","E","M"],"character_chosen":"THE_SILENT","items_purchased":["Blade Dance","Infinite Blades+1","HandDrill"],"campfire_rested":2,"item_purchase_floors":[5,10,19],"current_hp_per_floor":[70,65,65,62,62,45,45,45,45,45,24,24,16,16,37,18,70,64,64,65,42,33,33,33,30,30,51,9,9,9],"gold":255,"neow_bonus":"","is_daily":false,"chose_seed":false,"campfire_upgraded":2,"win_rate":0.0,"timestamp":1611208455,"path_taken":["M","M","?","M","$","E","?","R","T","$","M","?","M","M","R","BOSS","M","?","M","M","M","R","?","?","T","R","E","M"],"items_purchased_type":["Card","Card","Relic"],"build_version":"2020-12-22","purchased_purges":2,"victory":false,"max_hp_per_floor":[70,70,70,70,70,70,70,70,70,70,70,70,70,70,70,70,70,70,70,70,70,70,70,70,70,70,70,70,70,70],"card_choices":[{"not_picked":["WallGazer","Laetitia","SpiderBud"],"picked":"Singing Bowl","floor":1},{"not_picked":["BeautyBeast","RedShoes"],"picked":"UniverseFragment","floor":1},{"not_picked":["Underhanded Strike","AT_KneejerkReflex"],"picked":"Deflect","floor":1},{"not_picked":["FairyFestival","WhitesApple"],"picked":"LittleHelper","floor":2},{"not_picked":["Acrobatics","Catalyst"],"picked":"Well Laid Plans","floor":2},{"not_picked":["GreedKing","ShyLook"],"picked":"LaLuna","floor":4},{"not_picked":["Deadly Poison","Reflex"],"picked":"Blade Dance","floor":4},{"not_picked":["Murderer","WallGazer"],"picked":"Laetitia","floor":6},{"not_picked":["Unload","Blur"],"picked":"Bullet Time","floor":6},{"not_picked":["MeltingLove","RedShoes"],"picked":"OSAHOGD","floor":7},{"not_picked":["Outmaneuver","Choke"],"picked":"Slice","floor":7},{"not_picked":["Masterful Stab","PiercingWail","Flying Knee"],"picked":"SKIP","floor":11},{"not_picked":["FairyFestival","QueenBee"],"picked":"GreedKing","floor":13},{"not_picked":["AT_ThistleTea","Quick Slash","Burst"],"picked":"SKIP","floor":13},{"not_picked":["Deflect","Prepared","AT_ThistleTea"],"picked":"SKIP","floor":14},{"not_picked":["Bloodbath","RedShoes"],"picked":"Funeral","floor":16},{"not_picked":["Storm of Steel","AT_MyraUnstableElement"],"picked":"Bullet Time","floor":16},{"not_picked":["PiercingWail","Escape Plan"],"picked":"Acrobatics+1","floor":18},{"not_picked":["Leg Sweep+1","Prepared"],"picked":"Backstab","floor":21},{"not_picked":["Wellcheers","VoidDream"],"picked":"OldLady","floor":22},{"not_picked":["Dagger Spray","Finisher+1"],"picked":"Blade Dance","floor":22},{"not_picked":["Underhanded Strike","Prepared","AT_TinkerSharpsword"],"picked":"SKIP","floor":25},{"not_picked":["Bloodbath","SnowQueen"],"picked":"RedShoes","floor":28},{"not_picked":["Tactician","Bouncing Flask","Flying Knee+1"],"picked":"SKIP","floor":28}],"player_experience":163517,"relics_obtained":[{"floor":6,"key":"Frozen Egg 2"},{"floor":9,"key":"AT_RedTearstoneRing"},{"floor":28,"key":"Anchor"}],"event_choices":[{"cards_removed":["Defend_G"],"damage_healed":0,"gold_gain":0,"player_choice":"Offered Basic","damage_taken":0,"max_hp_gain":0,"max_hp_loss":0,"event_name":"Bonfire Elementals","floor":3,"gold_loss":0},{"damage_healed":0,"gold_gain":0,"player_choice":"Trade","damage_taken":0,"relics_obtained":["SsserpentHead"],"max_hp_gain":0,"max_hp_loss":0,"event_name":"FaceTrader","floor":12,"gold_loss":0},{"damage_healed":0,"gold_gain":0,"player_choice":"Gave Potion","damage_taken":0,"relics_obtained":["Bag of Marbles"],"max_hp_gain":0,"max_hp_loss":0,"event_name":"WeMeetAgain","floor":24,"gold_loss":0}],"is_beta":false,"boss_relics":[{"not_picked":["Busted Crown","HoveringKite"],"picked":"Ring of the Serpent"}],"items_purged_floors":[5,19],"is_endless":false,"potions_floor_spawned":[4,6,13,16,21,22,28],"killed_by":"Snake Plant","ascension_level":0}}