{"host":"d8d3jqle49sogkjv","time":1611257921,"event":{"mods":["BaseMod","Colored Map","Colored Powertips","Minty Spire (QoL Compilation)","StSLib"],"gold_per_floor":[119,119,140,164,3,42,7,7,7,36,11,35,56,80,80,208,271,296,25,25,44,44,82,82,118,173,206,245,270,270,270,270,391,391,411,411,155,175,201,201,235,235,235,279,299,299,299,312,312,312,312],"floor_reached":50,"language":"ENG","playtime":1891,"items_purged":["Strike_B","Defend_B"],"score":961,"play_id":"f2849a19-55df-4e64-a149-a9bf037586e5","local_time":"20210121203841","is_ascension_mode":true,"campfire_choices":[{"floor":8.0,"key":"REST"},{"data":"Doom and Gloom","floor":15.0,"key":"SMITH"},{"floor":30.0,"key":"REST"},{"floor":32.0,"key":"REST"},{"floor":40.0,"key":"RECALL"},{"floor":42.0,"key":"REST"},{"floor":47.0,"key":"REST"},{"floor":49.0,"key":"REST"}],"circlet_count":0,"master_deck":["AscendersBane","Strike_B+1","Defend_B","Defend_B","Zap","Dualcast","Conserve Battery","All For One","Doom and Gloom+1","Echo Form","Streamline","Metamorphosis","Streamline","Meteor Strike","Doom and Gloom+1","Conserve Battery+1","CurseOfTheBell","Meteor Strike","All For One","Hyperbeam"],"relics":["Snecko Eye","Golden Idol","Cables","Ginger","Odd Mushroom","Lantern","Tiny House","Orichalcum","Strawberry","Red Mask","Darkstone Periapt","Calling Bell","Omamori","Pantograph","Ice Cream","DollysMirror","Oddly Smooth Stone","Blood Vial","Nunchaku","Frozen Egg 2"],"acts_visited":["Exordium","TheCity","TheBeyond"],"potions_floor_usage":[50,50],"damage_taken":[{"damage":2.0,"enemies":"2 Louse","floor":1.0,"turns":3.0},{"damage":1.0,"enemies":"Small Slimes","floor":3.0,"turns":3.0},{"damage":2.0,"enemies":"Jaw Worm","floor":4.0,"turns":5.0},{"damage":43.0,"enemies":"Gremlin Nob","floor":6.0,"turns":6.0},{"damage":0.0,"enemies":"The Mushroom Lair","floor":10.0,"turns":4.0},{"damage":1.0,"enemies":"Blue Slaver","floor":13.0,"turns":3.0},{"damage":0.0,"enemies":"Large Slime","floor":14.0,"turns":3.0},{"damage":21.0,"enemies":"Slime Boss","floor":16.0,"turns":6.0},{"damage":0.0,"enemies":"Spheric Guardian","floor":18.0,"turns":3.0},{"damage":6.0,"enemies":"2 Thieves","floor":21.0,"turns":2.0},{"damage":4.0,"enemies":"Book of Stabbing","floor":23.0,"turns":2.0},{"damage":13.0,"enemies":"Gremlin Leader","floor":25.0,"turns":4.0},{"damage":2.0,"enemies":"Masked Bandits","floor":27.0,"turns":2.0},{"damage":38.0,"enemies":"Slavers","floor":28.0,"turns":4.0},{"damage":2.0,"enemies":"Cultist and Chosen","floor":29.0,"turns":3.0},{"damage":0.0,"enemies":"Collector","floor":33.0,"turns":5.0},{"damage":26.0,"enemies":"3 Darklings","floor":35.0,"turns":4.0},{"damage":0.0,"enemies":"3 Shapes","floor":38.0,"turns":2.0},{"damage":56.0,"enemies":"Nemesis","floor":41.0,"turns":5.0},{"damage":18.0,"enemies":"Reptomancer","floor":44.0,"turns":4.0},{"damage":6.0,"enemies":"3 Darklings","floor":45.0,"turns":3.0},{"damage":29.0,"enemies":"Spire Growth","floor":48.0,"turns":3.0},{"damage":75,"enemies":"Awakened One","floor":50,"turns":7}],"seed_played":"-5224640298682728752","potions_obtained":[{"floor":3.0,"key":"SpeedPotion"},{"floor":14.0,"key":"Explosive Potion"},{"floor":17.0,"key":"DistilledChaos"},{"floor":21.0,"key":"EssenceOfDarkness"},{"floor":23.0,"key":"Ancient Potion"}],"is_trial":false,"path_per_floor":["M","?","M","M","$","E","?","R","T","?","?","T","M","M","R","B",null,"M","$","?","M","?","E","$","E","T","?","E","M","R","?","R","B",null,"M","?","$","M","T","R","E","R","T","E","M","?","R","M","R","B"],"character_chosen":"DEFECT","items_purchased":["All For One","Metamorphosis","DollysMirror"],"campfire_rested":6,"item_purchase_floors":[5,19,37],"current_hp_per_floor":[66,48,47,45,45,2,20,42,42,42,42,42,41,41,41,20,66,66,66,66,60,60,56,56,50,50,48,10,8,34,34,60,60,86,60,60,60,60,60,60,4,31,31,15,11,11,38,11,38,0,0],"gold":312,"neow_bonus":"BOSS_RELIC","is_daily":false,"chose_seed":false,"campfire_upgraded":1,"win_rate":0.0,"timestamp":1611257921,"path_taken":["M","?","M","M","$","E","?","R","T","?","?","?","M","M","R","BOSS","M","$","?","M","?","E","$","E","T","?","E","?","R","?","R","BOSS","M","?","$","?","?","R","E","R","T","E","M","?","R","M","R","BOSS"],"items_purchased_type":["Card","Card","Relic"],"build_version":"2020-12-22","purchased_purges":2,"victory":false,"max_hp_per_floor":[75,75,75,75,75,75,75,75,75,75,75,75,75,75,75,75,80,80,80,80,80,80,80,80,87,87,87,87,87,87,87,87,87,93,93,93,93,93,93,93,93,93,93,93,93,93,93,93,93,93,93],"card_choices":[{"not_picked":["Redo","Steam","Rebound"],"picked":"SKIP","floor":1.0},{"not_picked":["Undo","Rebound"],"picked":"Conserve Battery","floor":3.0},{"not_picked":["Aggregate","Hologram","Ball Lightning"],"picked":"SKIP","floor":4.0},{"not_picked":["Multi-Cast","Skim","Go for the Eyes"],"picked":"SKIP","floor":6.0},{"not_picked":["Stack","Streamline"],"picked":"Doom and Gloom","floor":10.0},{"not_picked":["Hologram","Cold Snap","Stack"],"picked":"SKIP","floor":13.0},{"not_picked":["Sweeping Beam","Static Discharge","Gash"],"picked":"SKIP","floor":14.0},{"not_picked":["Hyperbeam","Biased Cognition"],"picked":"Echo Form","floor":16.0},{"not_picked":["Static Discharge","Rip and Tear"],"picked":"Streamline","floor":18.0},{"not_picked":["Sweeping Beam","Beam Cell","Redo+1"],"picked":"SKIP","floor":21.0},{"not_picked":["Recycle","Sweeping Beam+1","Beam Cell"],"picked":"SKIP","floor":23.0},{"not_picked":["BootSequence","Hologram","White Noise"],"picked":"SKIP","floor":25.0},{"not_picked":["Storm","Genetic Algorithm"],"picked":"Doom and Gloom+1","floor":28.0},{"not_picked":["Hologram+1","Defragment"],"picked":"Conserve Battery+1","floor":29.0},{"not_picked":["Ball Lightning+1","Blizzard","Barrage+1"],"picked":"SKIP","floor":35.0},{"not_picked":["Ball Lightning","Gash+1","Barrage"],"picked":"SKIP","floor":38.0},{"not_picked":["Auto Shields","Hello World","Beam Cell"],"picked":"SKIP","floor":41.0},{"not_picked":["Lockon","Leap","Hologram"],"picked":"SKIP","floor":44.0},{"not_picked":["Stack+1","Steam+1","Go for the Eyes+1"],"picked":"SKIP","floor":45.0},{"not_picked":["Streamline","FTL"],"picked":"Hyperbeam","floor":48.0}],"player_experience":417063,"relics_obtained":[{"floor":6.0,"key":"Cables"},{"floor":9.0,"key":"Ginger"},{"floor":10.0,"key":"Odd Mushroom"},{"floor":12.0,"key":"Lantern"},{"floor":23.0,"key":"Orichalcum"},{"floor":25.0,"key":"Strawberry"},{"floor":27.0,"key":"Red Mask"},{"floor":28.0,"key":"Darkstone Periapt"},{"floor":34.0,"key":"Omamori"},{"floor":34.0,"key":"Pantograph"},{"floor":34.0,"key":"Ice Cream"},{"floor":39.0,"key":"Oddly Smooth Stone"},{"floor":41.0,"key":"Blood Vial"},{"floor":43.0,"key":"Nunchaku"},{"floor":44.0,"key":"Frozen Egg 2"}],"event_choices":[{"damage_healed":0.0,"max_hp_gain":0.0,"max_hp_loss":0.0,"gold_gain":0.0,"event_name":"Golden Idol","player_choice":"Take Damage","floor":2.0,"gold_loss":0.0,"damage_taken":18.0,"relics_obtained":["Golden Idol"]},{"damage_healed":18.0,"max_hp_gain":0.0,"max_hp_loss":0.0,"gold_gain":0.0,"event_name":"The Cleric","player_choice":"Healed","floor":7.0,"gold_loss":35.0,"damage_taken":0.0},{"damage_healed":0.0,"max_hp_gain":0.0,"max_hp_loss":0.0,"gold_gain":0.0,"event_name":"Mushrooms","player_choice":"Fought Mushrooms","floor":10.0,"gold_loss":0.0,"damage_taken":0.0},{"damage_healed":0.0,"max_hp_gain":0.0,"max_hp_loss":0.0,"gold_gain":0.0,"event_name":"World of Goop","player_choice":"Left Gold","floor":11.0,"gold_loss":25.0,"damage_taken":0.0},{"damage_healed":0.0,"max_hp_gain":0.0,"max_hp_loss":0.0,"gold_gain":0.0,"cards_transformed":["Defend_B","Strike_B"],"event_name":"Drug Dealer","player_choice":"Became Test Subject","floor":20.0,"gold_loss":0.0,"damage_taken":0.0,"cards_obtained":["Streamline","Meteor Strike"]},{"damage_healed":0.0,"max_hp_gain":0.0,"max_hp_loss":0.0,"gold_gain":0.0,"event_name":"The Mausoleum","player_choice":"Ignored","floor":22.0,"gold_loss":0.0,"damage_taken":0.0},{"damage_healed":0.0,"max_hp_gain":0.0,"max_hp_loss":0.0,"gold_gain":0.0,"event_name":"Masked Bandits","player_choice":"Fought Bandits","floor":27.0,"gold_loss":0.0,"damage_taken":0.0},{"damage_healed":0.0,"max_hp_gain":0.0,"max_hp_loss":0.0,"gold_gain":0.0,"event_name":"Ghosts","player_choice":"Ignored","floor":31.0,"gold_loss":0.0,"damage_taken":0.0},{"cards_removed":["Strike_B"],"damage_healed":0.0,"max_hp_gain":0.0,"max_hp_loss":0.0,"gold_gain":0.0,"event_name":"Wheel of Change","player_choice":"Card Removal","floor":36.0,"gold_loss":0.0,"damage_taken":0.0},{"damage_healed":0.0,"max_hp_gain":0.0,"max_hp_loss":0.0,"gold_gain":0.0,"event_name":"Duplicator","player_choice":"Copied","floor":46.0,"gold_loss":0.0,"damage_taken":0.0,"cards_obtained":["All For One"]}],"is_beta":false,"boss_relics":[{"not_picked":["SacredBark","Runic Pyramid"],"picked":"Tiny House"},{"not_picked":["Busted Crown","Cursed Key"],"picked":"Calling Bell"}],"items_purged_floors":[19,37],"is_endless":false,"potions_floor_spawned":[3,14,21,23,28,29,35,45,48],"killed_by":"Awakened One","ascension_level":11}}