{"host":"57p7dt3z3srco180","time":1611215704,"event":{"mods":["AchievementEnabler","Aspiration","BaseMod","BetterRewards","Colored Map","Colored Powertips","Dark Map","GifTheSpireLib","Hubris","Infinite Spire","Marisa????????","Mimic Mod","Minty Spire (QoL Compilation)","Remilia??????","Replay The Spire","Shop Mod","StSLib","Synergy Search"],"gold_per_floor":[117,127,47,59,59,93,106,17,90,90,105,105,105,105,105,205,205,224,15,44,44,44,73,73,73,73,104,104,135,135,166,166,263,263,282,43,133,167,192,192,202,202,227,227,227,275,289,289,289,289,289],"floor_reached":50,"language":"ENG","playtime":1781,"items_purged":[],"score":777,"play_id":"3bcffecd-0ddb-4eff-b50a-1da95a9bd86e","local_time":"20210120235504","is_ascension_mode":true,"campfire_choices":[{"floor":10,"key":"REST"},{"floor":15,"key":"DIG"},{"floor":24,"key":"REST"},{"data":"MagicChant","floor":30,"key":"SMITH"},{"floor":32,"key":"REST"},{"floor":40,"key":"REST"},{"floor":42,"key":"REST"},{"data":"Crippling Poison","floor":45,"key":"SMITH"},{"data":"infinitespire:UltimateForm","floor":49,"key":"SMITH"}],"circlet_count":0,"master_deck":["Strike_G+1","Strike_G+2","Strike_G+1","Strike_G+2","Strike_G+1","Defend_G+1","Defend_G+1","Defend_G+1","Defend_G+1","Defend_G+1","Survivor","Neutralize","Masterful Stab","Blade Dance","Poisoned Stab","Outmaneuver+1","Dagger Throw","Dagger Spray","Deadly Poison","Concentrate","Backstab","Bane","Bane","Crippling Poison+1","Amnesia","Slice","Blind","Glass Knife","MagicChant+1","Toxin Wave+1","Cloak And Dagger","Poisoned Stab","GravityBeat","LuminesStrike","SuperPerseids","UltimateShortwave","Escape Plan","Poison Darts","PiercingWail+1","MachineGunSpark","OrrerysSun","ReplayTheSpireMod:Splinters","Dodge and Roll+1","Acrobatics","Finisher+1","PowerUp","GalacticHalo+1","Quick Slash","Slice+1","infinitespire:UltimateForm+1"],"relics":["Ring of the Snake","infinitespire:Lucky Rock","The Courier","hubris:BottledRain","Mirror","Ring of Fury","ReplayTheSpireMod:Ring of Challenge","aspiration:HiddenCompartment","aspiration:MarisaSkillbook","MerchantsRug","StrikeDummy","Letter Opener","hubris:Icosahedron","aspiration:HummingbirdHeart","WristBlade","TwistedFunnel","Nunchaku","hubris:Towel","Simple Rune","infinitespire:ShieldingShard"],"acts_visited":["Exordium","TheCity","TheBeyond"],"potions_floor_usage":[6,18,23,33,35,35,38,47],"damage_taken":[{"damage":11,"enemies":"Jaw Worm","floor":1,"turns":4},{"damage":0,"enemies":"Cultist","floor":2,"turns":3},{"damage":3,"enemies":"Small Slimes","floor":4,"turns":2},{"damage":18,"enemies":"Gremlin Nob","floor":6,"turns":3},{"damage":7,"enemies":"2 Fungi Beasts","floor":7,"turns":3},{"damage":0,"enemies":"3 Louse","floor":11,"turns":2},{"damage":26,"enemies":"Slime Boss","floor":16,"turns":6},{"damage":11,"enemies":"2 Thieves","floor":18,"turns":2},{"damage":12,"enemies":"Chosen","floor":20,"turns":2},{"damage":7,"enemies":"Replay:Snechameleon","floor":23,"turns":3},{"damage":8,"enemies":"Centurion and Healer","floor":27,"turns":4},{"damage":7,"enemies":"3 Cultists","floor":29,"turns":3},{"damage":5,"enemies":"Sentry and Sphere","floor":31,"turns":3},{"damage":35,"enemies":"Collector","floor":33,"turns":6},{"damage":0,"enemies":"3 Darklings","floor":35,"turns":2},{"damage":1,"enemies":"3 Shapes","floor":38,"turns":2},{"damage":26,"enemies":"Jaw Worm Horde","floor":39,"turns":3},{"damage":6,"enemies":"Spire Growth","floor":41,"turns":3},{"damage":8,"enemies":"Maw","floor":47,"turns":4},{"damage":80,"enemies":"Donu and Deca","floor":50,"turns":7}],"seed_played":"-8914100334382830777","potions_obtained":[{"floor":2,"key":"Fire Potion"},{"floor":7,"key":"SpeedPotion"},{"floor":11,"key":"Poison Potion"},{"floor":18,"key":"Reflective Coating"},{"floor":23,"key":"DuplicationPotion"},{"floor":33,"key":"Explosive Potion"},{"floor":39,"key":"Poison Potion"}],"is_trial":false,"path_per_floor":["M","M","$","M","?","E","M","$","T","R","M","?","?","?","R_BF","B",null,"M","$","M","T","?","E","R","?","T","M","?","M","R","M","R","B",null,"M","$","?","M","M","R","M","R","T","?","R","T","M","AVR","R_BF","B"],"character_chosen":"THE_SILENT","items_purchased":["Masterful Stab","infinitespire:Lucky Rock","Outmaneuver+1","Dagger Throw","Backstab","Bane","MerchantsRug","Toxin Wave+1","Cloak And Dagger","TwistedFunnel","MachineGunSpark","OrrerysSun"],"campfire_rested":5,"item_purchase_floors":[0,0,3,3,8,8,19,19,19,36,36,36],"current_hp_per_floor":[59,59,59,56,56,38,31,31,31,52,52,52,52,52,52,26,70,59,59,47,47,47,40,61,61,61,53,53,46,46,41,62,27,70,70,70,70,69,43,64,58,70,70,70,70,70,62,62,62,0,0],"gold":289,"neow_bonus":"","is_daily":false,"chose_seed":false,"campfire_upgraded":3,"win_rate":0.0,"timestamp":1611215704,"path_taken":["M","M","$","M","?","E","M","$","T","R","?","?","?","?","R_BF","BOSS","M","$","?","?","?","E","R","?","T","M","?","?","R","M","R","BOSS","M","$","?","?","M","R","M","R","T","?","R","?","M","AVR","R_BF","BOSS"],"items_purchased_type":["Card","Relic","Card","Card","Card","Card","Relic","Card","Card","Relic","Card","Card"],"build_version":"2020-12-22","purchased_purges":0,"victory":false,"max_hp_per_floor":[70,70,70,70,70,70,70,70,70,70,70,70,70,70,70,70,70,70,70,70,70,70,70,70,70,70,70,70,70,70,70,70,70,70,70,70,70,70,70,70,70,70,70,70,70,70,70,70,70,70,70],"card_choices":[{"not_picked":["Sucker Punch","Footwork"],"picked":"Blade Dance","floor":1},{"not_picked":["Backflip","Bane"],"picked":"Poisoned Stab","floor":2},{"not_picked":["Flying Knee","Envenom"],"picked":"Dagger Spray","floor":4},{"not_picked":["Deflect","Cloak And Dagger"],"picked":"Deadly Poison","floor":6},{"not_picked":["Sucker Punch","Sneak Up"],"picked":"Concentrate","floor":7},{"not_picked":["Bane","Outmaneuver"],"picked":"Crippling Poison","floor":11},{"not_picked":["Venomology","Replay:Bag of Tricks"],"picked":"Glass Knife","floor":16},{"not_picked":["Underhanded Strike+1","Acceleration","DarkSpark"],"picked":"MagicChant","floor":18},{"not_picked":["DoubleSpark","GravityBeat","Masterful Stab"],"picked":"Poisoned Stab","floor":20},{"not_picked":["ReplayTheSpireMod:Tripwire","Prepared","EnergyRecoil"],"picked":"GravityBeat","floor":23},{"not_picked":["Backflip+1","Deadly Poison","Dodge and Roll+1"],"picked":"LuminesStrike","floor":27},{"not_picked":["Sneak Up","NonDirectionalLaser+1","Catalyst+1"],"picked":"UltimateShortwave","floor":29},{"not_picked":["DoubleSpark","Occultation","EnergyRecoil"],"picked":"Escape Plan","floor":31},{"not_picked":["MillisecondPulsars","SuperNova","Replay:Bag of Tricks"],"picked":"Poison Darts","floor":33},{"not_picked":["Backflip","Distraction","Accuracy+1"],"picked":"PiercingWail+1","floor":35},{"not_picked":["Flechettes","AlicesGift","UnstableBomb+1"],"picked":"Dodge and Roll+1","floor":37},{"not_picked":["Heel Hook+1","Catalyst","Well Laid Plans"],"picked":"Acrobatics","floor":37},{"not_picked":["EnergyFlow+1","Deadly Poison","DC+1"],"picked":"Finisher+1","floor":37},{"not_picked":["Fluid Movement+1","UnstableBomb+1","Heel Hook+1"],"picked":"PowerUp","floor":38},{"not_picked":["Eviscerate+1","Dodge and Roll+1","Toxin Wave"],"picked":"GalacticHalo+1","floor":39},{"not_picked":["hubris:SlightOfHand","6A+1","Occultation+1"],"picked":"Quick Slash","floor":41},{"not_picked":["WitchOfGreed","UnstableBomb+1","hubris:Sniper+1"],"picked":"Slice+1","floor":47}],"player_experience":317733,"relics_obtained":[{"floor":5,"key":"The Courier"},{"floor":6,"key":"hubris:BottledRain"},{"floor":9,"key":"Mirror"},{"floor":12,"key":"Ring of Fury"},{"floor":12,"key":"ReplayTheSpireMod:Ring of Challenge"},{"floor":15,"key":"aspiration:HiddenCompartment"},{"floor":21,"key":"StrikeDummy"},{"floor":23,"key":"Letter Opener"},{"floor":26,"key":"aspiration:HummingbirdHeart"},{"floor":43,"key":"Nunchaku"},{"floor":46,"key":"Simple Rune"}],"event_choices":[{"damage_healed":0,"gold_gain":0,"player_choice":"Relic","damage_taken":0,"max_hp_gain":0,"max_hp_loss":0,"event_name":"Wheel of Change","floor":5,"gold_loss":0},{"damage_healed":0,"gold_gain":0,"player_choice":"2 cards matched","damage_taken":0,"max_hp_gain":0,"max_hp_loss":0,"event_name":"Match and Keep!","floor":14,"gold_loss":0,"cards_obtained":["Slice","Blind"]},{"damage_healed":0,"gold_gain":0,"player_choice":"Simplicity","damage_taken":0,"max_hp_gain":0,"max_hp_loss":0,"event_name":"Back to Basics","floor":22,"gold_loss":0,"cards_upgraded":["Strike_G","Strike_G","Strike_G","Strike_G","Defend_G","Defend_G","Defend_G","Defend_G","Defend_G"]},{"damage_healed":0,"gold_gain":0,"player_choice":"Read","damage_taken":0,"max_hp_gain":0,"max_hp_loss":0,"event_name":"The Library","floor":28,"gold_loss":0,"cards_obtained":["SuperPerseids"]}],"is_beta":false,"boss_relics":[{"not_picked":["Pandora\u0027s Box","Ectoplasm"],"picked":"aspiration:MarisaSkillbook"},{"not_picked":["Tiny House","Fusion Hammer"],"picked":"WristBlade"}],"items_purged_floors":[],"is_endless":false,"potions_floor_spawned":[2,7,11,18,23,33,39],"killed_by":"Donu and Deca","ascension_level":3}}