{"host":"oqvelqkxh74plq6q","time":1611199870,"event":{"mods":["ATMod(°¢èªMod)","BaseMod","Better Match","Better-Laid Plans","BetterRewards","BshForSts","Conspire","Good Game Mod","Jedi Mod","Minty Spire (QoL Compilation)","MostiFishMod","Poor People Problems","Quick Restart","Relic Stats","Remilia£¨ÀÙÃ×ÀòÑÇ£©","Shop Mod","Spicy Shops","StSLib","TestMod","Youmu£¨»êÆÇÑýÃÎ£©","vexMod","óô»ðÖ¸ÄÏ"],"gold_per_floor":[116,66,84,102,119,119,149,149,149,186,202,247,282,50,50,154,154,175,175,196,212,62,62,62,91,91,135,163,209,209,209],"floor_reached":30,"language":"ZHS","playtime":1602,"items_purged":["Strike_R","Strike_R"],"score":777,"play_id":"aa880ad9-ced4-4d87-a0d9-1f4073a36dee","local_time":"20210121113110","daily_mods":["Heirloom","Time Dilation","Flight","Elite Swarm"],"is_ascension_mode":true,"campfire_choices":[{"data":"AT_BodySlamDance","floor":6,"key":"SMITH"},{"data":"Impervious","floor":15,"key":"SMITH"},{"data":"Body Slam","floor":23,"key":"SMITH"},{"data":"MostiFishMod:UltimateDefense","floor":24,"key":"SMITH"},{"data":"MostiFishMod:UltimateDefense+1","floor":30,"key":"SMITH"}],"circlet_count":0,"master_deck":["Strike_R","Defend_R","Defend_R","Defend_R","Defend_R","Bash","AT_BodySlamDance+1","AT_KingSlayer","Second Wind","Seeing Red","Impervious+1","MostiFishMod:UltimateDefense+2","Bloodletting+1","Body Slam+1","Clothesline","MostiFishMod:Chiaki"],"relics":["Burning Blood","REME:ComplimentaryCards","DaveBox","AT_ATBox","testmod-TestBox","testmod-FatalChain","ThornShield","conspire:GlowingRock","SynthV:TestCard","testmod-CrystalShield","testmod-TheFather","Magic Flower","StoneCalendar","testmod-BouquetWithThorns","AT_BladeRuinedKing","testmod-Prudence","jedi:zontanonomicon","Frozen Egg 2","conspire:Dentures","testmod-ArcanaOfDestiny","testmod-InfectionSource","AT_RedTearstoneRing"],"acts_visited":["Exordium","TheCity"],"potions_floor_usage":[7,12],"damage_taken":[{"damage":2,"enemies":"Jaw Worm","floor":1,"turns":3},{"damage":12,"enemies":"Small Slimes","floor":3,"turns":3},{"damage":1,"enemies":"2 Louse","floor":4,"turns":3},{"damage":11,"enemies":"Blue Slaver","floor":5,"turns":4},{"damage":27,"enemies":"3 Sentries","floor":7,"turns":6},{"damage":0,"enemies":"Gremlin Nob","floor":10,"turns":3},{"damage":0,"enemies":"3 Louse","floor":11,"turns":1},{"damage":0,"enemies":"3 Sentries","floor":12,"turns":4},{"damage":0,"enemies":"Lagavulin","floor":13,"turns":2},{"damage":0,"enemies":"Hexaghost","floor":16,"turns":2},{"damage":0,"enemies":"conspire:FuzzyDice","floor":18,"turns":2},{"damage":0,"enemies":"3 Byrds","floor":20,"turns":2},{"damage":0,"enemies":"Cultist and Chosen","floor":21,"turns":1},{"damage":11,"enemies":"conspire:SneckoGhost","floor":25,"turns":3},{"damage":0,"enemies":"conspire:Head Lice","floor":27,"turns":2},{"damage":11,"enemies":"conspire:SneckoGhost","floor":28,"turns":2},{"damage":0,"enemies":"conspire:Head Lice","floor":29,"turns":2}],"seed_played":"6749933062647199024","potions_obtained":[{"floor":5,"key":"Strength Potion"},{"floor":10,"key":"Explosive Potion"},{"floor":11,"key":"GamblersBrew"},{"floor":12,"key":"PowerPotion"},{"floor":13,"key":"Swift Potion"},{"floor":16,"key":"Strength Potion"}],"is_trial":true,"path_per_floor":["M","?","M","M","M","R","E","?","T","E","M","E","E","$","R","B",null,"M","?","M","M","$","R","R","E","T","E","E","E","R"],"character_chosen":"IRONCLAD","items_purchased":["AT_BladeRuinedKing","Clothesline"],"campfire_rested":0,"item_purchase_floors":[14,22],"current_hp_per_floor":[76,76,70,75,70,70,49,49,49,55,64,73,80,80,80,80,80,80,64,73,80,80,80,80,78,78,80,78,80,80,80],"gold":209,"neow_bonus":"","is_daily":false,"chose_seed":false,"campfire_upgraded":5,"win_rate":0.0,"timestamp":1611199870,"path_taken":["M","?","M","M","M","R","E","?","T","E","?","E","E","$","R","BOSS","M","?","M","M","$","R","R","E","T","E","E","E","R"],"items_purchased_type":["Relic","Card"],"build_version":"2020-12-22","purchased_purges":2,"victory":false,"max_hp_per_floor":[80,80,80,80,80,80,80,80,80,80,80,80,80,80,80,80,80,80,80,80,80,80,80,80,80,80,80,80,80,80,80],"relic_stats":{"counters":[17,45],"Magic Flower":[17],"StoneCalendar":[0],"obtain_stats":[{"conspire:Dentures":26,"AT_RedTearstoneRing":29,"AT_ATBox":0,"testmod-TestBox":0,"DaveBox":0,"testmod-FatalChain":0,"jedi:zontanonomicon":19,"Magic Flower":10,"StoneCalendar":12,"AT_BladeRuinedKing":14,"Frozen Egg 2":25,"ThornShield":0,"testmod-BouquetWithThorns":13,"Burning Blood":0,"REME:ComplimentaryCards":0,"conspire:GlowingRock":0,"testmod-CrystalShield":7,"SynthV:TestCard":1,"testmod-Prudence":17,"testmod-TheFather":9,"testmod-InfectionSource":28,"testmod-ArcanaOfDestiny":27},{"conspire:Dentures":14,"AT_RedTearstoneRing":17,"AT_ATBox":0,"testmod-TestBox":0,"DaveBox":0,"testmod-FatalChain":0,"jedi:zontanonomicon":11,"Magic Flower":6,"StoneCalendar":8,"AT_BladeRuinedKing":9,"Frozen Egg 2":14,"ThornShield":0,"testmod-BouquetWithThorns":9,"Burning Blood":0,"REME:ComplimentaryCards":0,"conspire:GlowingRock":0,"testmod-CrystalShield":5,"SynthV:TestCard":1,"testmod-Prudence":10,"testmod-TheFather":5,"testmod-InfectionSource":16,"testmod-ArcanaOfDestiny":15},{"conspire:Dentures":39,"AT_RedTearstoneRing":45,"AT_ATBox":0,"testmod-TestBox":0,"DaveBox":0,"testmod-FatalChain":0,"jedi:zontanonomicon":33,"Magic Flower":22,"StoneCalendar":27,"AT_BladeRuinedKing":29,"Frozen Egg 2":39,"ThornShield":0,"testmod-BouquetWithThorns":29,"Burning Blood":0,"REME:ComplimentaryCards":0,"conspire:GlowingRock":0,"testmod-CrystalShield":19,"SynthV:TestCard":3,"testmod-Prudence":31,"testmod-TheFather":19,"testmod-InfectionSource":43,"testmod-ArcanaOfDestiny":41}],"Burning Blood":99},"card_choices":[{"not_picked":["AT_IchimonjiDouble","Warcry","Blood for Blood"],"picked":"SKIP","floor":1},{"not_picked":["Rage","Spot Weakness","Body Slam","Twin Strike"],"picked":"Second Wind","floor":3},{"not_picked":["Armaments","True Grit","Warcry","Sentinel","Headbutt"],"picked":"SKIP","floor":4},{"not_picked":["AT_ShrugMaster","Twin Strike","Clothesline","Reckless Charge"],"picked":"Seeing Red","floor":5},{"not_picked":["MostiFishMod:ChineseTea","MostiFishMod:FlyOverUtopia","MostiFishMod:KnuckleDown","Brutality"],"picked":"Impervious","floor":7},{"not_picked":["MostiFishMod:Mania","MostiFishMod:RacingGame","MostiFishMod:Chiaki","MostiFishMod:FireWorks","MostiFishMod:KnuckleDown"],"picked":"SKIP","floor":10},{"not_picked":["Clothesline","conspire:ExplosiveBarrier","Heavy Blade","Clash","Perfected Strike"],"picked":"SKIP","floor":11},{"not_picked":["Feed","MostiFishMod:CullingBlade","Limit Break","Bludgeon"],"picked":"MostiFishMod:UltimateDefense","floor":12},{"not_picked":["MostiFishMod:FlyOverUtopia","jedi:bloodyhammer","Reaper","MostiFishMod:UltimateDefense","MostiFishMod:PerfectStrikeMKII"],"picked":"SKIP","floor":13},{"not_picked":["Warcry","Havoc","AT_IchimonjiDouble","Twin Strike+1"],"picked":"Bloodletting+1","floor":18},{"not_picked":["Havoc","Armaments","Perfected Strike+1","Headbutt"],"picked":"Body Slam","floor":20},{"not_picked":["Clash","Cleave","Metallicize","Headbutt","Twin Strike"],"picked":"SKIP","floor":21},{"not_picked":["MostiFishMod:WingOfPhoenix+1","MostiFishMod:UltimateDefense","Bludgeon","jedi:strikingstrike","conspire:Purge"],"picked":"SKIP","floor":25},{"not_picked":["MostiFishMod:OrdinaryWorld","Immolate","conspire:Purge","jedi:bloodyhammer","Berserk+1"],"picked":"SKIP","floor":27},{"not_picked":["jedi:harder","jedi:bloodyhammer","MostiFishMod:UltimateDefense","MostiFishMod:404NotFound"],"picked":"MostiFishMod:Chiaki","floor":28},{"not_picked":["Immolate","MostiFishMod:KnuckleDown","MostiFishMod:DarkDeal","Reaper","Fiend Fire"],"picked":"SKIP","floor":29}],"player_experience":98495,"relics_obtained":[{"floor":1,"key":"SynthV:TestCard"},{"floor":7,"key":"testmod-CrystalShield"},{"floor":9,"key":"testmod-TheFather"},{"floor":10,"key":"Magic Flower"},{"floor":12,"key":"StoneCalendar"},{"floor":13,"key":"testmod-BouquetWithThorns"},{"floor":19,"key":"jedi:zontanonomicon"},{"floor":25,"key":"Frozen Egg 2"},{"floor":26,"key":"conspire:Dentures"},{"floor":27,"key":"testmod-ArcanaOfDestiny"},{"floor":28,"key":"testmod-InfectionSource"},{"floor":29,"key":"AT_RedTearstoneRing"}],"event_choices":[{"cards_removed":["Strike_R"],"damage_healed":0,"gold_gain":0,"player_choice":"Card Removal","damage_taken":0,"max_hp_gain":0,"max_hp_loss":0,"event_name":"The Cleric","floor":2,"gold_loss":50},{"cards_removed":["Strike_R"],"damage_healed":0,"gold_gain":0,"player_choice":"Purged","damage_taken":0,"max_hp_gain":0,"max_hp_loss":0,"event_name":"Purifier","floor":8,"gold_loss":0},{"damage_healed":0,"gold_gain":0,"player_choice":"Obtained Book","damage_taken":16,"max_hp_gain":0,"max_hp_loss":0,"event_name":"Cursed Tome","floor":19,"gold_loss":0}],"is_beta":false,"boss_relics":[{"not_picked":["Velvet Choker","Empty Cage"],"picked":"testmod-Prudence"}],"items_purged_floors":[14,22],"is_endless":false,"potions_floor_spawned":[5,10,11,12,13,16,21,25,27,28,29],"ascension_level":9}}