{"host":"1a3cjta80tad0aqj","time":1611270939,"event":{"mods":["2.2 Compatiblity","AchievementEnabler","BaseMod","Colored Map","DeckTracker","KOR Keyword Fix","Keyboard Shortcuts","Minty Spire (QoL Compilation)","Permanent Neow","Quick Restart","Random Character Button","StSLib","SuperFastMode","everything is the same but u backflip on backflip"],"gold_per_floor":[119,71,90,90,165,165,198,212,238,238,267,267,13,13,13,109,109,119,119,132,132,132,132,132,132,157,169,194,206,218,247,259,271,271],"floor_reached":33,"language":"KOR","playtime":954,"items_purged":[],"score":386,"play_id":"9aa2c0c5-9160-4ac4-a83c-85554c2c89de","local_time":"20210122081539","is_ascension_mode":true,"campfire_choices":[{"data":"Whirlwind","floor":6.0,"key":"SMITH"},{"floor":10.0,"key":"REST"},{"floor":12.0,"key":"REST"},{"data":"Heavy Blade","floor":15.0,"key":"SMITH"},{"floor":23.0,"key":"REST"},{"floor":27.0,"key":"REST"},{"data":"Armaments","floor":32.0,"key":"SMITH"}],"circlet_count":0,"master_deck":["Strike_R","Strike_R","Strike_R","Strike_R","Defend_R","Defend_R","Defend_R","Defend_R","Bash","Whirlwind+1","Heavy Blade+1","Shrug It Off","Flex","Wild Strike","Flex","Offering","Armaments+1","J.A.X.","Spot Weakness","Warcry"],"relics":["Burning Blood","Juzu Bracelet","Vajra","Self Forming Clay","Medical Kit","Sozu","Enchiridion","Art of War","MawBank","Kunai"],"acts_visited":["Exordium","TheCity"],"potions_floor_usage":[],"damage_taken":[{"damage":4.0,"enemies":"Small Slimes","floor":1.0,"turns":5.0},{"damage":0.0,"enemies":"2 Louse","floor":3.0,"turns":1.0},{"damage":47.0,"enemies":"Lagavulin","floor":7.0,"turns":6.0},{"damage":1.0,"enemies":"Cultist","floor":8.0,"turns":3.0},{"damage":28.0,"enemies":"Gremlin Nob","floor":11.0,"turns":4.0},{"damage":61.0,"enemies":"The Guardian","floor":16.0,"turns":10.0},{"damage":21.0,"enemies":"Shell Parasite","floor":18.0,"turns":5.0},{"damage":6.0,"enemies":"Chosen","floor":20.0,"turns":3.0},{"damage":28.0,"enemies":"Snake Plant","floor":28.0,"turns":3.0},{"damage":9.0,"enemies":"Cultist and Chosen","floor":31.0,"turns":3.0},{"damage":85,"enemies":"Automaton","floor":33,"turns":8}],"seed_played":"2713389257486315003","potions_obtained":[{"floor":3.0,"key":"Explosive Potion"},{"floor":8.0,"key":"Regen Potion"}],"is_trial":false,"path_per_floor":["M","$","M","?","?","R","E","M","T","R","E","R","$","?","R","B",null,"M","?","M","?","?","R","?","?","T","R","M","T","?","M","R","B"],"character_chosen":"IRONCLAD","items_purchased":["Energy Potion","Flex","Medical Kit","DuplicationPotion"],"campfire_rested":4,"item_purchase_floors":[2,13,13,13],"current_hp_per_floor":[74,74,80,73,62,62,21,26,26,50,28,52,52,52,52,12,63,48,48,48,48,33,58,42,42,42,67,45,45,95,92,92,7,7],"gold":271,"neow_bonus":"ONE_RANDOM_RARE_CARD","is_daily":false,"chose_seed":false,"campfire_upgraded":3,"win_rate":0.0,"timestamp":1611270939,"path_taken":["M","$","M","?","?","R","E","M","T","R","E","R","$","?","R","BOSS","M","?","M","?","?","R","?","?","T","R","M","?","?","M","R","BOSS"],"items_purchased_type":["Potion","Card","Relic","Potion"],"build_version":"2020-12-22","purchased_purges":0,"victory":false,"max_hp_per_floor":[80,80,80,80,80,80,80,80,80,80,80,80,80,80,80,80,80,80,80,80,80,85,85,85,85,85,85,85,85,95,95,95,95,95],"card_choices":[{"not_picked":["Shrug It Off","True Grit"],"picked":"Whirlwind","floor":1.0},{"not_picked":["Sword Boomerang","Armaments"],"picked":"Heavy Blade","floor":3.0},{"not_picked":["Fire Breathing","Cleave"],"picked":"Shrug It Off","floor":7.0},{"not_picked":["Perfected Strike","Thunderclap"],"picked":"Flex","floor":8.0},{"not_picked":["Whirlwind","Entrench"],"picked":"Wild Strike","floor":11.0},{"not_picked":["Barricade","Feed"],"picked":"Offering","floor":16.0},{"not_picked":["Sever Soul","Intimidate"],"picked":"Armaments","floor":18.0},{"not_picked":["Clash","Anger+1","Clothesline"],"picked":"SKIP","floor":20.0},{"not_picked":["Wild Strike","Impervious"],"picked":"Spot Weakness","floor":28.0},{"not_picked":["Body Slam","Shrug It Off"],"picked":"Warcry","floor":31.0}],"player_experience":870754,"relics_obtained":[{"floor":7.0,"key":"Juzu Bracelet"},{"floor":9.0,"key":"Vajra"},{"floor":11.0,"key":"Self Forming Clay"},{"floor":24.0,"key":"Enchiridion"},{"floor":26.0,"key":"MawBank"},{"floor":29.0,"key":"Kunai"}],"event_choices":[{"cards_removed":["Strike_R"],"damage_healed":0.0,"max_hp_gain":0.0,"max_hp_loss":0.0,"gold_gain":0.0,"event_name":"Golden Wing","player_choice":"Card Removal","floor":4.0,"gold_loss":0.0,"damage_taken":7.0},{"damage_healed":0.0,"max_hp_gain":0.0,"max_hp_loss":0.0,"gold_gain":75.0,"event_name":"World of Goop","player_choice":"Gather Gold","floor":5.0,"gold_loss":0.0,"damage_taken":11.0},{"damage_healed":0.0,"max_hp_gain":0.0,"max_hp_loss":0.0,"gold_gain":0.0,"event_name":"Scrap Ooze","player_choice":"Fled","floor":14.0,"gold_loss":0.0,"damage_taken":0.0},{"damage_healed":0.0,"max_hp_gain":0.0,"max_hp_loss":0.0,"gold_gain":0.0,"event_name":"N\u0027loth","player_choice":"Ignored","floor":19.0,"gold_loss":0.0,"damage_taken":0.0},{"damage_healed":0.0,"max_hp_gain":0.0,"max_hp_loss":0.0,"gold_gain":0.0,"event_name":"Drug Dealer","player_choice":"Obtain J.A.X.","floor":21.0,"gold_loss":0.0,"damage_taken":0.0,"cards_obtained":["J.A.X."]},{"damage_healed":0.0,"max_hp_gain":5.0,"max_hp_loss":0.0,"gold_gain":0.0,"event_name":"Forgotten Altar","player_choice":"Shed Blood","floor":22.0,"gold_loss":0.0,"damage_taken":20.0},{"damage_healed":0.0,"max_hp_gain":0.0,"max_hp_loss":0.0,"gold_gain":0.0,"event_name":"Cursed Tome","player_choice":"Obtained Book","floor":24.0,"gold_loss":0.0,"damage_taken":16.0},{"damage_healed":0.0,"max_hp_gain":0.0,"max_hp_loss":0.0,"gold_gain":0.0,"event_name":"The Mausoleum","player_choice":"Opened","floor":25.0,"gold_loss":0.0,"damage_taken":0.0,"relics_obtained":["Art of War"]},{"cards_removed":["Corruption"],"damage_healed":40.0,"max_hp_gain":10.0,"max_hp_loss":0.0,"gold_gain":0.0,"event_name":"Bonfire Elementals","player_choice":"Offered Rare","floor":30.0,"gold_loss":0.0,"damage_taken":0.0}],"is_beta":false,"boss_relics":[{"not_picked":["Coffee Dripper","Snecko Eye"],"picked":"Sozu"}],"items_purged_floors":[],"is_endless":false,"potions_floor_spawned":[3,8],"killed_by":"Automaton","ascension_level":9}}