{"host":"njb27ds59h4j3ikk","time":1611260231,"event":{"mods":["AchievementEnabler","BaseMod","Better Altar","Better Match","Better Note","Better Sensory Stone","Better Skull","Better Third Choice","BetterRewards","Downfall","Hermit","Hubris","Minty Spire (QoL Compilation)","Permanent Neow","Quarter Circle Forward PUNCH!","Quick Restart","Rare Cards Sparkle","Shop Mod","StSLib","Trackpad","Transform Curses"],"gold_per_floor":[111,111,111,111,130,156,14,14,14,47,47,47,147,58,58,162,162,173,173,187,42,117,143,154,166,166,166,166,166,207,237,249,458,470,497,527,539,273,159,190,69,100,100,100,100,100,130,150,150,150,150,150,25,60,60],"floor_reached":56,"language":"ENG","playtime":2085,"items_purged":[],"score":1941,"play_id":"09591e5d-720f-4ce0-8b9c-e5c69c087627","local_time":"20210121151711","is_ascension_mode":true,"campfire_choices":[{"floor":12.0,"key":"DIG"},{"floor":15.0,"key":"DIG"},{"floor":27.0,"key":"RECALL"},{"floor":29.0,"key":"DIG"},{"floor":32.0,"key":"DIG"},{"floor":49,"key":"DIG"},{"floor":52,"key":"DIG"}],"circlet_count":0,"master_deck":["hermit:Strike_Hermit","hermit:Strike_Hermit","hermit:Defend_Hermit","hermit:Defend_Hermit","hermit:Defend_Hermit","hermit:Snapshot","hermit:Covet","hermit:Glare","hermit:Headshot+1","hermit:Maintenance+1","hermit:Misfire","hermit:FlashPowder+1","Die Die Die+1","hermit:SprayPray+1","hermit:HighCaliber+1","hermit:Enervate","CurseOfTheBell","Decay","hubris:Wrath","hermit:HighNoon","hermit:Gambit","FollowUp+1","Dagger Spray","Guardian:SentryBeam","Conserve Battery","hermit:CursedWeapon+1","hermit:Dive+1","hermit:Roulette+1","hermit:NoHoldsBarred+1","hermit:BigShot","hermit:FlashPowder+1","hermit:Glare+1","hermit:HeroicBravado+1","hermit:PistolWhip+1","hermit:Gestalt+1","Panache","hermit:NoHoldsBarred+1","hermit:Virtue+1","Discovery+1","Flash of Steel","hermit:CalledShot+1","hermit:BlackWind+1","hermit:BodyArmor+1"],"relics":["hermit:Momento","qcfpunch:Fighting_Gloves","Shovel","MerchantsRug","Nunchaku","hermit:PetGhost","Mummified Hand","Smiling Mask","trackpad:ByrdCharm","trackpad:BiPhaseBiplane","hubris:Icosahedron","hubris:BottledRain","Calling Bell","Anchor","trackpad:DisasterInABottle","Sling","Bottled Flame","trackpad:AdjectivePendant","Kunai","Ancient Tea Set","The Courier","CultistMask","hubris:FunFungus","SacredBark","HandDrill","Shuriken","PreservedInsect","Bag of Marbles","qcfpunch:Wrestler\u0027s_Cloak","qcfpunch:Red_Headband","StrikeDummy","Strawberry","hexamod:CandleOfCauterizing","Pen Nib"],"acts_visited":["Exordium","TheCity","TheBeyond","TheEnding"],"potions_floor_usage":[47,50,50,55,55,55],"damage_taken":[{"damage":1.0,"enemies":"Cultist","floor":1.0,"turns":3.0},{"damage":0.0,"enemies":"Small Slimes","floor":5.0,"turns":2.0},{"damage":36.0,"enemies":"3 Sentries","floor":6.0,"turns":8.0},{"damage":0.0,"enemies":"Lagavulin","floor":10.0,"turns":4.0},{"damage":42.0,"enemies":"The Guardian","floor":16.0,"turns":9.0},{"damage":4.0,"enemies":"2 Thieves","floor":18.0,"turns":3.0},{"damage":4.0,"enemies":"Spheric Guardian","floor":20.0,"turns":3.0},{"damage":11.0,"enemies":"Book of Stabbing","floor":23.0,"turns":4.0},{"damage":6.0,"enemies":"Snake Plant","floor":24.0,"turns":4.0},{"damage":7.0,"enemies":"Centurion and Healer","floor":25.0,"turns":3.0},{"damage":0.0,"enemies":"Slavers","floor":30.0,"turns":2.0},{"damage":0.0,"enemies":"Shelled Parasite and Fungi","floor":31.0,"turns":2.0},{"damage":25.0,"enemies":"Automaton","floor":33.0,"turns":9.0},{"damage":0.0,"enemies":"Orb Walker","floor":35.0,"turns":2.0},{"damage":4.0,"enemies":"3 Darklings","floor":36.0,"turns":2.0},{"damage":3.0,"enemies":"Reptomancer","floor":40.0,"turns":3.0},{"damage":5,"enemies":"Giant Head","floor":42,"turns":5},{"damage":0,"enemies":"Reptomancer","floor":47,"turns":2},{"damage":0,"enemies":"Writhing Mass","floor":48,"turns":2},{"damage":8,"enemies":"hubris:GrandSnecko","floor":50,"turns":11},{"damage":13,"enemies":"Shield and Spear","floor":54,"turns":3},{"damage":93,"enemies":"The Heart","floor":55,"turns":6}],"seed_played":"6237594294137493492","potions_obtained":[{"floor":5.0,"key":"PowerPotion"},{"floor":10.0,"key":"CultistPotion"},{"floor":18.0,"key":"LiquidBronze"},{"floor":20.0,"key":"FearPotion"},{"floor":23.0,"key":"AttackPotion"},{"floor":25.0,"key":"champ:CounterPotion"},{"floor":37.0,"key":"hermit:Tonic"},{"floor":47,"key":"Dexterity Potion"}],"is_trial":false,"path_per_floor":["M","T","?","?","M","E","$","?","T","E","?","R","?","$","R","B",null,"M","?","M","$","T","E","M","M","T","R","?","R","E","M","R","B",null,"M","M","?","$","$","E","$","E","T","?","?","?","E","M","R","B",null,"R","$","E","B",null],"character_chosen":"HERMIT","items_purchased":["qcfpunch:Fighting_Gloves","hermit:Glare","hermit:Headshot","Potion Belt","MerchantsRug","Nunchaku","hermit:PetGhost","hermit:Maintenance","hermit:Misfire","trackpad:BiPhaseBiplane","Sling","trackpad:AdjectivePendant","Panache","HandDrill","Shuriken","PreservedInsect","Bag of Marbles","Strawberry","hexamod:CandleOfCauterizing"],"campfire_rested":0,"item_purchase_floors":[0,0,0,0,0,0,0,0,0,7,14,21,38,38,38,39,41,53,53],"current_hp_per_floor":[74,74,74,60,60,24,24,24,24,24,42,42,61,61,61,23,98,94,94,90,90,90,79,73,66,66,66,66,66,66,66,76,53,108,108,104,104,104,104,101,101,100,100,100,100,100,100,101,101,99,103,103,110,100,9],"gold":60,"neow_bonus":"","is_daily":false,"chose_seed":false,"campfire_upgraded":0,"win_rate":0.0,"timestamp":1611260231,"path_taken":["M","?","?","?","?","E","?","?","T","E","?","R","?","$","R","BOSS","M","?","M","$","?","E","M","M","T","R","?","R","E","M","R","BOSS","M","M","?","$","?","E","$","E","T","?","?","?","E","M","R","BOSS","R","$","E","BOSS"],"items_purchased_type":["Relic","Card","Card","Relic","Relic","Relic","Relic","Card","Card","Relic","Relic","Relic","Card","Relic","Relic","Relic","Relic","Relic","Relic"],"build_version":"2020-12-22","purchased_purges":0,"victory":true,"max_hp_per_floor":[75,75,75,75,75,75,75,75,75,75,75,75,94,94,94,98,98,98,98,98,98,98,98,98,98,98,98,98,98,98,98,108,108,108,108,108,108,108,108,108,108,108,108,108,108,103,103,103,103,103,103,103,110,110,110],"card_choices":[{"not_picked":["hermit:Snipe","hermit:Ricochet"],"picked":"hermit:FlashPowder","floor":1.0},{"not_picked":["hermit:Glare","hermit:Vantage"],"picked":"hermit:SprayPray","floor":5.0},{"not_picked":["hermit:Misfire","hermit:EyeOfTheStorm"],"picked":"hermit:HighCaliber","floor":6.0},{"not_picked":["hermit:GoldenBullet","hermit:CursedWeapon"],"picked":"hermit:Enervate","floor":10.0},{"not_picked":["hermit:Magnum","hermit:Purgatory"],"picked":"hermit:Gambit","floor":16.0},{"not_picked":["hermit:EyeOfTheStorm","hermit:Shortfuse"],"picked":"hermit:CursedWeapon","floor":18.0},{"not_picked":["hermit:TrackingShot","hermit:HoleUp"],"picked":"hermit:Dive","floor":20.0},{"not_picked":["hermit:Coalescence","hermit:Cheat"],"picked":"hermit:Roulette+1","floor":23.0},{"not_picked":["hermit:LoneWolf+1","hermit:Shortfuse"],"picked":"hermit:NoHoldsBarred+1","floor":24.0},{"not_picked":["hermit:Shortfuse","hermit:BodyArmor"],"picked":"hermit:BigShot","floor":25.0},{"not_picked":["hermit:Quickdraw","hermit:Misfire"],"picked":"hermit:FlashPowder","floor":30.0},{"not_picked":["hermit:ItchyTrigger","hermit:TrackingShot"],"picked":"hermit:Glare+1","floor":31.0},{"not_picked":["hermit:FatalDesire","hermit:HighNoon"],"picked":"hermit:HeroicBravado","floor":33.0},{"not_picked":["hermit:Maintenance","hermit:NoHoldsBarred"],"picked":"hermit:PistolWhip","floor":35.0},{"not_picked":["hermit:Manifest","hermit:Coalescence"],"picked":"hermit:Gestalt+1","floor":36.0},{"not_picked":["hermit:TrackingShot","hermit:Horror"],"picked":"hermit:NoHoldsBarred+1","floor":40.0},{"not_picked":["hermit:GhostlyPresence","hermit:BodyArmor"],"picked":"hermit:Virtue+1","floor":42},{"not_picked":["Jack Of All Trades","Violence"],"picked":"Discovery","floor":44},{"not_picked":["HandOfGreed","Deep Breath"],"picked":"Flash of Steel","floor":44},{"not_picked":["hermit:GoldenBullet","hermit:Feint"],"picked":"hermit:CalledShot+1","floor":47},{"not_picked":["hermit:Glare+1","hermit:TrackingShot"],"picked":"hermit:BlackWind","floor":48},{"not_picked":["hermit:TakeCover","hermit:SprayPray"],"picked":"hermit:BodyArmor+1","floor":54}],"player_experience":1275917,"relics_obtained":[{"floor":2.0,"key":"Mummified Hand"},{"floor":6.0,"key":"trackpad:ByrdCharm"},{"floor":9.0,"key":"qcfpunch:Wild_Herbs_Ointment"},{"floor":10.0,"key":"Omamori"},{"floor":12.0,"key":"hubris:BottledRain"},{"floor":13.0,"key":"Anchor"},{"floor":13.0,"key":"trackpad:DisasterInABottle"},{"floor":13.0,"key":"Mango"},{"floor":15.0,"key":"Bottled Flame"},{"floor":22.0,"key":"Kunai"},{"floor":23.0,"key":"Ancient Tea Set"},{"floor":26.0,"key":"The Courier"},{"floor":29.0,"key":"MawBank"},{"floor":30.0,"key":"hubris:FunFungus"},{"floor":32.0,"key":"Pear"},{"floor":40.0,"key":"hermit:RyeStalk"},{"floor":42,"key":"qcfpunch:Wrestler\u0027s_Cloak"},{"floor":47,"key":"qcfpunch:Red_Headband"},{"floor":49,"key":"Orichalcum"},{"floor":52,"key":"StrikeDummy"},{"floor":54,"key":"Pen Nib"}],"event_choices":[{"damage_healed":0.0,"max_hp_gain":0.0,"max_hp_loss":0.0,"gold_gain":0.0,"event_name":"The Cleric","player_choice":"Leave","floor":3.0,"gold_loss":0.0,"damage_taken":0.0},{"damage_healed":18.0,"max_hp_gain":0.0,"max_hp_loss":0.0,"gold_gain":0.0,"event_name":"Mushrooms","player_choice":"Healed and dodged fight","floor":11.0,"gold_loss":0.0,"damage_taken":0.0,"cards_obtained":["Parasite"]},{"damage_healed":0.0,"max_hp_gain":0.0,"max_hp_loss":0.0,"gold_gain":0.0,"event_name":"WeMeetAgain","player_choice":"Ignored","floor":19.0,"gold_loss":0.0,"damage_taken":0.0},{"damage_healed":0.0,"max_hp_gain":0.0,"max_hp_loss":0.0,"gold_gain":0.0,"event_name":"FaceTrader","player_choice":"Trade","floor":28.0,"gold_loss":0.0,"damage_taken":0.0,"relics_obtained":["CultistMask"]},{"damage_healed":0.0,"max_hp_gain":0.0,"max_hp_loss":0.0,"gold_gain":0.0,"event_name":"Lab","player_choice":"Got Potions","floor":37.0,"gold_loss":0.0,"damage_taken":0.0},{"damage_healed":0,"gold_gain":3,"player_choice":"1","damage_taken":0,"max_hp_gain":0,"max_hp_loss":0,"event_name":"betterStone:BetterStone","floor":44,"gold_loss":0},{"damage_healed":0,"gold_gain":0,"player_choice":"Max HP","damage_taken":0,"max_hp_gain":0,"max_hp_loss":5,"event_name":"Winding Halls","floor":46,"gold_loss":0}],"is_beta":false,"boss_relics":[{"not_picked":["hubris:RunicObelisk","Busted Crown"],"picked":"qcfpunch:Killian_Engine_Alpha"},{"not_picked":["hermit:BartenderGlass","Runic Pyramid"],"picked":"SacredBark"}],"items_purged_floors":[],"is_endless":false,"potions_floor_spawned":[5,10,18,20,23,25,47,48],"ascension_level":3}}