{"host":"g8ufh7m4frdlkxwv","time":1611268471,"event":{"mods":["AchievementEnabler","BaseMod","Colored Map","Dark Map","Minty Spire (QoL Compilation)","Relic Stats","StSLib","ojb\u0027s Info Mod"],"gold_per_floor":[116,191,191,210,229,229,239,267,267,294,305,305,332,297,297,376,376,390,360,315,315,333,360,360,360],"floor_reached":24,"language":"ENG","playtime":1154,"items_purged":[],"score":472,"play_id":"0d3cc9f1-a196-41d5-9abe-643dcaac6898","local_time":"20210121233431","is_ascension_mode":true,"campfire_choices":[{"floor":6.0,"key":"REST"},{"data":"Phantasmal Killer","floor":15.0,"key":"SMITH"}],"circlet_count":0,"master_deck":["AscendersBane","Strike_G","Strike_G","Strike_G","Strike_G","Strike_G","Defend_G","Defend_G","Defend_G","Defend_G","Survivor","Neutralize","Dash","Cloak And Dagger","Blur","Bouncing Flask","Slice","Calculated Gamble","Dagger Throw","Phantasmal Killer+1","After Image","Terror+1","Dagger Spray","Slice+1","Corpse Explosion"],"relics":["Ring of the Snake","Incense Burner","Toy Ornithopter","Bronze Scales","Singing Bowl","Omamori","Black Star","Potion Belt","Lantern"],"acts_visited":["Exordium","TheCity"],"potions_floor_usage":[20,22,23,24],"damage_taken":[{"damage":4.0,"enemies":"Small Slimes","floor":1.0,"turns":3.0},{"damage":0.0,"enemies":"2 Louse","floor":4.0,"turns":7.0},{"damage":0.0,"enemies":"Cultist","floor":5.0,"turns":4.0},{"damage":18.0,"enemies":"Large Slime","floor":7.0,"turns":11.0},{"damage":12.0,"enemies":"Lagavulin","floor":8.0,"turns":6.0},{"damage":9.0,"enemies":"Gremlin Nob","floor":10.0,"turns":4.0},{"damage":0.0,"enemies":"Red Slaver","floor":11.0,"turns":3.0},{"damage":16.0,"enemies":"3 Sentries","floor":13.0,"turns":8.0},{"damage":11.0,"enemies":"The Guardian","floor":16.0,"turns":9.0},{"damage":15,"enemies":"Chosen","floor":18,"turns":5},{"damage":15,"enemies":"2 Thieves","floor":20,"turns":5},{"damage":16,"enemies":"3 Cultists","floor":22,"turns":6},{"damage":25,"enemies":"Slavers","floor":23,"turns":6},{"damage":24,"enemies":"Sentry and Sphere","floor":24,"turns":5}],"seed_played":"-4742660019835425333","potions_obtained":[{"floor":5.0,"key":"PowerPotion"},{"floor":7.0,"key":"AttackPotion"},{"floor":8.0,"key":"GhostInAJar"},{"floor":13.0,"key":"Strength Potion"},{"floor":19,"key":"AttackPotion"},{"floor":19,"key":"Regen Potion"},{"floor":20,"key":"AttackPotion"},{"floor":22,"key":"Dexterity Potion"}],"is_trial":false,"path_per_floor":["M","?","?","M","M","R","M","E","T","E","M","?","E","?","R","B",null,"M","?","M","?","M","E","M"],"character_chosen":"THE_SILENT","items_purchased":[],"campfire_rested":1,"item_purchase_floors":[],"current_hp_per_floor":[40,29,29,29,29,48,30,18,18,14,16,16,5,22,22,16,55,40,40,45,45,34,14,0,0],"gold":360,"neow_bonus":"ONE_RARE_RELIC","is_daily":false,"chose_seed":false,"campfire_upgraded":1,"win_rate":0.0,"timestamp":1611268471,"path_taken":["M","?","?","M","M","R","M","E","T","E","M","?","E","?","R","BOSS","M","?","?","?","M","E","M"],"items_purchased_type":[],"build_version":"2020-12-22","purchased_purges":0,"victory":false,"max_hp_per_floor":[66,66,66,66,66,66,66,66,66,66,68,68,68,68,68,68,68,68,68,68,68,68,68,68,68],"relic_stats":{"Singing Bowl":2,"counters":[14,82],"Bronze Scales":[131],"Black Star":1,"obtain_stats":[{"Potion Belt":23,"Lantern":23,"Singing Bowl":10,"Bronze Scales":9,"Incense Burner":0,"Omamori":13,"Black Star":17,"Toy Ornithopter":8,"Ring of the Snake":0},{"Potion Belt":13,"Lantern":13,"Singing Bowl":6,"Bronze Scales":5,"Incense Burner":0,"Omamori":8,"Black Star":9,"Toy Ornithopter":5,"Ring of the Snake":0},{"Potion Belt":77,"Lantern":77,"Singing Bowl":35,"Bronze Scales":31,"Incense Burner":0,"Omamori":46,"Black Star":55,"Toy Ornithopter":31,"Ring of the Snake":0}],"Toy Ornithopter":35,"Ring of the Snake":[28]},"card_choices":[{"not_picked":["Sucker Punch","Leg Sweep"],"picked":"Dash","floor":1.0},{"not_picked":["Well Laid Plans","Infinite Blades"],"picked":"Blur","floor":4.0},{"not_picked":["Bane","Cloak And Dagger"],"picked":"Bouncing Flask","floor":5.0},{"not_picked":["Deadly Poison","Setup"],"picked":"Slice","floor":7.0},{"not_picked":["Backflip","Finisher"],"picked":"Calculated Gamble","floor":8.0},{"not_picked":["Bane","Dodge and Roll"],"picked":"Dagger Throw","floor":10.0},{"not_picked":["Outmaneuver","Calculated Gamble","Deflect"],"picked":"Singing Bowl","floor":11.0},{"not_picked":["Escape Plan","Blur"],"picked":"Phantasmal Killer","floor":13.0},{"not_picked":["Tools of the Trade","Envenom"],"picked":"After Image","floor":16.0},{"not_picked":["Poisoned Stab","Cloak And Dagger"],"picked":"Terror","floor":18},{"not_picked":["Slice","Quick Slash"],"picked":"Dagger Spray","floor":20},{"not_picked":["Dagger Throw+1","Dagger Spray"],"picked":"Slice+1","floor":22},{"not_picked":["Predator","Malaise"],"picked":"Corpse Explosion","floor":23}],"player_experience":1066981,"relics_obtained":[{"floor":8.0,"key":"Toy Ornithopter"},{"floor":9.0,"key":"Bronze Scales"},{"floor":10.0,"key":"Singing Bowl"},{"floor":13.0,"key":"Omamori"},{"floor":23,"key":"Potion Belt"},{"floor":23,"key":"Lantern"}],"event_choices":[{"damage_healed":0.0,"max_hp_gain":0.0,"max_hp_loss":0.0,"gold_gain":75.0,"event_name":"World of Goop","player_choice":"Gather Gold","floor":2.0,"gold_loss":0.0,"damage_taken":11.0},{"damage_healed":0.0,"max_hp_gain":0.0,"max_hp_loss":0.0,"gold_gain":0.0,"cards_transformed":["Defend_G"],"event_name":"Living Wall","player_choice":"Change","floor":3.0,"gold_loss":0.0,"damage_taken":0.0,"cards_obtained":["Cloak And Dagger"]},{"damage_healed":0.0,"max_hp_gain":0.0,"max_hp_loss":0.0,"gold_gain":0.0,"event_name":"Shining Light","player_choice":"Ignored","floor":12.0,"gold_loss":0.0,"damage_taken":0.0},{"damage_healed":17.0,"max_hp_gain":0.0,"max_hp_loss":0.0,"gold_gain":0.0,"event_name":"The Cleric","player_choice":"Healed","floor":14.0,"gold_loss":35.0,"damage_taken":0.0},{"damage_healed":0,"gold_gain":0,"player_choice":"Bought 2 Potions","damage_taken":0,"max_hp_gain":0,"max_hp_loss":0,"event_name":"The Woman in Blue","floor":19,"gold_loss":0},{"damage_healed":0,"gold_gain":0,"player_choice":"Upgraded","damage_taken":0,"max_hp_gain":0,"max_hp_loss":0,"event_name":"Upgrade Shrine","floor":21,"gold_loss":0,"cards_upgraded":["Terror"]}],"is_beta":false,"boss_relics":[{"not_picked":["Sozu","Snecko Eye"],"picked":"Black Star"}],"items_purged_floors":[],"is_endless":false,"potions_floor_spawned":[5,7,8,13,20,22],"killed_by":"Sentry and Sphere","ascension_level":20}}