{"host":"sn3z3ri9wzge00zg","time":1611244970,"event":{"mods":["BaseMod","BetterRewards","Colored Map","Hubris","Infinite Spire","Minty Spire (QoL Compilation)","Replay The Spire","Shop Mod","StSLib"],"gold_per_floor":[118,118,183,201,190,220,231,256,256,256,289,339,24,54,54,151,151,166,179,229,1043,687,719,745,745,769,769,796,796,865,898,998,1093,1093,1175,1269,1364,1519,1569,1704,1704,1841,1841,1974,2024,2074,1445,691,691,691,691,691,155,196,196],"floor_reached":56,"language":"RUS","playtime":2687,"items_purged":["Defend_R","Strike_R","True Grit","Inflame","Defend_R","Defend_R"],"score":1804,"play_id":"3293bf9d-d3ae-402f-ac12-f3336e1fd397","local_time":"20210121200250","is_ascension_mode":true,"campfire_choices":[{"data":"ReplayTheSpireMod:LeadingStrike","floor":10,"key":"SMITH"},{"floor":15,"key":"RECALL"},{"data":"Limit Break","floor":25,"key":"SMITH"},{"data":"hubris:Fate","floor":29,"key":"SMITH"},{"floor":41,"key":"DIG"},{"data":"Replay:Dark Deal","floor":49,"key":"SMITH"},{"floor":52,"key":"DIG"}],"circlet_count":0,"master_deck":["Strike_R","Strike_R+1","Strike_R+1","Defend_R","Whirlwind","Thunderclap","Inflame","Inflame","Thunderclap","Flex","ReplayTheSpireMod:LeadingStrike+1","Replay:Dark Deal+1","Finesse","Limit Break+1","Replay:Undeath\u0027s Touch+1","Heavy Blade+1","hubris:Fate+1","Limit Break+1","Uppercut+1","Rage+1"],"relics":["Burning Blood","SsserpentHead","Meat on the Bone","Bronze Scales","DollysMirror","Letter Opener","Replay:Rubber Ducky","Replay:WaspNest","Smiling Mask","WingedGreaves","Sling","Bottled Lightning","Pear","hubris:TerracottaHorce","Gremlin Food","infinitespire:Satchel","Black Star","Boot","Replay:Multitool","Pen Nib","Dream Catcher","infinitespire:Beetle Shell","Frozen Egg 2","Blue Doll","Happy Flower","Counterbalance","King of Hearts","infinitespire:EvilPickle","hubris:IronBody","Bottled Flame","Self Forming Clay","infinitespire:CursedDice","Calipers","Chameleon Ring","hubris:Towel","hubris:TenFootPole","infinitespire:ShieldingShard","Cauldron","MerchantsRug","Pocketwatch","hubris:PeanutButter","OrangePellets","Mercury Hourglass","ReplayTheSpireMod:Lightbulb","Whetstone","infinitespire:PuzzleCube","Kunai"],"acts_visited":["Exordium","TheCity","TheBeyond","TheEnding"],"potions_floor_usage":[11,16,16,55,55,55,55,55,55,55,55],"damage_taken":[{"damage":3,"enemies":"Small Slimes","floor":1,"turns":3},{"damage":21,"enemies":"infinitespire:Voidling","floor":3,"turns":4},{"damage":6,"enemies":"Jaw Worm","floor":4,"turns":3},{"damage":28,"enemies":"Gremlin Nob","floor":6,"turns":4},{"damage":17,"enemies":"Exordium Thugs","floor":7,"turns":4},{"damage":9,"enemies":"Replay:BlueRogue","floor":8,"turns":4},{"damage":21,"enemies":"3 Sentries","floor":11,"turns":6},{"damage":19,"enemies":"Gremlin Nob","floor":14,"turns":4},{"damage":0,"enemies":"Slime Boss","floor":16,"turns":3},{"damage":28,"enemies":"Shell Parasite","floor":18,"turns":4},{"damage":15,"enemies":"2 Thieves","floor":19,"turns":3},{"damage":20,"enemies":"Chosen and Byrds","floor":21,"turns":5},{"damage":0,"enemies":"Replay:Snechameleon","floor":23,"turns":1},{"damage":0,"enemies":"Gremlin Leader","floor":24,"turns":2},{"damage":0,"enemies":"Book of Stabbing","floor":28,"turns":1},{"damage":9,"enemies":"Centurion and Healer","floor":30,"turns":4},{"damage":12,"enemies":"Replay:Snechameleon","floor":31,"turns":3},{"damage":12,"enemies":"Pondfish","floor":33,"turns":5},{"damage":4,"enemies":"Orb Walker","floor":35,"turns":2},{"damage":0,"enemies":"3 Darklings","floor":36,"turns":3},{"damage":6,"enemies":"Sphere and 2 Shapes","floor":37,"turns":2},{"damage":0,"enemies":"Transient","floor":38,"turns":5},{"damage":9,"enemies":"Nemesis","floor":40,"turns":3},{"damage":0,"enemies":"R_Hoarder","floor":42,"turns":3},{"damage":9,"enemies":"Jaw Worm Horde","floor":44,"turns":2},{"damage":0,"enemies":"Replay:Hell Engine","floor":50,"turns":1},{"damage":0,"enemies":"Shield and Spear","floor":54,"turns":2},{"damage":0,"enemies":"The Heart","floor":55,"turns":3}],"seed_played":"-5768313697593251517","potions_obtained":[{"floor":6,"key":"ColorlessPotion"},{"floor":8,"key":"FearPotion"},{"floor":16,"key":"FearPotion"},{"floor":19,"key":"EntropicBrew"}],"is_trial":false,"path_per_floor":["M","?","M","M","$","E","M","E","T","R","E","?","$","E","R_BF","B",null,"M","M","?","M","$","E","E","R","T","AVR","E","R","M","E","R","B",null,"M","M","M","M","?","E","R","E","T","M","?","?","$","$","R","B",null,"R","$","E","B",null],"character_chosen":"IRONCLAD","items_purchased":["Meat on the Bone","Inflame","Bronze Scales","Reflective Coating","AttackPotion","DollysMirror","WingedGreaves","Sling","Replay:Dark Deal","Finesse","Bottled Lightning","BlessingOfTheForge","Regen Potion","Gremlin Food","infinitespire:Satchel","hubris:TenFootPole","infinitespire:ShieldingShard","Cauldron","MerchantsRug","Pocketwatch","hubris:PeanutButter","OrangePellets","ReplayTheSpireMod:Lightbulb","Whetstone","infinitespire:BlackPotion"],"campfire_rested":0,"item_purchase_floors":[5,5,5,5,5,5,13,13,13,13,13,13,13,22,22,47,47,47,47,48,48,48,53,53,53],"current_hp_per_floor":[80,80,65,65,65,55,56,53,53,53,50,50,50,59,59,65,84,62,53,53,51,51,57,63,63,63,63,69,69,66,60,60,54,81,88,90,90,90,90,87,87,90,90,87,87,87,87,87,87,90,90,90,90,90,90],"gold":196,"neow_bonus":"REMOVE_CARD","is_daily":false,"chose_seed":false,"campfire_upgraded":4,"win_rate":0.0,"timestamp":1611244970,"path_taken":["M","?","?","M","$","E","M","E","T","R","E","?","?","E","R_BF","BOSS","M","M","?","M","$","E","E","R","T","AVR","E","R","?","E","R","BOSS","M","M","M","?","?","E","R","E","T","M","?","?","$","$","R","BOSS","R","$","E","BOSS"],"items_purchased_type":["Relic","Card","Relic","Potion","Potion","Relic","Relic","Relic","Card","Card","Relic","Potion","Potion","Relic","Relic","Relic","Relic","Relic","Relic","Relic","Relic","Relic","Relic","Relic","Potion"],"build_version":"2020-12-22","purchased_purges":6,"victory":true,"max_hp_per_floor":[80,80,80,80,80,80,80,80,80,80,80,80,80,90,90,90,90,90,90,90,90,90,90,90,90,90,90,90,90,90,90,90,90,90,90,90,90,90,90,90,90,90,90,90,90,90,90,90,90,90,90,90,90,90,90],"card_choices":[{"not_picked":["ReplayTheSpireMod:Strike From Hell","ReplayTheSpireMod:Corrosion Curse"],"picked":"Inflame","floor":1},{"not_picked":["Sword Boomerang","Spot Weakness"],"picked":"Whirlwind","floor":3},{"not_picked":["Dropkick","Burning Pact"],"picked":"Thunderclap","floor":4},{"not_picked":["hubris:ReadiedAction","Inflame"],"picked":"Flex","floor":6},{"not_picked":["Burning Pact","hubris:ReadiedAction"],"picked":"ReplayTheSpireMod:LeadingStrike","floor":7},{"not_picked":["Headbutt","hubris:SharpeningStone","Hemokinesis"],"picked":"SKIP","floor":8},{"not_picked":["Pommel Strike","Massacre","ReplayTheSpireMod:Strike From Hell"],"picked":"SKIP","floor":11},{"not_picked":["Perfected Strike","Bloodletting","Cleave"],"picked":"SKIP","floor":14},{"not_picked":["Reaper","Berserk"],"picked":"Limit Break","floor":16},{"not_picked":["Headbutt","ReplayTheSpireMod:Limb From Limb+1"],"picked":"True Grit","floor":18},{"not_picked":["Whirlwind+1","hubris:ReadiedAction+1","True Grit"],"picked":"SKIP","floor":19},{"not_picked":["Headbutt","Clash+1"],"picked":"Replay:Undeath\u0027s Touch+1","floor":21},{"not_picked":["Armaments","Flame Barrier","Clash"],"picked":"SKIP","floor":23},{"not_picked":["hubris:SharpeningStone","Cleave"],"picked":"Heavy Blade+1","floor":24},{"not_picked":["Hemogenesis","Anger","Run Through+1"],"picked":"SKIP","floor":28},{"not_picked":["Heavy Blade+1","Rupture+1","Infernal Blade+1"],"picked":"SKIP","floor":30},{"not_picked":["Armaments","Rage"],"picked":"Limit Break","floor":31},{"not_picked":["Flex+1","ReplayTheSpireMod:Strike From Hell"],"picked":"Uppercut+1","floor":35},{"not_picked":["Sever Soul","Clothesline","hubris:CleavingFinish+1"],"picked":"SKIP","floor":36},{"not_picked":["Hemokinesis+1","Warcry","Inflame+1"],"picked":"SKIP","floor":37},{"not_picked":["Run Through+1","Ghostly Armor+1","Headbutt+1"],"picked":"SKIP","floor":38},{"not_picked":["Iron Wave","True Grit+1","Searing Blow"],"picked":"SKIP","floor":40},{"not_picked":["Iron Wave","True Grit+1","Searing Blow"],"picked":"SKIP","floor":40},{"not_picked":["ReplayTheSpireMod:Stacked+1","Brutality+1","Feel No Pain+1"],"picked":"SKIP","floor":42},{"not_picked":["ReplayTheSpireMod:Corrosion Curse+1","Thunderclap+1","Anger+1"],"picked":"SKIP","floor":44},{"not_picked":["Combust+1","hubris:SharpeningStone+1"],"picked":"Rage+1","floor":54}],"player_experience":18589,"relics_obtained":[{"floor":6,"key":"Letter Opener"},{"floor":8,"key":"Replay:Rubber Ducky"},{"floor":11,"key":"Replay:WaspNest"},{"floor":14,"key":"Pear"},{"floor":23,"key":"Boot"},{"floor":23,"key":"Replay:Multitool"},{"floor":24,"key":"Pen Nib"},{"floor":24,"key":"Dream Catcher"},{"floor":26,"key":"infinitespire:Beetle Shell"},{"floor":28,"key":"Blue Doll"},{"floor":28,"key":"Happy Flower"},{"floor":31,"key":"Counterbalance"},{"floor":31,"key":"King of Hearts"},{"floor":40,"key":"hubris:IronBody"},{"floor":40,"key":"Bottled Flame"},{"floor":41,"key":"Self Forming Clay"},{"floor":42,"key":"infinitespire:CursedDice"},{"floor":42,"key":"Calipers"},{"floor":43,"key":"Chameleon Ring"},{"floor":52,"key":"Mercury Hourglass"},{"floor":54,"key":"infinitespire:PuzzleCube"},{"floor":54,"key":"Kunai"}],"event_choices":[{"damage_healed":0,"gold_gain":0,"player_choice":"Trade","damage_taken":0,"relics_obtained":["SsserpentHead"],"max_hp_gain":0,"max_hp_loss":0,"event_name":"FaceTrader","floor":2,"gold_loss":0},{"damage_healed":0,"gold_gain":0,"player_choice":"Gave Potion","damage_taken":0,"relics_obtained":["Smiling Mask"],"max_hp_gain":0,"max_hp_loss":0,"event_name":"WeMeetAgain","floor":12,"gold_loss":0},{"cards_removed":["Bash"],"damage_healed":0,"gold_gain":0,"player_choice":"Offered Basic","damage_taken":0,"max_hp_gain":0,"max_hp_loss":0,"event_name":"Bonfire Elementals","floor":20,"gold_loss":0},{"damage_healed":0,"gold_gain":0,"player_choice":"Memory 1","damage_taken":0,"max_hp_gain":0,"max_hp_loss":0,"event_name":"SensoryStone","floor":45,"gold_loss":0}],"is_beta":false,"boss_relics":[{"not_picked":["ReplayTheSpireMod:SealedPack","Replay:Drink Me"],"picked":"hubris:TerracottaHorce"},{"not_picked":["Black Star","ReplayTheSpireMod:DimensionalGlitch"],"picked":"hubris:GrandSneckoEye"}],"items_purged_floors":[5,13,22,47,48,53],"is_endless":false,"potions_floor_spawned":[6,8,14,16,19,21,30,35],"ascension_level":6}}