{"host":"ELF","time":1611256459,"event":{"mods":["BaseMod","Bestiary","Minty Spire (QoL Compilation)","Relic Stats","Slay the Relics Exporter"],"gold_per_floor":[114,114,38,57,57,88,108,108,156,156,182,182,207,45,45,120,120,131,56,56,73,83,114,114,114],"floor_reached":24,"language":"ENG","playtime":805,"items_purged":[],"score":564,"play_id":"584e36c7-e081-4172-8b00-cc48f76f166f","local_time":"20210121131419","is_ascension_mode":true,"campfire_choices":[{"data":"Dash","floor":8,"key":"SMITH"},{"data":"Bouncing Flask","floor":10,"key":"SMITH"},{"data":"Noxious Fumes","floor":12,"key":"SMITH"},{"data":"Catalyst","floor":15,"key":"SMITH"}],"circlet_count":0,"master_deck":["AscendersBane","Strike_G","Strike_G","Strike_G","Defend_G","Defend_G","Defend_G","Defend_G","Defend_G","Survivor","Neutralize","Riddle With Holes+1","Bouncing Flask+1","Dash+1","Backflip","Leg Sweep","Noxious Fumes+1","Blade Dance","Catalyst+1","Adrenaline","Skewer","Acrobatics","Prepared","Burst","Bane","Deadly Poison","Malaise","PiercingWail"],"relics":["Ring of the Snake","NeowsBlessing","Happy Flower","Orichalcum","Smiling Mask","FossilizedHelix","Orrery","Runic Pyramid","PreservedInsect"],"acts_visited":["Exordium","TheCity"],"potions_floor_usage":[23],"damage_taken":[{"damage":0,"enemies":"Small Slimes","floor":1,"turns":1},{"damage":0,"enemies":"Cultist","floor":4,"turns":1},{"damage":0,"enemies":"Lagavulin","floor":6,"turns":1},{"damage":0,"enemies":"2 Louse","floor":7,"turns":2},{"damage":2,"enemies":"Gremlin Nob","floor":11,"turns":3},{"damage":10,"enemies":"Lagavulin","floor":13,"turns":7},{"damage":34,"enemies":"Slime Boss","floor":16,"turns":9},{"damage":0,"enemies":"Shell Parasite","floor":18,"turns":4},{"damage":0,"enemies":"Chosen","floor":21,"turns":3},{"damage":16,"enemies":"Snake Plant","floor":22,"turns":2},{"damage":25,"enemies":"Book of Stabbing","floor":23,"turns":6},{"damage":13,"enemies":"Sentry and Sphere","floor":24,"turns":3}],"seed_played":"1667907877890413818","potions_obtained":[{"floor":6,"key":"LiquidBronze"},{"floor":16,"key":"PowerPotion"},{"floor":21,"key":"Fire Potion"},{"floor":23,"key":"LiquidMemories"}],"is_trial":false,"path_per_floor":["M","?","$","M","$","E","M","R","T","R","E","R","E","$","R","B",null,"M","?","?","M","M","E","M"],"character_chosen":"THE_SILENT","items_purchased":["Bouncing Flask","Orrery"],"campfire_rested":0,"item_purchase_floors":[3,14],"current_hp_per_floor":[59,59,59,59,59,59,59,59,59,59,57,57,47,47,47,13,53,53,53,53,53,37,12,0,0],"gold":114,"neow_bonus":"THREE_ENEMY_KILL","is_daily":false,"chose_seed":false,"campfire_upgraded":4,"win_rate":0.0,"timestamp":1611256459,"path_taken":["M","?","$","?","$","E","M","R","T","R","E","R","E","?","R","BOSS","M","?","?","M","?","E","M"],"items_purchased_type":["Card","Relic"],"build_version":"2020-12-18","purchased_purges":0,"victory":false,"max_hp_per_floor":[66,66,66,66,66,66,66,66,66,66,66,66,66,66,66,66,66,66,66,66,66,66,66,66,66],"relic_stats":{"Happy Flower":[13],"counters":[12,42],"PreservedInsect":0,"Orichalcum":[96],"Smiling Mask":0,"obtain_stats":[{"NeowsBlessing":0,"Happy Flower":6,"Orrery":14,"PreservedInsect":23,"Orichalcum":9,"Smiling Mask":11,"FossilizedHelix":13,"Ring of the Snake":0,"Runic Pyramid":17},{"NeowsBlessing":0,"Happy Flower":3,"Orrery":6,"PreservedInsect":11,"Orichalcum":4,"Smiling Mask":5,"FossilizedHelix":6,"Ring of the Snake":0,"Runic Pyramid":7},{"NeowsBlessing":0,"Happy Flower":3,"Orrery":15,"PreservedInsect":39,"Orichalcum":5,"Smiling Mask":8,"FossilizedHelix":15,"Ring of the Snake":0,"Runic Pyramid":24}],"Ring of the Snake":[24]},"card_choices":[{"not_picked":["PiercingWail","Dodge and Roll"],"picked":"Riddle With Holes","floor":1},{"not_picked":["Dodge and Roll","Blade Dance"],"picked":"Dash","floor":4},{"not_picked":["Flechettes","Doppelganger"],"picked":"Backflip","floor":6},{"not_picked":["Bane","Slice"],"picked":"Leg Sweep","floor":7},{"not_picked":["Prepared","Setup"],"picked":"Noxious Fumes","floor":11},{"not_picked":["Envenom","Infinite Blades"],"picked":"Blade Dance","floor":13},{"not_picked":["Quick Slash","Tactician"],"picked":"Catalyst","floor":14},{"not_picked":["Dagger Spray","Dash"],"picked":"Adrenaline","floor":14},{"not_picked":["Choke","Dodge and Roll"],"picked":"Skewer","floor":14},{"not_picked":["PiercingWail","Escape Plan"],"picked":"Acrobatics","floor":14},{"not_picked":["Poisoned Stab","Sucker Punch"],"picked":"Prepared","floor":14},{"not_picked":["Wraith Form v2","A Thousand Cuts"],"picked":"Burst","floor":16},{"not_picked":["Acrobatics","Flying Knee"],"picked":"Bane","floor":18},{"not_picked":["Underhanded Strike","Escape Plan"],"picked":"Deadly Poison","floor":21},{"not_picked":["Cloak And Dagger","Dagger Throw"],"picked":"Malaise","floor":22},{"not_picked":["Dodge and Roll+1","Leg Sweep"],"picked":"PiercingWail","floor":23}],"player_experience":3262092,"relics_obtained":[{"floor":6,"key":"Happy Flower"},{"floor":9,"key":"Orichalcum"},{"floor":11,"key":"Smiling Mask"},{"floor":13,"key":"FossilizedHelix"},{"floor":23,"key":"PreservedInsect"}],"event_choices":[{"damage_healed":0,"gold_gain":0,"player_choice":"Upgraded","damage_taken":0,"max_hp_gain":0,"max_hp_loss":0,"event_name":"Upgrade Shrine","floor":2,"gold_loss":0,"cards_upgraded":["Riddle With Holes"]},{"cards_removed":["Strike_G"],"damage_healed":0,"gold_gain":0,"player_choice":"Gave Gold","damage_taken":0,"max_hp_gain":0,"max_hp_loss":0,"event_name":"Beggar","floor":19,"gold_loss":75},{"cards_removed":["Strike_G"],"damage_healed":0,"gold_gain":0,"player_choice":"Offered Basic","damage_taken":0,"max_hp_gain":0,"max_hp_loss":0,"event_name":"Bonfire Elementals","floor":20,"gold_loss":0}],"is_beta":true,"boss_relics":[{"not_picked":["Sozu","Tiny House"],"picked":"Runic Pyramid"}],"items_purged_floors":[],"is_endless":false,"potions_floor_spawned":[6,16,21,23],"killed_by":"Sentry and Sphere","ascension_level":20}}