{"host":"Oniwa","time":1611229483,"event":{"mods":["BaseMod","Colored Map","Colored Powertips","Minty Spire (QoL Compilation)","Relic Stats","Slay the Relics Exporter","SpireBot","StSLib","ojb\u0027s Better Paths Mod","ojb\u0027s Info Mod"],"gold_per_floor":[116,130,40,5,16,41,58,58,58,91,91,120,170,184,184,256,256,268,268,284,45,45,45,45,76,76,76,93,109,129,54,54,131,131,144,156,169,189,26,61,72,72,72],"floor_reached":42,"language":"JPN","playtime":2991,"items_purged":["Parasite"],"score":990,"play_id":"eb8ba8b5-0ce4-43b9-97a7-6802189d3812","local_time":"20210121204443","is_ascension_mode":true,"campfire_choices":[{"data":"Neutralize","floor":8,"key":"SMITH"},{"floor":11,"key":"REST"},{"data":"Predator","floor":15,"key":"SMITH"},{"data":"Wraith Form v2","floor":23,"key":"SMITH"},{"floor":27,"key":"REST"},{"floor":32,"key":"REST"}],"circlet_count":0,"master_deck":["AscendersBane","Strike_G","Strike_G","Defend_G","Defend_G","Defend_G","Defend_G","Defend_G","Survivor","Neutralize+1","Dagger Spray","Dagger Spray","Predator+1","Predator","Predator","PiercingWail","Riddle With Holes","Deadly Poison","Wraith Form v2+1","Blade Dance+1","Cloak And Dagger","Footwork","Crippling Poison","RitualDagger","Bouncing Flask","Backflip","PiercingWail","PiercingWail","Phantasmal Killer","Noxious Fumes","Night Terror","Cloak And Dagger+1","Calculated Gamble","Dagger Throw+1","PiercingWail","Catalyst","Parasite"],"relics":["SlaversCollar","Juzu Bracelet","Vajra","InkBottle","Snake Skull","Cursed Key","Ornamental Fan","White Beast Statue","Fusion Hammer","Centennial Puzzle","Mummified Hand"],"acts_visited":["Exordium","TheCity","TheBeyond"],"potions_floor_usage":[6,6,16,18,25,33,33,38,42,42],"damage_taken":[{"damage":5,"enemies":"Small Slimes","floor":1,"turns":5},{"damage":4,"enemies":"2 Louse","floor":2,"turns":2},{"damage":1,"enemies":"Cultist","floor":5,"turns":4},{"damage":8,"enemies":"Gremlin Nob","floor":6,"turns":3},{"damage":18,"enemies":"Large Slime","floor":7,"turns":5},{"damage":10,"enemies":"3 Sentries","floor":10,"turns":3},{"damage":4,"enemies":"Lagavulin","floor":12,"turns":6},{"damage":15,"enemies":"Red Slaver","floor":14,"turns":3},{"damage":12,"enemies":"Hexaghost","floor":16,"turns":10},{"damage":8,"enemies":"3 Byrds","floor":18,"turns":4},{"damage":11,"enemies":"Spheric Guardian","floor":20,"turns":3},{"damage":26,"enemies":"Slavers","floor":25,"turns":5},{"damage":0,"enemies":"Snake Plant","floor":28,"turns":4},{"damage":4,"enemies":"Centurion and Healer","floor":29,"turns":5},{"damage":12,"enemies":"Shelled Parasite and Fungi","floor":30,"turns":8},{"damage":17,"enemies":"Collector","floor":33,"turns":8},{"damage":0,"enemies":"Orb Walker","floor":35,"turns":2},{"damage":2,"enemies":"3 Darklings","floor":36,"turns":7},{"damage":4,"enemies":"Maw","floor":37,"turns":10},{"damage":6,"enemies":"Jaw Worm Horde","floor":38,"turns":4},{"damage":7,"enemies":"Giant Head","floor":40,"turns":7},{"damage":2,"enemies":"Sphere and 2 Shapes","floor":41,"turns":6},{"damage":38,"enemies":"Writhing Mass","floor":42,"turns":5}],"seed_played":"4431195555489293473","potions_obtained":[{"floor":1,"key":"CunningPotion"},{"floor":2,"key":"BlessingOfTheForge"},{"floor":6,"key":"PowerPotion"},{"floor":12,"key":"SkillPotion"},{"floor":16,"key":"CultistPotion"},{"floor":18,"key":"Energy Potion"},{"floor":25,"key":"GhostInAJar"},{"floor":33,"key":"Swift Potion"},{"floor":35,"key":"SmokeBomb"},{"floor":37,"key":"Block Potion"},{"floor":38,"key":"Fruit Juice"},{"floor":40,"key":"SteroidPotion"}],"is_trial":false,"path_per_floor":["M","M","$","?","M","E","M","R","T","E","R","E","?","M","R","B",null,"M","T","M","$","?","R","?","E","T","R","M","M","M","?","R","B",null,"M","M","M","M","$","E","M","M"],"character_chosen":"THE_SILENT","items_purchased":["Predator","Footwork","Crippling Poison","Centennial Puzzle"],"campfire_rested":3,"item_purchase_floors":[3,21,21,39],"current_hp_per_floor":[54,50,50,66,65,57,39,39,39,29,48,44,44,29,29,17,54,46,46,35,35,35,35,29,3,3,21,21,17,5,5,23,6,49,49,47,43,42,42,35,33,0,0],"gold":72,"neow_bonus":"BOSS_RELIC","is_daily":false,"chose_seed":false,"campfire_upgraded":3,"win_rate":0.0,"timestamp":1611229483,"path_taken":["M","M","$","?","M","E","M","R","T","E","R","E","?","M","R","BOSS","M","?","M","$","?","R","?","E","T","R","M","M","M","?","R","BOSS","M","M","M","M","$","E","M","M"],"items_purchased_type":["Card","Card","Card","Relic"],"build_version":"2020-12-18","purchased_purges":1,"victory":false,"max_hp_per_floor":[66,66,66,66,66,66,66,66,66,66,66,66,66,66,66,66,66,66,66,66,63,63,63,63,63,63,63,63,63,63,63,63,63,63,63,63,63,68,68,68,68,68,68],"relic_stats":{"Centennial Puzzle":[9],"counters":[23,119],"Ornamental Fan":[156],"Mummified Hand":[3],"Snake Skull":[94],"Juzu Bracelet":1,"Cursed Key":1,"obtain_stats":[{"SlaversCollar":0,"Centennial Puzzle":39,"Ornamental Fan":19,"Mummified Hand":40,"Vajra":9,"Snake Skull":12,"Fusion Hammer":34,"Juzu Bracelet":6,"Cursed Key":17,"InkBottle":10,"White Beast Statue":25,"Ring of the Snake":0},{"SlaversCollar":0,"Centennial Puzzle":20,"Ornamental Fan":10,"Mummified Hand":21,"Vajra":5,"Snake Skull":7,"Fusion Hammer":16,"Juzu Bracelet":4,"Cursed Key":9,"InkBottle":6,"White Beast Statue":12,"Ring of the Snake":0},{"SlaversCollar":0,"Centennial Puzzle":101,"Ornamental Fan":45,"Mummified Hand":108,"Vajra":19,"Snake Skull":28,"Fusion Hammer":78,"Juzu Bracelet":14,"Cursed Key":41,"InkBottle":22,"White Beast Statue":53,"Ring of the Snake":0}],"InkBottle":[42]},"card_choices":[{"not_picked":["Flechettes","Concentrate"],"picked":"Dagger Spray","floor":1},{"not_picked":["Flying Knee","Caltrops"],"picked":"Dagger Spray","floor":2},{"not_picked":["Prepared","Accuracy"],"picked":"Predator","floor":5},{"not_picked":["Flying Knee","Heel Hook"],"picked":"Predator","floor":6},{"not_picked":["Eviscerate","Blade Dance"],"picked":"PiercingWail","floor":7},{"not_picked":["Flying Knee","Outmaneuver"],"picked":"Riddle With Holes","floor":10},{"not_picked":["Poisoned Stab","Distraction"],"picked":"Deadly Poison","floor":12},{"not_picked":["Quick Slash","Eviscerate","Blade Dance"],"picked":"SKIP","floor":14},{"not_picked":["Phantasmal Killer","Grand Finale"],"picked":"Wraith Form v2","floor":16},{"not_picked":["Dodge and Roll","Poisoned Stab+1"],"picked":"Blade Dance+1","floor":18},{"not_picked":["Flying Knee","Slice"],"picked":"Cloak And Dagger","floor":20},{"not_picked":["Quick Slash","Expertise"],"picked":"Bouncing Flask","floor":25},{"not_picked":["Dagger Spray","Dash"],"picked":"Backflip","floor":28},{"not_picked":["Backstab","Dash"],"picked":"PiercingWail","floor":29},{"not_picked":["Underhanded Strike","Predator"],"picked":"PiercingWail","floor":30},{"not_picked":["Wraith Form v2","Corpse Explosion"],"picked":"Night Terror","floor":33},{"not_picked":["Deflect","Acrobatics"],"picked":"Cloak And Dagger+1","floor":35},{"not_picked":["Cloak And Dagger","Masterful Stab"],"picked":"Calculated Gamble","floor":36},{"not_picked":["Sucker Punch+1","Tactician"],"picked":"Dagger Throw+1","floor":37},{"not_picked":["Finisher","Blade Dance"],"picked":"PiercingWail","floor":38},{"not_picked":["Dash","Deflect"],"picked":"Catalyst","floor":40},{"not_picked":["Deflect+1","Bane","Choke"],"picked":"SKIP","floor":41}],"player_experience":2571750,"relics_obtained":[{"floor":6,"key":"Juzu Bracelet"},{"floor":9,"key":"Vajra"},{"floor":10,"key":"InkBottle"},{"floor":12,"key":"Snake Skull"},{"floor":19,"key":"Ornamental Fan"},{"floor":25,"key":"White Beast Statue"},{"floor":40,"key":"Mummified Hand"}],"event_choices":[{"damage_healed":16,"gold_gain":0,"player_choice":"Healed","damage_taken":0,"max_hp_gain":0,"max_hp_loss":0,"event_name":"The Cleric","floor":4,"gold_loss":35},{"damage_healed":0,"gold_gain":50,"player_choice":"Pray","damage_taken":0,"max_hp_gain":0,"max_hp_loss":0,"event_name":"Golden Shrine","floor":13,"gold_loss":0},{"cards_removed":["Strike_G"],"damage_healed":0,"gold_gain":0,"player_choice":"Purged","damage_taken":0,"max_hp_gain":0,"max_hp_loss":0,"event_name":"Purifier","floor":22,"gold_loss":0},{"damage_healed":0,"gold_gain":0,"player_choice":"Joined the Cult","damage_taken":6,"max_hp_gain":0,"max_hp_loss":0,"event_name":"Nest","floor":24,"gold_loss":0,"cards_obtained":["RitualDagger"]},{"damage_healed":0,"gold_gain":0,"cards_transformed":["Strike_G","Strike_G"],"player_choice":"Transformed Cards","damage_taken":0,"max_hp_gain":0,"max_hp_loss":0,"event_name":"Designer","floor":31,"gold_loss":75,"cards_obtained":["Phantasmal Killer","Noxious Fumes"]}],"is_beta":true,"boss_relics":[{"not_picked":["HoveringKite","Coffee Dripper"],"picked":"Cursed Key"},{"not_picked":["WristBlade","Empty Cage"],"picked":"Fusion Hammer"}],"items_purged_floors":[21],"is_endless":false,"potions_floor_spawned":[1,2,6,12,16,18,25,28,29,30,33,35,36,37,38,40,41],"killed_by":"Writhing Mass","ascension_level":20}}