{"host":"oztwkdn1ogbv4ny9","time":1611210911,"event":{"mods":["AchievementEnabler","BaseMod","Colored Map","Hermit","Minty Spire (QoL Compilation)","Replay The Spire","StSLib","SuperFastMode","The Construct","The Cursed","The Disciple","The Hierophant","The Necromancer","The Servant 0.9.4"],"gold_per_floor":[114,114,39,49,67,67,99,99,122,150,164,179,196,230,230,331,331,348,364,380,305,58,90,90,124,150,150,182,92,103,121,121,217,217,228,228,228,244,263,294,294,310,310,324,340,355,374,374,374],"floor_reached":48,"language":"ENG","playtime":2571,"items_purged":["Strike_S","Strike_S"],"score":809,"play_id":"0658637b-d401-41b4-aa8d-c44a86aab781","local_time":"20210121013511","is_ascension_mode":true,"campfire_choices":[{"data":"Foresight","floor":6.0,"key":"SMITH"},{"data":"Luminosity","floor":8.0,"key":"SMITH"},{"floor":15.0,"key":"REST"},{"data":"ShatteredReality","floor":24.0,"key":"SMITH"},{"data":"ShatteredReality","floor":27.0,"key":"SMITH"},{"floor":32,"key":"REST"},{"data":"DualDimension","floor":41,"key":"SMITH"}],"circlet_count":0,"master_deck":["Strike_S","Strike_S","Defend_S","KidneyShot","Exchange","Foresight+1","DualDimension+1","Luminosity+1","DualDimension+1","ShatteredReality+1","ShatteredReality+1","MurderousAura","BottledTime+1","Potential","Deny+1","CurseOfTheBell","Foresight+1"],"relics":["Uniform","Potion Belt","Pen Nib","Simple Rune","Ginger","SacredBark","Toy Ornithopter","Tiny Chest","Singing Bowl","Boot","Blue Doll","Replay:Grab Bag","Busted Crown","Coffee Dripper","Calling Bell","ReplayTheSpireMod:Lightbulb","Frozen Egg 2","Prayer Wheel","Blue Candle","Omamori","Bottled Flame"],"acts_visited":["Exordium","TheCity","TheBeyond"],"potions_floor_usage":[33,40,42,46],"damage_taken":[{"damage":1.0,"enemies":"Jaw Worm","floor":1.0,"turns":5.0},{"damage":1.0,"enemies":"Cultist","floor":4.0,"turns":4.0},{"damage":0.0,"enemies":"2 Louse","floor":5.0,"turns":4.0},{"damage":1.0,"enemies":"Replay:BlueRogue","floor":7.0,"turns":5.0},{"damage":24.0,"enemies":"Gremlin Nob","floor":10.0,"turns":6.0},{"damage":1.0,"enemies":"Red Slaver","floor":11.0,"turns":5.0},{"damage":0.0,"enemies":"Blue Slaver","floor":12.0,"turns":4.0},{"damage":4.0,"enemies":"Gremlin Gang","floor":13.0,"turns":6.0},{"damage":15.0,"enemies":"3 Sentries","floor":14.0,"turns":8.0},{"damage":25.0,"enemies":"Fading Forest","floor":16.0,"turns":11.0},{"damage":0.0,"enemies":"Chosen","floor":18.0,"turns":5.0},{"damage":12.0,"enemies":"2 Thieves","floor":19.0,"turns":5.0},{"damage":17.0,"enemies":"Snecko","floor":20.0,"turns":7.0},{"damage":18.0,"enemies":"Gremlin Leader","floor":23.0,"turns":4.0},{"damage":30.0,"enemies":"Book of Stabbing","floor":25.0,"turns":6.0},{"damage":41.0,"enemies":"Replay:Snechameleon","floor":28.0,"turns":6.0},{"damage":0.0,"enemies":"Cultist and Chosen","floor":30.0,"turns":5.0},{"damage":0,"enemies":"Snake Plant","floor":31,"turns":3},{"damage":11,"enemies":"Pondfish","floor":33,"turns":7},{"damage":18,"enemies":"Orb Walker","floor":35,"turns":3},{"damage":16,"enemies":"3 Darklings","floor":38,"turns":5},{"damage":34,"enemies":"Jaw Worm Horde","floor":39,"turns":4},{"damage":0,"enemies":"Giant Head","floor":40,"turns":7},{"damage":11,"enemies":"4 Shapes","floor":42,"turns":3},{"damage":0,"enemies":"Sphere and 2 Shapes","floor":44,"turns":3},{"damage":0,"enemies":"Maw","floor":45,"turns":6},{"damage":17,"enemies":"Writhing Mass","floor":46,"turns":3},{"damage":13,"enemies":"4 Shapes","floor":47,"turns":4},{"damage":20,"enemies":"Spire Growth","floor":48,"turns":2}],"seed_played":"-179245634805401023","potions_obtained":[{"floor":0.0,"key":"SteroidPotion"},{"floor":0.0,"key":"LiquidMemories"},{"floor":0.0,"key":"FairyPotion"},{"floor":4.0,"key":"AttackPotion"},{"floor":10.0,"key":"Block Potion"},{"floor":14.0,"key":"Toxic Potion"},{"floor":16.0,"key":"Ancient Potion"},{"floor":18.0,"key":"Dexterity Potion"},{"floor":20.0,"key":"PowerPotion"},{"floor":31,"key":"Weak Potion"},{"floor":33,"key":"BlessingOfTheForge"},{"floor":39,"key":"Energy Potion"},{"floor":40,"key":"Toxic Potion"},{"floor":44,"key":"GamblersBrew"}],"is_trial":false,"path_per_floor":["M","?","$","M","M","R","E","R","T","E","M","M","M","E","R","B",null,"M","M","M","?","$","E","R","E","T","R","E","?","M","M","R","B",null,"M","?","T","M","M","E","R","M","T","M","M","M","M","M"],"character_chosen":"THE_SERVANT","items_purchased":["Toy Ornithopter"],"campfire_rested":2,"item_purchase_floors":[22],"current_hp_per_floor":[64,64,64,63,63,63,62,62,62,38,37,37,33,18,37,22,65,65,53,36,36,36,23,23,37,37,37,3,3,3,5,26,20,71,57,57,57,45,15,22,22,20,20,24,28,18,9,0,0],"gold":374,"neow_bonus":"THREE_SMALL_POTIONS","is_daily":false,"chose_seed":false,"campfire_upgraded":5,"win_rate":0.0,"timestamp":1611210911,"path_taken":["M","?","$","M","M","R","E","R","T","E","M","?","M","E","R","BOSS","M","M","M","?","$","E","R","E","T","R","E","?","M","?","R","BOSS","M","?","?","M","M","E","R","M","T","?","M","M","M","M"],"items_purchased_type":["Relic"],"build_version":"2020-12-22","purchased_purges":2,"victory":false,"max_hp_per_floor":[65,65,65,65,65,65,65,65,65,65,65,65,65,65,65,65,65,65,65,65,65,65,65,65,67,67,67,69,69,69,71,71,71,71,75,75,75,79,83,85,85,89,89,93,97,99,103,103,103],"card_choices":[{"not_picked":["Unruled","Moonlight"],"picked":"Foresight","floor":1.0},{"not_picked":["Unruled","Defy"],"picked":"DualDimension","floor":4.0},{"not_picked":["SpecialFormula","Desolation"],"picked":"Luminosity","floor":5.0},{"not_picked":["Solidify","Unruled","Defy"],"picked":"SKIP","floor":7.0},{"not_picked":["FastForward","Unruled"],"picked":"DualDimension","floor":10.0},{"not_picked":["Rewind","Read","Replace"],"picked":"SKIP","floor":11.0},{"not_picked":["Spin","Advance","Replace"],"picked":"SKIP","floor":12.0},{"not_picked":["TimeWarp","Unruled"],"picked":"ShatteredReality","floor":13.0},{"not_picked":["FastForward","InstantArmor"],"picked":"ShatteredReality","floor":14.0},{"not_picked":["Duplication","Sunlight"],"picked":"MurderousAura","floor":16.0},{"not_picked":["Rewind","DoubleEdge"],"picked":"BottledTime+1","floor":18.0},{"not_picked":["Defy+1","Alleviate","Rewind"],"picked":"SKIP","floor":19.0},{"not_picked":["Rearm","Replace","FastForward+1"],"picked":"SKIP","floor":20.0},{"not_picked":["StarChef+1","KillingDoll","Defy+1"],"picked":"SKIP","floor":23.0},{"not_picked":["DualDimension+1","Potential","InstantArmor"],"picked":"Singing Bowl","floor":25.0},{"not_picked":["DualDimension","Snipe","Solidify"],"picked":"Singing Bowl","floor":28.0},{"not_picked":["DoubleEdge","Moonlight"],"picked":"Potential","floor":30.0},{"not_picked":["Rearm","Unruled","Replace"],"picked":"Singing Bowl","floor":31},{"not_picked":["ForgedInTime","FlawlessForm"],"picked":"Deny","floor":33},{"not_picked":["TimeWarp+1"],"picked":"Singing Bowl","floor":35},{"not_picked":["Shuttle"],"picked":"Singing Bowl","floor":35},{"not_picked":["Replace"],"picked":"Singing Bowl","floor":38},{"not_picked":["Potential"],"picked":"Singing Bowl","floor":38},{"not_picked":["TimeWarp"],"picked":"Singing Bowl","floor":39},{"not_picked":["InstantArmor+1"],"picked":"Singing Bowl","floor":39},{"not_picked":["Alleviate"],"picked":"Singing Bowl","floor":40},{"not_picked":["Spin"],"picked":"Singing Bowl","floor":42},{"not_picked":["Defy+1"],"picked":"Singing Bowl","floor":42},{"not_picked":["Replace"],"picked":"Singing Bowl","floor":44},{"not_picked":["ShatteredReality"],"picked":"Singing Bowl","floor":44},{"not_picked":["Foresight+1"],"picked":"Singing Bowl","floor":45},{"not_picked":["Moonlight"],"picked":"Singing Bowl","floor":45},{"not_picked":[],"picked":"Foresight+1","floor":46},{"not_picked":["Starlight"],"picked":"Singing Bowl","floor":46},{"not_picked":["Rearm"],"picked":"Singing Bowl","floor":47},{"not_picked":["Solidify"],"picked":"Singing Bowl","floor":47}],"player_experience":228406,"relics_obtained":[{"floor":7.0,"key":"Potion Belt"},{"floor":9.0,"key":"Pen Nib"},{"floor":10.0,"key":"Simple Rune"},{"floor":14.0,"key":"Ginger"},{"floor":23.0,"key":"Tiny Chest"},{"floor":25.0,"key":"Singing Bowl"},{"floor":26.0,"key":"Boot"},{"floor":28.0,"key":"Blue Doll"},{"floor":34,"key":"ReplayTheSpireMod:Lightbulb"},{"floor":34,"key":"Frozen Egg 2"},{"floor":34,"key":"Prayer Wheel"},{"floor":37,"key":"Blue Candle"},{"floor":40,"key":"Omamori"},{"floor":43,"key":"Bottled Flame"}],"event_choices":[{"cards_removed":["Defend_S"],"damage_healed":0.0,"max_hp_gain":0.0,"max_hp_loss":0.0,"gold_gain":0.0,"event_name":"Purifier","player_choice":"Purged","floor":2.0,"gold_loss":0.0,"damage_taken":0.0},{"cards_removed":["Defend_S"],"damage_healed":0.0,"max_hp_gain":0.0,"max_hp_loss":0.0,"gold_gain":0.0,"event_name":"Beggar","player_choice":"Gave Gold","floor":21.0,"gold_loss":75.0,"damage_taken":0.0},{"cards_removed":["Defend_S"],"damage_healed":0.0,"max_hp_gain":0.0,"max_hp_loss":0.0,"gold_gain":0.0,"event_name":"Designer","player_choice":"Upgrade and Remove","floor":29.0,"gold_loss":90.0,"damage_taken":0.0,"cards_upgraded":["DualDimension"]},{"damage_healed":0,"gold_gain":0,"player_choice":"Forge","damage_taken":0,"max_hp_gain":0,"max_hp_loss":0,"event_name":"Accursed Blacksmith","floor":36,"gold_loss":0,"cards_upgraded":["Deny"]}],"is_beta":false,"boss_relics":[{"not_picked":["Velvet Choker","Cursed Key"],"picked":"SacredBark"},{"not_picked":["Pandora\u0027s Box","Painkiller Herb"],"picked":"Replay:Grab Bag"},{"not_picked":["Sozu","ReplayTheSpireMod:Onyx Gauntlets"],"picked":"Busted Crown"},{"not_picked":["Abe\u0027s Treasure","ReplayTheSpireMod:DimensionalGlitch"],"picked":"Coffee Dripper"},{"not_picked":["Black Star","Kintsugi"],"picked":"Calling Bell"}],"items_purged_floors":[3,22],"is_endless":false,"potions_floor_spawned":[1,4,5,10,14,16,18,20,31,33,39,40,44],"killed_by":"Spire Growth","ascension_level":1}}