{"host":"gjfulft9y42c2y2c","time":1611217719,"event":{"mods":["BaseMod","Colored Map","DeckTracker","Keyboard Shortcuts","Minty Spire (QoL Compilation)","Permanent Neow","StSLib","SuperFastMode","everything is the same but u backflip on backflip"],"gold_per_floor":[15,26,26,39,52,85,85,95,95,95,121,121,155,27,27,102,102,121,121,139,139,139],"floor_reached":21,"language":"KOR","playtime":851,"items_purged":["Strike_R"],"score":398,"play_id":"813ae906-0999-4038-9418-c998bfbe5fe0","local_time":"20210121172839","is_ascension_mode":true,"campfire_choices":[{"data":"Rage","floor":7,"key":"SMITH"},{"data":"Power Through","floor":10,"key":"SMITH"},{"data":"Second Wind","floor":12,"key":"SMITH"},{"floor":15,"key":"REST"}],"circlet_count":0,"master_deck":["AscendersBane","Defend_R","Defend_R","Bash","Blood for Blood","Rage+1","Shrug It Off","Bludgeon","Power Through+1","Pommel Strike","Second Wind+1","Feel No Pain","Fiend Fire","Dark Embrace+1","Evolve+1","Blood for Blood+1","Writhe"],"relics":["Burning Blood","Brimstone","Regal Pillow","Kunai","Paper Frog","The Courier","Astrolabe","Dead Branch"],"acts_visited":["Exordium","TheCity"],"potions_floor_usage":[6,11,20],"damage_taken":[{"damage":6,"enemies":"Small Slimes","floor":1,"turns":3},{"damage":15,"enemies":"2 Louse","floor":2,"turns":3},{"damage":0,"enemies":"Cultist","floor":4,"turns":2},{"damage":13,"enemies":"Looter","floor":5,"turns":3},{"damage":5,"enemies":"Lagavulin","floor":6,"turns":5},{"damage":12,"enemies":"Large Slime","floor":8,"turns":4},{"damage":13,"enemies":"3 Sentries","floor":11,"turns":7},{"damage":20,"enemies":"Lagavulin","floor":13,"turns":6},{"damage":22,"enemies":"Slime Boss","floor":16,"turns":11},{"damage":10,"enemies":"Spheric Guardian","floor":18,"turns":4},{"damage":73,"enemies":"3 Byrds","floor":20,"turns":5},{"damage":15,"enemies":"Centurion and Healer","floor":21,"turns":1}],"seed_played":"-3473356815565562157","potions_obtained":[{"floor":1,"key":"Block Potion"},{"floor":5,"key":"Regen Potion"},{"floor":6,"key":"Block Potion"},{"floor":18,"key":"Ancient Potion"}],"is_trial":false,"path_per_floor":["M","M","?","M","M","E","R","M","T","R","E","R","E","$","R","B",null,"M","?","M","M"],"character_chosen":"IRONCLAD","items_purchased":["Feel No Pain"],"campfire_rested":1,"item_purchase_floors":[14],"current_hp_per_floor":[68,59,59,65,58,59,59,53,53,53,46,46,32,32,69,53,70,66,66,13,0,0],"gold":139,"neow_bonus":"TRANSFORM_TWO_CARDS","is_daily":false,"chose_seed":false,"campfire_upgraded":3,"win_rate":0.0,"timestamp":1611217719,"path_taken":["M","M","?","M","M","E","R","M","T","R","E","R","E","$","R","BOSS","M","?","M","M"],"items_purchased_type":["Card"],"build_version":"2020-12-22","purchased_purges":1,"victory":false,"max_hp_per_floor":[75,75,75,75,75,75,75,75,75,75,75,75,75,75,75,75,75,75,75,75,75,75],"card_choices":[{"not_picked":["Combust","Rage"],"picked":"Shrug It Off","floor":1},{"not_picked":["Sever Soul","Hemokinesis","Dual Wield"],"picked":"SKIP","floor":2},{"not_picked":["Warcry","Havoc","Power Through"],"picked":"SKIP","floor":4},{"not_picked":["Warcry","Havoc"],"picked":"Power Through","floor":4},{"not_picked":["Iron Wave","Blood for Blood","Dropkick"],"picked":"SKIP","floor":5},{"not_picked":["Flex","Dual Wield","Metallicize"],"picked":"SKIP","floor":6},{"not_picked":["Flame Barrier","Power Through"],"picked":"Pommel Strike","floor":8},{"not_picked":["Clash","Seeing Red"],"picked":"Second Wind","floor":11},{"not_picked":["True Grit","Entrench","Rage"],"picked":"SKIP","floor":13},{"not_picked":["Feed","Corruption"],"picked":"Fiend Fire","floor":16},{"not_picked":["Seeing Red","Flame Barrier","Dual Wield"],"picked":"SKIP","floor":18},{"not_picked":["Rage","Metallicize","Clothesline"],"picked":"SKIP","floor":20}],"player_experience":265786,"relics_obtained":[{"floor":6,"key":"Regal Pillow"},{"floor":9,"key":"Kunai"},{"floor":11,"key":"Paper Frog"},{"floor":13,"key":"The Courier"}],"event_choices":[{"damage_healed":0,"gold_gain":0,"cards_transformed":["Strike_R"],"player_choice":"Change","damage_taken":0,"max_hp_gain":0,"max_hp_loss":0,"event_name":"Living Wall","floor":3,"gold_loss":0,"cards_obtained":["Bludgeon"]},{"damage_healed":0,"gold_gain":0,"player_choice":"Opened","damage_taken":0,"relics_obtained":["Dead Branch"],"max_hp_gain":0,"max_hp_loss":0,"event_name":"The Mausoleum","floor":19,"gold_loss":0,"cards_obtained":["Writhe"]}],"is_beta":false,"boss_relics":[{"not_picked":["Busted Crown","Snecko Eye"],"picked":"Astrolabe"}],"items_purged_floors":[14],"is_endless":false,"potions_floor_spawned":[1,5,6,18],"killed_by":"Centurion and Healer","ascension_level":20}}