{"host":"1ecbliur7lfoj0sl","time":1611220856,"event":{"mods":["BaseMod","Crowbot","Minty Spire (QoL Compilation)","StSLib","Waifu the Spire"],"gold_per_floor":[117,67,78,78,93,93,168,185,185,110,110,130,130,164,164,269,269,286,306,206,223,61,94,113,145,145,685,699,733,447,462,462,565,565,580,505,518,533,553,583,583,618,642,479,534,534,584,584,584,584,584,584,362,394,394],"floor_reached":56,"language":"ZHS","playtime":2201,"items_purged":["crowbot:Defend","crowbot:Slug","crowbot:Slug","crowbot:Slug+1","crowbot:HeavySlug","crowbot:Quickshot+1"],"score":1495,"play_id":"4a41ba24-7385-4b2f-9270-c5760ac703dc","local_time":"20210121172056","is_ascension_mode":false,"campfire_choices":[{"data":"crowbot:MetalSlug","floor":6.0,"key":"SMITH"},{"data":"crowbot:CoverFire","floor":11.0,"key":"SMITH"},{"data":"crowbot:Overflow","floor":15.0,"key":"SMITH"},{"data":"crowbot:Quickshot","floor":32,"key":"SMITH"},{"data":"crowbot:Overflow","floor":41,"key":"SMITH"},{"floor":49,"key":"RECALL"},{"data":"crowbot:Laser","floor":52,"key":"SMITH"}],"circlet_count":0,"master_deck":["crowbot:MetalSlug+1","crowbot:Overflow+1","crowbot:CoverFire+1","crowbot:Laser+1","crowbot:Cannonball+1","crowbot:Overflow+1","crowbot:Quicksilver+1","crowbot:Laser+1","crowbot:MetalSlug+1","Deep Breath"],"relics":["Molten Egg 2","Empty Cage","Membership Card","Peace Pipe","Letter Opener","Meat on the Bone","Red Mask","TungstenRod","Strawberry","Coffee Dripper","Ornamental Fan","StoneCalendar","Bag of Marbles","Medical Kit","Calipers","Unceasing Top","Lantern","FossilizedHelix"],"acts_visited":["Exordium","TheCity","TheBeyond","TheEnding"],"potions_floor_usage":[33],"damage_taken":[{"damage":1.0,"enemies":"Cultist","floor":1.0,"turns":4.0},{"damage":1.0,"enemies":"Jaw Worm","floor":3.0,"turns":3.0},{"damage":5.0,"enemies":"Small Slimes","floor":5.0,"turns":4.0},{"damage":12.0,"enemies":"Exordium Wildlife","floor":8.0,"turns":9.0},{"damage":2.0,"enemies":"Blue Slaver","floor":12.0,"turns":3.0},{"damage":0.0,"enemies":"Gremlin Nob","floor":14.0,"turns":3.0},{"damage":13.0,"enemies":"The Guardian","floor":16.0,"turns":8.0},{"damage":0.0,"enemies":"Spheric Guardian","floor":18.0,"turns":3.0},{"damage":0.0,"enemies":"2 Thieves","floor":19.0,"turns":3.0},{"damage":0.0,"enemies":"Centurion and Healer","floor":21.0,"turns":3.0},{"damage":6.0,"enemies":"Gremlin Leader","floor":23.0,"turns":3.0},{"damage":0.0,"enemies":"Snake Plant","floor":24.0,"turns":2.0},{"damage":0.0,"enemies":"Slavers","floor":25.0,"turns":5.0},{"damage":0,"enemies":"3 Cultists","floor":28,"turns":4},{"damage":0,"enemies":"Masked Bandits","floor":29,"turns":3},{"damage":0,"enemies":"Cultist and Chosen","floor":31,"turns":3},{"damage":34,"enemies":"Champ","floor":33,"turns":7},{"damage":0,"enemies":"3 Darklings","floor":35,"turns":3},{"damage":0,"enemies":"Orb Walker","floor":37,"turns":1},{"damage":0,"enemies":"Spire Growth","floor":38,"turns":1},{"damage":0,"enemies":"Sphere and 2 Shapes","floor":39,"turns":1},{"damage":0,"enemies":"Giant Head","floor":40,"turns":1},{"damage":0,"enemies":"Reptomancer","floor":42,"turns":1},{"damage":0,"enemies":"2 Orb Walkers","floor":45,"turns":1},{"damage":0,"enemies":"Mind Bloom Boss Battle","floor":47,"turns":1},{"damage":0,"enemies":"Donu and Deca","floor":50,"turns":1},{"damage":0,"enemies":"Shield and Spear","floor":54,"turns":1},{"damage":0,"enemies":"The Heart","floor":55,"turns":5}],"seed_played":"-3828464997098717690","potions_obtained":[{"floor":3.0,"key":"AttackPotion"},{"floor":12.0,"key":"LiquidMemories"},{"floor":14.0,"key":"BlessingOfTheForge"},{"floor":18.0,"key":"EssenceOfSteel"},{"floor":28,"key":"SpeedPotion"},{"floor":29,"key":"Explosive Potion"},{"floor":35,"key":"AttackPotion"},{"floor":47,"key":"Block Potion"}],"is_trial":false,"path_per_floor":["M","?","M","?","M","R","?","M","T","$","R","M","?","E","R","B",null,"M","M","$","M","$","E","M","E","T","?","M","?","$","M","R","B",null,"M","$","M","M","M","E","R","E","T","$","?","?","?","?","R","B",null,"R","$","E","B",null],"character_chosen":"CROWBOT","items_purchased":["Membership Card","crowbot:Overflow","TungstenRod","Strawberry","Medical Kit","Lantern","Deep Breath"],"campfire_rested":0,"item_purchase_floors":[22,22,30,30,44,53,53],"current_hp_per_floor":[73,73,72,72,67,67,56,44,44,44,44,42,42,42,42,29,74,74,74,74,74,74,68,68,68,68,11,23,35,42,42,42,20,81,81,81,81,81,81,81,81,81,81,81,81,77,77,77,77,77,77,77,77,77,77],"gold":394,"neow_bonus":"UPGRADE_CARD","is_daily":false,"chose_seed":false,"campfire_upgraded":6,"win_rate":0.0,"timestamp":1611220856,"path_taken":["M","?","M","?","M","R","?","?","T","$","R","M","?","E","R","BOSS","BOSS","M","?","$","M","?","E","?","E","T","?","?","?","$","M","R","BOSS","M","$","M","M","M","E","R","E","T","$","?","?","?","?","R","BOSS","R","$","E","BOSS"],"items_purchased_type":["Relic","Card","Relic","Relic","Relic","Relic","Card"],"build_version":"2020-12-22","purchased_purges":6,"victory":true,"max_hp_per_floor":[74,74,74,74,74,74,74,74,74,74,74,74,74,74,74,74,74,74,74,74,74,74,74,74,74,74,74,74,74,81,81,81,81,81,81,81,81,81,81,81,81,81,81,81,81,77,77,77,77,77,77,77,77,77,77],"card_choices":[{"not_picked":["crowbot:FanTheHammer","crowbot:LuckyBullet"],"picked":"crowbot:MetalSlug","floor":1.0},{"not_picked":["crowbot:IronCross","crowbot:MetalSlug"],"picked":"crowbot:Overflow","floor":3.0},{"not_picked":["crowbot:ScrapLauncher","crowbot:Ricochet"],"picked":"crowbot:CoverFire","floor":5.0},{"not_picked":["crowbot:IronCross","crowbot:Quickshot","crowbot:ShockSlug"],"picked":"SKIP","floor":8.0},{"not_picked":["crowbot:Ricochet","crowbot:Hyperlight","crowbot:IAmTheGun"],"picked":"SKIP","floor":12.0},{"not_picked":["crowbot:Transmute","crowbot:Desperado+1"],"picked":"crowbot:FullMetalJacket+1","floor":14.0},{"not_picked":["crowbot:Quickshot+1","crowbot:DoubleTap"],"picked":"crowbot:Cannonball+1","floor":16.0},{"not_picked":["crowbot:DayOfTheDead+1","crowbot:Desperado+1","crowbot:Munitions"],"picked":"SKIP","floor":18.0},{"not_picked":["crowbot:Ricochet+1","crowbot:ScrapLauncher+1","crowbot:DayOfTheDead"],"picked":"SKIP","floor":19.0},{"not_picked":["crowbot:Tranquilizer+1","crowbot:PoisonSlug+1","crowbot:Grapeshot+1"],"picked":"SKIP","floor":21.0},{"not_picked":["crowbot:Stash","crowbot:Desperado+1","crowbot:PoisonSlug+1"],"picked":"SKIP","floor":23.0},{"not_picked":["crowbot:Desperado+1","crowbot:ScrapLauncher+1","crowbot:GatlingArm"],"picked":"SKIP","floor":24.0},{"not_picked":["crowbot:CoverFire+1","crowbot:Munitions","crowbot:SpreadGun+1"],"picked":"SKIP","floor":25.0},{"not_picked":["crowbot:Barrier","crowbot:ScrapLauncher+1","crowbot:IronCross"],"picked":"SKIP","floor":28},{"not_picked":["crowbot:Desperado+1","crowbot:SystemUpdate","crowbot:Barrier"],"picked":"SKIP","floor":31},{"not_picked":["crowbot:Quickshot+1","crowbot:Repeater+1"],"picked":"crowbot:Quicksilver+1","floor":33},{"not_picked":["crowbot:SystemUpdate+1","crowbot:Munitions"],"picked":"crowbot:Laser+1","floor":35},{"not_picked":["crowbot:CompressionMold","crowbot:DayOfTheDead+1","crowbot:Sparklers+1"],"picked":"SKIP","floor":37},{"not_picked":["crowbot:Ricochet+1","crowbot:Beam+1","crowbot:Reload+1"],"picked":"SKIP","floor":38},{"not_picked":["crowbot:ScrapLauncher+1","crowbot:IronCross","crowbot:Undo"],"picked":"SKIP","floor":39},{"not_picked":["crowbot:CompressionMold+1","crowbot:Barrier+1","crowbot:IronCross+1"],"picked":"SKIP","floor":40},{"not_picked":["crowbot:Desperado+1","crowbot:Transmute+1","crowbot:Munitions"],"picked":"SKIP","floor":42},{"not_picked":["crowbot:Overflow+1","crowbot:Quickshot+1"],"picked":"crowbot:MetalSlug+1","floor":45},{"not_picked":["crowbot:MagicMagnet","crowbot:Reprogram","crowbot:Hyperlight+1"],"picked":"SKIP","floor":54}],"player_experience":882,"relics_obtained":[{"floor":14.0,"key":"Molten Egg 2"},{"floor":23.0,"key":"Peace Pipe"},{"floor":25.0,"key":"Letter Opener"},{"floor":26.0,"key":"Meat on the Bone"},{"floor":29,"key":"Red Mask"},{"floor":40,"key":"Ornamental Fan"},{"floor":42,"key":"StoneCalendar"},{"floor":43,"key":"Bag of Marbles"},{"floor":45,"key":"Calipers"},{"floor":47,"key":"Unceasing Top"},{"floor":54,"key":"FossilizedHelix"}],"event_choices":[{"cards_removed":["crowbot:Defend"],"damage_healed":0.0,"max_hp_gain":0.0,"max_hp_loss":0.0,"gold_gain":0.0,"event_name":"The Cleric","player_choice":"Card Removal","floor":2.0,"gold_loss":50.0,"damage_taken":0.0},{"damage_healed":0.0,"max_hp_gain":0.0,"max_hp_loss":0.0,"gold_gain":0.0,"cards_transformed":["crowbot:Boom"],"event_name":"Living Wall","player_choice":"Change","floor":4.0,"gold_loss":0.0,"damage_taken":0.0,"cards_obtained":["crowbot:Quickshot"]},{"damage_healed":0.0,"max_hp_gain":0.0,"max_hp_loss":0.0,"gold_gain":75.0,"event_name":"World of Goop","player_choice":"Gather Gold","floor":7.0,"gold_loss":0.0,"damage_taken":11.0},{"damage_healed":0.0,"max_hp_gain":0.0,"max_hp_loss":0.0,"gold_gain":0.0,"cards_transformed":["crowbot:Defend"],"event_name":"Transmorgrifier","player_choice":"Transformed","floor":13.0,"gold_loss":0.0,"damage_taken":0.0,"cards_obtained":["crowbot:Laser"]},{"damage_healed":0,"gold_gain":540,"player_choice":"GOLD GOLD GOLD GOLD GOLD GOLD ","damage_taken":57,"max_hp_gain":0,"max_hp_loss":0,"event_name":"Knowing Skull","floor":27,"potions_obtained":[],"gold_loss":0,"cards_obtained":[]},{"damage_healed":0,"gold_gain":0,"player_choice":"Fought Bandits","damage_taken":0,"max_hp_gain":0,"max_hp_loss":0,"event_name":"Masked Bandits","floor":29,"gold_loss":0},{"damage_healed":0,"gold_gain":0,"player_choice":"Fight","damage_taken":0,"max_hp_gain":0,"max_hp_loss":0,"event_name":"Mysterious Sphere","floor":45,"gold_loss":0},{"damage_healed":0,"gold_gain":0,"player_choice":"Max HP","damage_taken":0,"max_hp_gain":0,"max_hp_loss":4,"event_name":"Winding Halls","floor":46,"gold_loss":0},{"damage_healed":0,"gold_gain":0,"player_choice":"Fight","damage_taken":0,"max_hp_gain":0,"max_hp_loss":0,"event_name":"MindBloom","floor":47,"gold_loss":0},{"cards_removed":["crowbot:FullMetalJacket"],"damage_healed":0,"gold_gain":0,"player_choice":"Removed Attack","damage_taken":0,"max_hp_gain":0,"max_hp_loss":0,"event_name":"Falling","floor":48,"gold_loss":0}],"is_beta":false,"boss_relics":[{"not_picked":["SacredBark","Busted Crown"],"picked":"Empty Cage"},{"not_picked":["Calling Bell","Black Star"],"picked":"Coffee Dripper"}],"items_purged_floors":[10,20,30,36,44,53],"is_endless":false,"potions_floor_spawned":[3,12,14,18,21,28,29,35,39,47],"ascension_level":0}}