{"host":"a0d98l75j0h1o085","time":1611259547,"event":{"mods":["AlwaysNeverKeys","BaseMod","Downfall","Highlight Path","Minty Spire (QoL Compilation)","StSLib"],"gold_per_floor":[118,131,131,81,81,81,94,94,147,98,163,163,188,188,188,188,188],"floor_reached":16,"language":"ENG","playtime":766,"items_purged":[],"score":115,"play_id":"34b4c608-a60e-4fa6-8374-05aafbc5a8b7","local_time":"20210121200547","is_ascension_mode":true,"campfire_choices":[{"data":"Eruption","floor":6,"key":"SMITH"},{"data":"Pain","floor":8,"key":"PURGE"},{"data":"ForeignInfluence","floor":15,"key":"SMITH"}],"circlet_count":0,"master_deck":["Strike_P+1","Strike_P","Strike_P","Strike_P","Defend_P","Defend_P","Defend_P+1","Eruption+1","Vigilance","Meditate","ClearTheMind","Regret","Decay","Judgement","ForeignInfluence+1","CutThroughFate"],"relics":["PureWater","Peace Pipe","Du-Vu Doll","Centennial Puzzle","Prayer Wheel","Matryoshka","Blood Vial"],"acts_visited":["Exordium"],"potions_floor_usage":[11,16],"damage_taken":[{"damage":14,"enemies":"Jaw Worm","floor":1,"turns":5},{"damage":0,"enemies":"Small Slimes","floor":2,"turns":3},{"damage":1,"enemies":"2 Louse","floor":7,"turns":2},{"damage":0,"enemies":"Gremlin Nob","floor":11,"turns":1},{"damage":17,"enemies":"Lagavulin","floor":13,"turns":3},{"damage":20,"enemies":"The Guardian","floor":16,"turns":4}],"seed_played":"6061807633276159024","potions_obtained":[{"floor":1,"key":"BlessingOfTheForge"},{"floor":7,"key":"SneckoOil"}],"is_trial":false,"path_per_floor":["M","M","?","?","?","R","M","R","T","$","?","?","E","?","R","B"],"character_chosen":"WATCHER","items_purchased":["CutThroughFate"],"campfire_rested":0,"item_purchase_floors":[10],"current_hp_per_floor":[58,58,51,51,51,51,50,50,50,50,50,36,19,16,16,0,0],"gold":188,"neow_bonus":"ONE_RARE_RELIC","is_daily":false,"chose_seed":false,"campfire_upgraded":2,"win_rate":0.0,"timestamp":1611259547,"path_taken":["M","M","?","?","?","R","?","R","T","$","?","?","E","?","R","BOSS"],"items_purchased_type":["Card"],"build_version":"2020-12-22","purchased_purges":0,"victory":false,"max_hp_per_floor":[72,72,72,72,72,72,72,72,72,72,72,72,72,72,72,72,72],"card_choices":[{"not_picked":["ClearTheMind","Consecrate"],"picked":"Meditate","floor":1},{"not_picked":["Meditate","Evaluate"],"picked":"ClearTheMind","floor":2},{"not_picked":["Evaluate","Consecrate"],"picked":"ForeignInfluence","floor":7},{"not_picked":["Halt","Consecrate","SashWhip"],"picked":"SKIP","floor":13}],"player_experience":778354,"relics_obtained":[{"floor":9,"key":"Centennial Puzzle"},{"floor":11,"key":"Prayer Wheel"},{"floor":13,"key":"Matryoshka"}],"event_choices":[{"cards_removed":["Doubt"],"damage_healed":0,"gold_gain":0,"player_choice":"Card Removal","damage_taken":7,"max_hp_gain":0,"max_hp_loss":0,"event_name":"Golden Wing","floor":3,"gold_loss":0},{"cards_removed":["Defend_P"],"damage_healed":0,"gold_gain":0,"player_choice":"Card Removal","damage_taken":0,"max_hp_gain":0,"max_hp_loss":0,"event_name":"The Cleric","floor":4,"gold_loss":50},{"damage_healed":0,"gold_gain":0,"player_choice":"Searched \u00272\u0027 times","damage_taken":0,"max_hp_gain":0,"max_hp_loss":0,"event_name":"Dead Adventurer","floor":11,"gold_loss":0},{"damage_healed":0,"gold_gain":0,"player_choice":"Entered Light","damage_taken":14,"max_hp_gain":0,"max_hp_loss":0,"event_name":"Shining Light","floor":12,"gold_loss":0,"cards_upgraded":["Strike_P","Defend_P"]},{"damage_healed":0,"gold_gain":0,"player_choice":"Success","damage_taken":3,"relics_obtained":["Blood Vial"],"max_hp_gain":0,"max_hp_loss":0,"event_name":"Scrap Ooze","floor":14,"gold_loss":0}],"is_beta":false,"boss_relics":[],"items_purged_floors":[],"is_endless":false,"potions_floor_spawned":[1,7],"killed_by":"The Guardian","ascension_level":4}}