{"host":"nbmmy2ys5j9alw05","time":1611201717,"event":{"mods":["AchievementEnabler","BaseMod","Bestiary","Better Vampires","Colored Map","Colored Powertips","Googly Eyes","Minty Spire (QoL Compilation)","Quick Restart","StSLib","The Hierophant","The IronCluck","everything is the same but u backflip on backflip"],"gold_per_floor":[115,115,115,40,65,100,100,120,146,146,146,146,96,115,115,213,213,226,246,263,213,18,48,63,98,98,113,41,41,41,56,56,156,156,166,178,178,178,178,178,178,191,260,260,260,270,270,49,49,49],"floor_reached":51,"language":"ENG","playtime":1614,"items_purged":["Strike_B","Strike_B","Defend_B","Defend_B"],"score":1135,"play_id":"c21fb82f-9a85-492a-8787-25000b4a2fe3","local_time":"20210120200157","is_ascension_mode":true,"campfire_choices":[{"data":"Zap","floor":7,"key":"SMITH"},{"data":"Lockon","floor":10,"key":"SMITH"},{"data":"Buffer","floor":12,"key":"SMITH"},{"data":"Amplify","floor":15,"key":"SMITH"},{"data":"Defend_B","floor":30,"key":"PURGE"},{"data":"Loop","floor":32,"key":"SMITH"},{"data":"Electrodynamics","floor":41,"key":"SMITH"},{"data":"Core Surge","floor":44,"key":"SMITH"},{"data":"Dualcast","floor":47,"key":"SMITH"},{"data":"Defragment","floor":49,"key":"SMITH"}],"circlet_count":0,"master_deck":["Zap+1","Dualcast+1","Self Repair","Ball Lightning","Lockon+1","Buffer+1","Amplify+1","Core Surge+1","Self Repair","Glacier+1","Steam","Loop+1","Consume+1","Electrodynamics+1","Defragment+1"],"relics":["Cracked Core","NeowsBlessing","Letter Opener","Smiling Mask","Nunchaku","Lantern","Busted Crown","Runic Capacitor","Pen Nib","Boot","Peace Pipe","Velvet Choker","Meat on the Bone","Mummified Hand","ClockworkSouvenir"],"acts_visited":["Exordium","TheCity","TheBeyond"],"potions_floor_usage":[16,19,23,33,33],"damage_taken":[{"damage":0,"enemies":"2 Louse","floor":1,"turns":1},{"damage":0,"enemies":"Lagavulin","floor":6,"turns":1},{"damage":0,"enemies":"Jaw Worm","floor":8,"turns":1},{"damage":0,"enemies":"Cultist","floor":14,"turns":2},{"damage":27,"enemies":"Slime Boss","floor":16,"turns":9},{"damage":2,"enemies":"Chosen","floor":18,"turns":4},{"damage":4,"enemies":"2 Thieves","floor":19,"turns":4},{"damage":8,"enemies":"Snecko","floor":20,"turns":5},{"damage":0,"enemies":"Book of Stabbing","floor":23,"turns":5},{"damage":35,"enemies":"Sentry and Sphere","floor":24,"turns":6},{"damage":47,"enemies":"Gremlin Leader","floor":25,"turns":9},{"damage":18,"enemies":"Snake Plant","floor":27,"turns":4},{"damage":0,"enemies":"Snecko","floor":31,"turns":6},{"damage":21,"enemies":"Collector","floor":33,"turns":9},{"damage":0,"enemies":"Orb Walker","floor":35,"turns":3},{"damage":4,"enemies":"3 Shapes","floor":36,"turns":4},{"damage":0,"enemies":"3 Darklings","floor":42,"turns":3},{"damage":0,"enemies":"Jaw Worm Horde","floor":46,"turns":2},{"damage":0,"enemies":"Time Eater","floor":50,"turns":10}],"seed_played":"6406465747793903822","potions_obtained":[{"floor":1,"key":"Swift Potion"},{"floor":14,"key":"Block Potion"},{"floor":18,"key":"Swift Potion"},{"floor":27,"key":"Fire Potion"},{"floor":31,"key":"SkillPotion"}],"is_trial":false,"path_per_floor":["M","?","?","$","T","E","R","M","T","R","?","R","$","M","R","B",null,"M","M","M","$","$","E","M","E","T","M","$","?","R","M","R","B",null,"M","M","?","$","?","?","R","M","T","R","T","M","R","$","R","B",null],"character_chosen":"DEFECT","items_purchased":["Runic Capacitor","Loop","Defragment","ClockworkSouvenir"],"campfire_rested":0,"item_purchase_floors":[22,28,48,48],"current_hp_per_floor":[68,61,58,58,58,65,65,65,65,65,65,65,65,72,72,59,71,75,75,75,75,75,75,68,42,42,45,45,45,45,66,66,66,73,75,75,75,75,71,71,71,71,71,71,71,71,71,71,71,71],"gold":49,"neow_bonus":"THREE_ENEMY_KILL","is_daily":false,"chose_seed":false,"campfire_upgraded":9,"win_rate":0.0,"timestamp":1611201717,"path_taken":["M","?","?","?","?","E","R","M","T","R","?","R","$","M","R","BOSS","M","?","?","?","$","E","M","E","T","M","$","?","R","?","R","BOSS","M","M","?","$","?","?","R","M","T","R","?","?","R","$","R","BOSS"],"items_purchased_type":["Relic","Card","Card","Relic"],"build_version":"2020-12-22","purchased_purges":4,"victory":true,"max_hp_per_floor":[75,75,75,75,75,75,75,75,75,75,75,75,75,75,75,75,75,75,75,75,75,75,75,75,75,75,75,75,75,75,75,75,75,75,75,75,75,75,71,71,71,71,71,71,71,71,71,71,71,71],"card_choices":[{"not_picked":["Consume","Turbo"],"picked":"Self Repair","floor":1},{"not_picked":["Steam","Beam Cell"],"picked":"Ball Lightning","floor":6},{"not_picked":["Rebound","Turbo"],"picked":"Lockon","floor":8},{"not_picked":["Redo","Compile Driver"],"picked":"Amplify","floor":14},{"not_picked":["Fission","Machine Learning"],"picked":"Core Surge","floor":16},{"not_picked":["Redo"],"picked":"SKIP","floor":18},{"not_picked":[],"picked":"Self Repair","floor":19},{"not_picked":[],"picked":"Glacier+1","floor":20},{"not_picked":["Hologram"],"picked":"SKIP","floor":23},{"not_picked":[],"picked":"Steam","floor":24},{"not_picked":["Turbo"],"picked":"SKIP","floor":25},{"not_picked":["Beam Cell"],"picked":"SKIP","floor":27},{"not_picked":[],"picked":"Consume+1","floor":31},{"not_picked":[],"picked":"Electrodynamics","floor":33},{"not_picked":["Ball Lightning"],"picked":"SKIP","floor":35},{"not_picked":["Aggregate+1"],"picked":"SKIP","floor":36},{"not_picked":["Hologram"],"picked":"SKIP","floor":42},{"not_picked":["Cold Snap+1"],"picked":"SKIP","floor":46}],"player_experience":514678,"relics_obtained":[{"floor":5,"key":"Smiling Mask"},{"floor":6,"key":"Nunchaku"},{"floor":9,"key":"Lantern"},{"floor":23,"key":"Pen Nib"},{"floor":25,"key":"Boot"},{"floor":26,"key":"Peace Pipe"},{"floor":43,"key":"Meat on the Bone"},{"floor":45,"key":"Mummified Hand"}],"event_choices":[{"cards_removed":["Strike_B"],"damage_healed":0,"gold_gain":0,"player_choice":"Card Removal","damage_taken":7,"max_hp_gain":0,"max_hp_loss":0,"event_name":"Golden Wing","floor":2,"gold_loss":0},{"damage_healed":0,"gold_gain":0,"player_choice":"Success","damage_taken":3,"relics_obtained":["Letter Opener"],"max_hp_gain":0,"max_hp_loss":0,"event_name":"Scrap Ooze","floor":3,"gold_loss":0},{"damage_healed":0,"gold_gain":0,"cards_transformed":["Strike_B"],"player_choice":"Transformed","damage_taken":0,"max_hp_gain":0,"max_hp_loss":0,"event_name":"Transmorgrifier","floor":11,"gold_loss":0,"cards_obtained":["Buffer"]},{"cards_removed":["Defend_B"],"damage_healed":0,"gold_gain":0,"player_choice":"Purged","damage_taken":0,"max_hp_gain":0,"max_hp_loss":0,"event_name":"Purifier","floor":29,"gold_loss":0},{"damage_healed":0,"gold_gain":0,"player_choice":"Memory 1","damage_taken":0,"max_hp_gain":0,"max_hp_loss":0,"event_name":"SensoryStone","floor":37,"gold_loss":0},{"damage_healed":0,"gold_gain":0,"player_choice":"Max HP","damage_taken":0,"max_hp_gain":0,"max_hp_loss":4,"event_name":"Winding Halls","floor":39,"gold_loss":0},{"damage_healed":0,"gold_gain":0,"player_choice":"Ignored","damage_taken":0,"max_hp_gain":0,"max_hp_loss":0,"event_name":"Tomb of Lord Red Mask","floor":40,"gold_loss":0}],"is_beta":false,"boss_relics":[{"not_picked":["Philosopher\u0027s Stone","Pandora\u0027s Box"],"picked":"Busted Crown"},{"not_picked":["Coffee Dripper","Calling Bell"],"picked":"Velvet Choker"}],"items_purged_floors":[4,13,21,22],"is_endless":false,"potions_floor_spawned":[1,14,18,27,31],"ascension_level":9}}