{"host":"r53pw7z744tg3fxg","time":1611247996,"event":{"mods":["AchievementEnabler","BaseMod","Colored Map","Colored Powertips","Highlight Path","Minty Spire (QoL Compilation)","Quick Restart","Transform Curses"],"gold_per_floor":[117,128,128,148,162,162,162,197,197,213,40,40,40,40],"floor_reached":13,"language":"ENG","playtime":395,"items_purged":[],"score":157,"play_id":"a403f5e7-8c7e-4186-be4e-3a1abf450d44","local_time":"20210121095316","is_ascension_mode":true,"campfire_choices":[{"floor":6.0,"key":"REST"},{"floor":12,"key":"REST"}],"circlet_count":0,"master_deck":["AscendersBane","Strike_P","Strike_P","Strike_P","Strike_P","Defend_P","Defend_P","Defend_P","Defend_P","Eruption","Vigilance","MasterReality","FollowUp","FearNoEvil","Injury","Wallop","PathToVictory","ThirdEye","LessonLearned"],"relics":["PureWater","Golden Idol","Thread and Needle","CloakClasp","Question Card","HandDrill"],"acts_visited":["Exordium"],"potions_floor_usage":[13],"damage_taken":[{"damage":19.0,"enemies":"Small Slimes","floor":1.0,"turns":3.0},{"damage":4.0,"enemies":"Jaw Worm","floor":2.0,"turns":5.0},{"damage":3.0,"enemies":"2 Louse","floor":4.0,"turns":3.0},{"damage":0.0,"enemies":"Blue Slaver","floor":5.0,"turns":3.0},{"damage":35.0,"enemies":"3 Sentries","floor":8.0,"turns":10.0},{"damage":3,"enemies":"Red Slaver","floor":10,"turns":3},{"damage":40,"enemies":"Gremlin Nob","floor":13,"turns":4}],"seed_played":"-8976526019331831602","potions_obtained":[{"floor":1.0,"key":"SpeedPotion"},{"floor":8.0,"key":"PowerPotion"},{"floor":10,"key":"Energy Potion"}],"is_trial":false,"path_per_floor":["M","M","?","M","M","R","T","E","T","M","$","R","E"],"character_chosen":"WATCHER","items_purchased":["HandDrill"],"campfire_rested":2,"item_purchase_floors":[11],"current_hp_per_floor":[42,38,38,35,35,55,55,20,20,17,17,37,0,0],"gold":40,"neow_bonus":"ONE_RANDOM_RARE_CARD","is_daily":false,"chose_seed":false,"campfire_upgraded":0,"win_rate":0.0,"timestamp":1611247996,"path_taken":["M","M","?","M","M","R","?","E","T","M","$","R","E"],"items_purchased_type":["Relic"],"build_version":"2020-12-22","purchased_purges":0,"victory":false,"max_hp_per_floor":[68,68,68,68,68,68,68,68,68,68,68,68,68,68],"card_choices":[{"not_picked":["WaveOfTheHand","Halt"],"picked":"FollowUp","floor":1.0},{"not_picked":["EmptyBody","Protect"],"picked":"FearNoEvil","floor":2.0},{"not_picked":["DeceiveReality","EmptyFist"],"picked":"Wallop","floor":4.0},{"not_picked":["CutThroughFate","WaveOfTheHand"],"picked":"PathToVictory","floor":5.0},{"not_picked":["Vengeance","Crescendo"],"picked":"ThirdEye","floor":8.0},{"not_picked":["EmptyBody","Indignation","Study"],"picked":"LessonLearned","floor":10}],"player_experience":1328955,"relics_obtained":[{"floor":7.0,"key":"Thread and Needle"},{"floor":8.0,"key":"CloakClasp"},{"floor":9.0,"key":"Question Card"}],"event_choices":[{"damage_healed":0.0,"max_hp_gain":0.0,"max_hp_loss":0.0,"gold_gain":0.0,"event_name":"Golden Idol","player_choice":"Take Wound","floor":3.0,"gold_loss":0.0,"damage_taken":0.0,"relics_obtained":["Golden Idol"],"cards_obtained":["Injury"]}],"is_beta":false,"boss_relics":[],"items_purged_floors":[],"is_endless":false,"potions_floor_spawned":[1,8,10],"killed_by":"Gremlin Nob","ascension_level":17}}