{"host":"gqhy17d1xpb1p3ki","time":1611196736,"event":{"mods":["2.2 Compatiblity","AchievementEnabler","BaseMod","Bestiary","Colored Map","Colored Powertips","Curses Come First","Downfall","Duelist Mod","Hermit","Marisa????????","Minty Spire (QoL Compilation)","Rare Cards Sparkle","Shop Mod","StSLib","The Animator","The Bug Knight","The Cursed","The Disciple","The Hierophant","The Necromancer","The Runesmith","The Servant 0.9.4","Yuri Mod"],"gold_per_floor":[99,114,114,114,24,24,50,150,150,168,168,180,211,228,240,337,337,337,354,354,354,354,354,354,254,279,291,308,31,31,48,63,63,63],"floor_reached":33,"language":"ENG","playtime":2366,"items_purged":["Regret"],"score":265,"play_id":"2607864b-0d02-4f27-894e-63b03fcc46c4","local_time":"20210120213856","is_ascension_mode":false,"campfire_choices":[{"data":"Bone_Bullets","floor":1,"key":"SMITH"},{"data":"Blood_Whip","floor":9,"key":"SMITH"},{"data":"Negative_Energy_Shield","floor":11,"key":"SMITH"},{"data":"Detonate_Bones","floor":18,"key":"SMITH"},{"data":"RitualDagger","floor":23,"key":"SMITH"},{"floor":25,"key":"DIG"}],"circlet_count":0,"master_deck":["Strike_W","Strike_W","Defend_W","Negative_Energy_Arrows","Bone_Wall","Bone_Bullets+1","Negative_Energy_Mist+1","Bone_Spikes","Bone_Armory","Blood_Whip+1","Negative_Energy_Shield+1","Negative_Energy_Javelin","Bone_Armor","Shackles_Of_Pain","Negative_Energy_Sphere","Detonate_Bones+1","Bone_Armor","Thousand_Bone_Knives","RitualDagger+1","Scare","Bone_Shift","Negative_Energy_Shield","Summon_Lich","Summon_Undead","Blood_Shield","Summon_Undead_Army","Bones_to_Steel"],"relics":["Vampire_Amulet","Lantern","Art of War","Runesmith:Nanobots","Sozu","Girya","Shovel","downfall:HeartBlessingGreen","Kunai","Bag of Marbles","Blood Vial"],"acts_visited":["Exordium","TheCity"],"potions_floor_usage":[26,33,33],"damage_taken":[{"damage":2,"enemies":"Jaw Worm","floor":2,"turns":3},{"damage":2,"enemies":"downfall:FleeingMerchant","floor":5,"turns":4},{"damage":21,"enemies":"downfall:Heads","floor":8,"turns":5},{"damage":2,"enemies":"2 Louse","floor":10,"turns":1},{"damage":2,"enemies":"Small Slimes","floor":12,"turns":2},{"damage":14,"enemies":"Lagavulin","floor":13,"turns":10},{"damage":0,"enemies":"Blue Slaver","floor":14,"turns":2},{"damage":3,"enemies":"Exordium Thugs","floor":15,"turns":4},{"damage":52,"enemies":"DF_ARCHETYPE_STREAMLINE","floor":16,"turns":12},{"damage":2,"enemies":"Spheric Guardian","floor":19,"turns":3},{"damage":10,"enemies":"Slavers","floor":26,"turns":4},{"damage":0,"enemies":"Chosen","floor":27,"turns":4},{"damage":23,"enemies":"Centurion and Healer","floor":28,"turns":6},{"damage":2,"enemies":"downfall:FleeingMerchant","floor":29,"turns":4},{"damage":2,"enemies":"Snecko","floor":31,"turns":1},{"damage":4,"enemies":"Snake Plant","floor":32,"turns":5},{"damage":51,"enemies":"WA_ARCHETYPE_CALM","floor":33,"turns":12}],"seed_played":"-2129957436807099754","potions_obtained":[{"floor":8,"key":"champ:CounterPotion"},{"floor":12,"key":"DuplicationPotion"},{"floor":13,"key":"LiquidMemories"}],"is_trial":false,"path_per_floor":["R","M","?","?","$","?","T","?","R","M","R","M","E","M","M","B",null,"R","M","?","T","?","R","T","R","E","M","M","$","?","M","M","B"],"character_chosen":"NECROMANCER","items_purchased":["Summon_Undead","Blood Vial","Blood_Shield"],"campfire_rested":0,"item_purchase_floors":[29,29,29],"current_hp_per_floor":[75,75,75,75,73,73,73,64,64,66,66,68,56,58,59,9,75,75,75,75,75,69,69,69,69,65,67,48,46,46,48,48,0,0],"gold":63,"neow_bonus":"TRANSFORM_CARD","is_daily":false,"chose_seed":false,"campfire_upgraded":5,"win_rate":0.0,"timestamp":1611196736,"path_taken":["R","M","?","?","$","?","T","?","R","M","R","M","E","M","M","BOSS","R","M","?","?","?","R","T","R","E","M","?","$","?","M","M","BOSS"],"items_purchased_type":["Card","Relic","Card"],"build_version":"2020-12-22","purchased_purges":1,"victory":false,"max_hp_per_floor":[75,75,75,75,75,75,75,75,75,75,75,75,75,75,75,75,75,75,75,75,75,75,75,75,75,75,75,75,75,75,75,75,75,75],"card_choices":[{"not_picked":["Pandemic","Negative_Energy_Sphere"],"picked":"Negative_Energy_Mist","floor":2},{"not_picked":["Shade_Step","Consume_Illness"],"picked":"Bone_Spikes","floor":5},{"not_picked":["Bone_Prison","Plague_Bolt"],"picked":"Blood_Whip","floor":8},{"not_picked":["Negative_Energy_Mist","Acid_Javelin"],"picked":"Negative_Energy_Shield","floor":10},{"not_picked":["Negative_Energy_Bomb","Consume_Illness"],"picked":"Negative_Energy_Javelin","floor":12},{"not_picked":["Bone_Spikes","Vampiric_Strike"],"picked":"Bone_Armor","floor":13},{"not_picked":["Life_Tap","Consume_Illness"],"picked":"Shackles_Of_Pain","floor":14},{"not_picked":["Bone_Shift","Strike_from_Beyond"],"picked":"Negative_Energy_Sphere","floor":15},{"not_picked":["Blood_Wake","Hellfire"],"picked":"Detonate_Bones","floor":16},{"not_picked":["Bone_Spikes+1","Negative_Energy_Sphere+1"],"picked":"Bone_Armor","floor":19},{"not_picked":["Finger_Of_Death","Consume_Illness"],"picked":"Scare","floor":26},{"not_picked":["Consume_Illness","Negative_Energy_Sphere"],"picked":"Bone_Shift","floor":27},{"not_picked":["Detonate_Bones","Bone_Armor"],"picked":"Negative_Energy_Shield","floor":28},{"not_picked":["Consume_Illness","Pandemic"],"picked":"Summon_Lich","floor":29},{"not_picked":["Finger_Of_Death+1","Death_Coil"],"picked":"Summon_Undead_Army","floor":31},{"not_picked":["Death_March_Dance","Grasp_Heart"],"picked":"Bones_to_Steel","floor":32}],"player_experience":401352,"relics_obtained":[{"floor":7,"key":"Art of War"},{"floor":13,"key":"Runesmith:Nanobots"},{"floor":21,"key":"Girya"},{"floor":24,"key":"Shovel"},{"floor":25,"key":"Kunai"},{"floor":26,"key":"Bag of Marbles"}],"event_choices":[{"damage_healed":0,"gold_gain":0,"player_choice":"Box","damage_taken":0,"relics_obtained":["Lantern"],"max_hp_gain":0,"max_hp_loss":0,"event_name":"Big Fish","floor":4,"gold_loss":0,"cards_obtained":["Regret"]},{"damage_healed":0,"gold_gain":0,"player_choice":"Read","damage_taken":0,"max_hp_gain":0,"max_hp_loss":0,"event_name":"The Library","floor":20,"gold_loss":0,"cards_obtained":["Thousand_Bone_Knives"]}],"is_beta":false,"boss_relics":[{"not_picked":["Runesmith:UraniumAnvil","SlaversCollar"],"picked":"Sozu"}],"items_purged_floors":[5],"is_endless":false,"potions_floor_spawned":[8,12,13,14,19,28,32],"killed_by":"WA_ARCHETYPE_CALM","ascension_level":0}}