{"host":"uabq0byp3phfkda1","time":1611237872,"event":{"mods":["2.2 Compatiblity","AchievementEnabler","BaseMod","Colored Map","DeckTracker","Highlight Path","Minty Spire (QoL Compilation)","Random Character Button","Rare Cards Sparkle"],"gold_per_floor":[118,134,134,152,162,162,195,195,195,195,210,229,244,11,11,111,111,123,139,155,3,19,19,45,58,58,58,58],"floor_reached":27,"language":"ENG","playtime":2387,"items_purged":[],"score":239,"play_id":"2571e5e8-a0cf-4322-b739-18048a20891b","local_time":"20210121150432","is_ascension_mode":false,"campfire_choices":[{"floor":6,"key":"REST"},{"floor":8,"key":"REST"},{"floor":15,"key":"REST"},{"floor":23,"key":"REST"}],"circlet_count":0,"master_deck":["Strike_R","Strike_R","Strike_R","Defend_R","Defend_R","Defend_R","Defend_R","Bash","Dark Embrace","Juggernaut+1","Rampage","Burning Pact","Clothesline","Carnage","Spot Weakness","Shrug It Off","Entrench","Intimidate","Good Instincts","Impervious","Shrug It Off+1","Flex","Intimidate","Warcry","Blood for Blood","Metallicize"],"relics":["Burning Blood","PreservedInsect","Shuriken","Oddly Smooth Stone","SlaversCollar","Lee\u0027s Waffle","Pocketwatch","Gremlin Horn"],"acts_visited":["Exordium","TheCity"],"potions_floor_usage":[7,16,20,25,25],"damage_taken":[{"damage":14,"enemies":"2 Louse","floor":1,"turns":3},{"damage":6,"enemies":"Jaw Worm","floor":2,"turns":4},{"damage":17,"enemies":"Cultist","floor":4,"turns":5},{"damage":10,"enemies":"Red Slaver","floor":5,"turns":5},{"damage":35,"enemies":"Lagavulin","floor":7,"turns":7},{"damage":22,"enemies":"Large Slime","floor":11,"turns":8},{"damage":39,"enemies":"Gremlin Gang","floor":12,"turns":4},{"damage":9,"enemies":"Blue Slaver","floor":13,"turns":4},{"damage":29,"enemies":"Hexaghost","floor":16,"turns":14},{"damage":38,"enemies":"Spheric Guardian","floor":18,"turns":7},{"damage":13,"enemies":"Shell Parasite","floor":19,"turns":8},{"damage":13,"enemies":"Snake Plant","floor":20,"turns":6},{"damage":72,"enemies":"Cultist and Chosen","floor":22,"turns":11},{"damage":26,"enemies":"Book of Stabbing","floor":24,"turns":6},{"damage":65,"enemies":"3 Cultists","floor":25,"turns":9},{"damage":8,"enemies":"Slavers","floor":27,"turns":2}],"seed_played":"2341923431632700543","potions_obtained":[{"floor":1,"key":"FearPotion"},{"floor":11,"key":"SpeedPotion"},{"floor":16,"key":"Dexterity Potion"},{"floor":20,"key":"Explosive Potion"},{"floor":22,"key":"PowerPotion"},{"floor":24,"key":"FairyPotion"}],"is_trial":false,"path_per_floor":["M","M","?","M","M","R","E","R","T","?","M","M","M","$","R","B",null,"M","M","M","$","M","R","E","M","T","E"],"character_chosen":"IRONCLAD","items_purchased":["Good Instincts","Oddly Smooth Stone","Lee\u0027s Waffle"],"campfire_rested":4,"item_purchase_floors":[14,14,21],"current_hp_per_floor":[48,48,53,42,38,63,34,59,59,59,43,10,7,7,32,9,85,53,46,39,92,26,53,33,7,7,0,0],"gold":58,"neow_bonus":"TRANSFORM_TWO_CARDS","is_daily":false,"chose_seed":false,"campfire_upgraded":0,"win_rate":0.0,"timestamp":1611237872,"path_taken":["M","M","?","M","M","R","E","R","T","?","M","M","M","?","R","BOSS","M","M","M","$","M","R","E","M","T","E"],"items_purchased_type":["Card","Relic","Relic"],"build_version":"2020-12-22","purchased_purges":0,"victory":false,"max_hp_per_floor":[80,80,85,85,85,85,85,85,85,85,85,85,85,85,85,85,85,85,85,85,92,92,92,92,92,92,92,92],"card_choices":[{"not_picked":["Second Wind","Clothesline"],"picked":"Rampage","floor":1},{"not_picked":["Twin Strike","Headbutt"],"picked":"Burning Pact","floor":2},{"not_picked":["Body Slam","Headbutt"],"picked":"Clothesline","floor":4},{"not_picked":["Berserk","Sword Boomerang"],"picked":"Carnage","floor":5},{"not_picked":["Barricade","Carnage"],"picked":"Spot Weakness","floor":7},{"not_picked":["Blood for Blood","Sword Boomerang"],"picked":"Shrug It Off","floor":11},{"not_picked":["Headbutt","Second Wind"],"picked":"Entrench","floor":12},{"not_picked":["Dark Embrace","Wild Strike"],"picked":"Intimidate","floor":13},{"not_picked":["Reaper","Juggernaut"],"picked":"Impervious","floor":16},{"not_picked":["Perfected Strike","Clothesline+1"],"picked":"Shrug It Off+1","floor":18},{"not_picked":["Carnage+1","Sever Soul"],"picked":"Flex","floor":19},{"not_picked":["Twin Strike","Sword Boomerang"],"picked":"Intimidate","floor":20},{"not_picked":["Cleave","Dropkick+1"],"picked":"Warcry","floor":22},{"not_picked":["Uppercut+1","Heavy Blade+1"],"picked":"Blood for Blood","floor":24},{"not_picked":["Second Wind+1","True Grit"],"picked":"Metallicize","floor":25}],"player_experience":38875,"relics_obtained":[{"floor":7,"key":"PreservedInsect"},{"floor":9,"key":"Shuriken"},{"floor":24,"key":"Pocketwatch"},{"floor":26,"key":"Gremlin Horn"}],"event_choices":[{"damage_healed":0,"gold_gain":0,"player_choice":"Donut","damage_taken":0,"max_hp_gain":5,"max_hp_loss":0,"event_name":"Big Fish","floor":3,"gold_loss":0},{"damage_healed":0,"gold_gain":0,"player_choice":"Grow","damage_taken":0,"max_hp_gain":0,"max_hp_loss":0,"event_name":"Living Wall","floor":10,"gold_loss":0,"cards_upgraded":["Juggernaut"]}],"is_beta":false,"boss_relics":[{"not_picked":["Philosopher\u0027s Stone","Empty Cage"],"picked":"SlaversCollar"}],"items_purged_floors":[],"is_endless":false,"potions_floor_spawned":[1,11,16,20,22,24],"killed_by":"Slavers","ascension_level":0}}