{"host":"x5anfo2w8aotfuta","time":1611258801,"event":{"mods":["AchievementEnabler","BaseMod","Bestiary","Block Reminder","Colored Map","Colored Powertips","DeckTracker","Highlight Path","Minty Spire (QoL Compilation)","Quick Restart","Rare Cards Sparkle","Relic Stats","StSLib"],"gold_per_floor":[12,26,26,44,57,92,147,179,179,190,190,43,43,57,57,160,160,171,189,214,214,241,251,251,279,279,279,291,2,2,16,16,114,114,124,138,148,148,163,192,203,203,227,260,260,260,276,289,289,289,289,289,18,48,48],"floor_reached":56,"language":"ENG","playtime":5001,"items_purged":["Strike_R"],"score":1567,"play_id":"b1c011d6-b9f3-4339-8a4d-6d3a2370c783","local_time":"20210121115321","is_ascension_mode":true,"campfire_choices":[{"data":"Bludgeon","floor":11.0,"key":"SMITH"},{"data":"Spot Weakness","floor":13.0,"key":"SMITH"},{"data":"Shrug It Off","floor":15.0,"key":"SMITH"},{"data":"RitualDagger","floor":24.0,"key":"SMITH"},{"data":"Shockwave","floor":27.0,"key":"SMITH"},{"data":"Immolate","floor":30.0,"key":"SMITH"},{"data":"Seeing Red","floor":32.0,"key":"SMITH"},{"data":"Flame Barrier","floor":42,"key":"SMITH"},{"floor":45,"key":"RECALL"},{"data":"Feel No Pain","floor":49,"key":"SMITH"},{"data":"Impervious","floor":52,"key":"SMITH"}],"circlet_count":0,"master_deck":["Strike_R","Strike_R","Defend_R","Defend_R+1","Defend_R","Bash","Spot Weakness+1","Blood for Blood","Bludgeon+1","Shockwave+1","Dropkick","Fiend Fire","Shrug It Off+1","Immolate+1","Disarm+1","RitualDagger+1","PanicButton+1","Seeing Red+1","Headbutt+1","Feel No Pain+1","Impervious+1","Flame Barrier+1","Feel No Pain+1","True Grit+1","Intimidate+1","Battle Trance","Dark Shackles"],"relics":["Burning Blood","Ancient Tea Set","Lantern","Turnip","Kunai","Paper Frog","Runic Pyramid","Red Mask","StrikeDummy","MealTicket","Pen Nib","Busted Crown","War Paint","Dream Catcher","Centennial Puzzle","Anchor"],"acts_visited":["Exordium","TheCity","TheBeyond","TheEnding"],"potions_floor_usage":[44,44,50,55,55],"damage_taken":[{"damage":11.0,"enemies":"2 Louse","floor":1.0,"turns":3.0},{"damage":7.0,"enemies":"Jaw Worm","floor":2.0,"turns":4.0},{"damage":1.0,"enemies":"Cultist","floor":4.0,"turns":3.0},{"damage":8.0,"enemies":"Blue Slaver","floor":5.0,"turns":2.0},{"damage":25.0,"enemies":"Lagavulin","floor":6.0,"turns":7.0},{"damage":9.0,"enemies":"Gremlin Nob","floor":7.0,"turns":4.0},{"damage":20.0,"enemies":"3 Sentries","floor":8.0,"turns":5.0},{"damage":0.0,"enemies":"2 Fungi Beasts","floor":10.0,"turns":2.0},{"damage":9.0,"enemies":"Lots of Slimes","floor":14.0,"turns":3.0},{"damage":7.0,"enemies":"Slime Boss","floor":16.0,"turns":7.0},{"damage":7.0,"enemies":"Chosen","floor":18.0,"turns":3.0},{"damage":6.0,"enemies":"3 Byrds","floor":19.0,"turns":4.0},{"damage":34.0,"enemies":"Masked Bandits","floor":20.0,"turns":5.0},{"damage":10.0,"enemies":"Centurion and Healer","floor":23.0,"turns":5.0},{"damage":9.0,"enemies":"Slavers","floor":25.0,"turns":5.0},{"damage":17.0,"enemies":"Shelled Parasite and Fungi","floor":28.0,"turns":4.0},{"damage":0.0,"enemies":"Sentry and Sphere","floor":31.0,"turns":4.0},{"damage":4.0,"enemies":"Collector","floor":33.0,"turns":5.0},{"damage":3.0,"enemies":"3 Shapes","floor":35.0,"turns":2.0},{"damage":7.0,"enemies":"Orb Walker","floor":36.0,"turns":3.0},{"damage":0.0,"enemies":"Jaw Worm Horde","floor":37.0,"turns":3.0},{"damage":1.0,"enemies":"4 Shapes","floor":39.0,"turns":5.0},{"damage":13.0,"enemies":"Nemesis","floor":40.0,"turns":7.0},{"damage":0.0,"enemies":"3 Darklings","floor":41.0,"turns":4.0},{"damage":4,"enemies":"Giant Head","floor":44,"turns":5},{"damage":0,"enemies":"Spire Growth","floor":47,"turns":4},{"damage":13,"enemies":"Transient","floor":48,"turns":5},{"damage":18,"enemies":"Donu and Deca","floor":50,"turns":9},{"damage":2,"enemies":"Shield and Spear","floor":54,"turns":17},{"damage":26,"enemies":"The Heart","floor":55,"turns":9}],"seed_played":"4126816305262578388","potions_obtained":[{"floor":1.0,"key":"SneckoOil"},{"floor":6.0,"key":"Block Potion"},{"floor":7.0,"key":"ColorlessPotion"},{"floor":18.0,"key":"Regen Potion"},{"floor":19.0,"key":"Block Potion"},{"floor":20.0,"key":"Dexterity Potion"},{"floor":31.0,"key":"FearPotion"},{"floor":36.0,"key":"Energy Potion"},{"floor":41.0,"key":"Fire Potion"},{"floor":47,"key":"FearPotion"}],"is_trial":false,"path_per_floor":["M","M","?","M","M","E","?","E","T","M","R","?","R","M","R","B",null,"M","M","?","?","T","M","R","E","T","R","M","$","R","M","R","B",null,"M","M","M","?","M","E","M","R","T","E","R","?","M","M","R","B",null,"R","$","E","B",null],"character_chosen":"IRONCLAD","items_purchased":["PanicButton","Pen Nib","BloodPotion","Battle Trance","Dark Shackles","GamblersBrew"],"campfire_rested":0,"item_purchase_floors":[29,29,29,53,53,53],"current_hp_per_floor":[67,66,66,71,69,50,47,33,33,39,39,39,39,36,36,35,69,68,68,40,34,34,44,44,41,41,41,30,45,45,51,51,53,73,76,75,80,80,80,73,79,79,79,80,80,80,80,73,73,61,75,75,80,80,60],"gold":48,"neow_bonus":"TRANSFORM_TWO_CARDS","is_daily":false,"chose_seed":false,"campfire_upgraded":10,"win_rate":0.0,"timestamp":1611258801,"path_taken":["M","M","?","M","M","E","?","E","T","M","R","?","R","M","R","BOSS","M","M","?","?","?","M","R","E","T","R","M","$","R","M","R","BOSS","M","M","M","?","M","E","M","R","T","E","R","?","M","M","R","BOSS","R","$","E","BOSS"],"items_purchased_type":["Card","Relic","Potion","Card","Card","Potion"],"build_version":"2020-12-22","purchased_purges":1,"victory":true,"max_hp_per_floor":[80,80,80,80,80,80,80,80,80,80,80,80,80,80,80,80,80,80,80,80,80,80,80,80,80,80,80,80,80,80,80,80,80,80,80,80,80,80,80,80,80,80,80,80,80,80,80,80,80,80,80,80,80,80,80],"relic_stats":{"Dream Catcher":0,"Centennial Puzzle":[8],"Busted Crown":20,"counters":[30,148],"MealTicket":20,"Turnip":[18],"Pen Nib":[10],"Kunai":[8],"War Paint":["PanicButton","Defend_R"],"obtain_stats":[{"Lantern":7,"Pen Nib":29,"War Paint":40,"Ancient Tea Set":6,"Burning Blood":0,"Dream Catcher":43,"Centennial Puzzle":44,"Anchor":54,"Busted Crown":34,"MealTicket":26,"Turnip":8,"Red Mask":20,"Kunai":9,"StrikeDummy":25,"Paper Frog":12,"Runic Pyramid":17},{"Lantern":6,"Pen Nib":16,"War Paint":23,"Ancient Tea Set":5,"Burning Blood":0,"Dream Catcher":24,"Centennial Puzzle":25,"Anchor":29,"Busted Crown":18,"MealTicket":15,"Turnip":7,"Red Mask":13,"Kunai":7,"StrikeDummy":15,"Paper Frog":8,"Runic Pyramid":10},{"Lantern":23,"Pen Nib":66,"War Paint":95,"Ancient Tea Set":19,"Burning Blood":0,"Dream Catcher":99,"Centennial Puzzle":104,"Anchor":139,"Busted Crown":75,"MealTicket":62,"Turnip":28,"Red Mask":52,"Kunai":28,"StrikeDummy":62,"Paper Frog":30,"Runic Pyramid":40}],"Burning Blood":163},"card_choices":[{"not_picked":["Warcry","Seeing Red"],"picked":"Perfected Strike","floor":1.0},{"not_picked":["Clash","Power Through","Infernal Blade"],"picked":"SKIP","floor":2.0},{"not_picked":["Double Tap","Shrug It Off"],"picked":"Twin Strike","floor":4.0},{"not_picked":["Heavy Blade","Sentinel"],"picked":"Shockwave","floor":5.0},{"not_picked":["Clash","Sever Soul","Twin Strike"],"picked":"SKIP","floor":6.0},{"not_picked":["Twin Strike","Havoc"],"picked":"Dropkick","floor":7.0},{"not_picked":["Dual Wield","Cleave"],"picked":"Fiend Fire","floor":8.0},{"not_picked":["Heavy Blade","Power Through","Flex"],"picked":"SKIP","floor":10.0},{"not_picked":["Clash","Havoc"],"picked":"Shrug It Off","floor":14.0},{"not_picked":["Juggernaut","Offering"],"picked":"Immolate","floor":16.0},{"not_picked":["Thunderclap","Headbutt","Sever Soul"],"picked":"SKIP","floor":18.0},{"not_picked":["Clash+1","Pommel Strike","Sword Boomerang"],"picked":"SKIP","floor":19.0},{"not_picked":["Havoc","Shrug It Off+1"],"picked":"Disarm+1","floor":20.0},{"not_picked":["Havoc","Rampage","Headbutt"],"picked":"SKIP","floor":23.0},{"not_picked":["Cleave","Berserk","Wild Strike"],"picked":"SKIP","floor":25.0},{"not_picked":["Sever Soul","Iron Wave","Cleave"],"picked":"SKIP","floor":28.0},{"not_picked":["Warcry","Sever Soul"],"picked":"Seeing Red","floor":31.0},{"not_picked":["Pummel+1"],"picked":"SKIP","floor":35.0},{"not_picked":["Headbutt+1"],"picked":"SKIP","floor":36.0},{"not_picked":[],"picked":"Headbutt+1","floor":36.0},{"not_picked":[],"picked":"Feel No Pain+1","floor":37.0},{"not_picked":["Clash"],"picked":"SKIP","floor":39.0},{"not_picked":[],"picked":"Impervious","floor":40.0},{"not_picked":[],"picked":"Flame Barrier","floor":41.0},{"not_picked":["Iron Wave+1"],"picked":"SKIP","floor":44},{"not_picked":[],"picked":"True Grit+1","floor":47},{"not_picked":[],"picked":"Intimidate+1","floor":48},{"not_picked":["Blood for Blood+1"],"picked":"SKIP","floor":54}],"player_experience":461380,"relics_obtained":[{"floor":6.0,"key":"Ancient Tea Set"},{"floor":7.0,"key":"Lantern"},{"floor":8.0,"key":"Turnip"},{"floor":9.0,"key":"Kunai"},{"floor":20.0,"key":"Red Mask"},{"floor":25.0,"key":"StrikeDummy"},{"floor":26.0,"key":"MealTicket"},{"floor":40.0,"key":"War Paint"},{"floor":43,"key":"Dream Catcher"},{"floor":44,"key":"Centennial Puzzle"},{"floor":54,"key":"Anchor"}],"event_choices":[{"damage_healed":0.0,"max_hp_gain":0.0,"max_hp_loss":0.0,"gold_gain":0.0,"cards_transformed":["Strike_R"],"event_name":"Living Wall","player_choice":"Change","floor":3.0,"gold_loss":0.0,"damage_taken":0.0,"cards_obtained":["Bludgeon"]},{"damage_healed":0.0,"max_hp_gain":0.0,"max_hp_loss":0.0,"gold_gain":0.0,"event_name":"Dead Adventurer","player_choice":"Searched \u00271\u0027 times","floor":7.0,"gold_loss":0.0,"damage_taken":0.0},{"damage_healed":0.0,"max_hp_gain":0.0,"max_hp_loss":0.0,"gold_gain":0.0,"event_name":"WeMeetAgain","player_choice":"Paid Gold","floor":12.0,"gold_loss":147.0,"damage_taken":0.0,"relics_obtained":["Paper Frog"]},{"damage_healed":0.0,"max_hp_gain":0.0,"max_hp_loss":0.0,"gold_gain":0.0,"event_name":"Masked Bandits","player_choice":"Fought Bandits","floor":20.0,"gold_loss":0.0,"damage_taken":0.0},{"damage_healed":0.0,"max_hp_gain":0.0,"max_hp_loss":0.0,"gold_gain":0.0,"event_name":"Nest","player_choice":"Joined the Cult","floor":21.0,"gold_loss":0.0,"damage_taken":6.0,"cards_obtained":["RitualDagger"]},{"cards_removed":["Twin Strike"],"damage_healed":0.0,"max_hp_gain":0.0,"max_hp_loss":0.0,"gold_gain":0.0,"event_name":"Falling","player_choice":"Removed Attack","floor":38.0,"gold_loss":0.0,"damage_taken":0.0},{"damage_healed":0,"gold_gain":0,"cards_transformed":["Perfected Strike"],"player_choice":"Transformed","damage_taken":0,"max_hp_gain":0,"max_hp_loss":0,"event_name":"Transmorgrifier","floor":46,"gold_loss":0,"cards_obtained":["Feel No Pain"]}],"is_beta":false,"boss_relics":[{"not_picked":["Pandora\u0027s Box","Tiny House"],"picked":"Runic Pyramid"},{"not_picked":["Mark of Pain","Calling Bell"],"picked":"Busted Crown"}],"items_purged_floors":[53],"is_endless":false,"potions_floor_spawned":[1,6,7,18,19,20,31,36,39,41,47],"ascension_level":8}}