{"host":"vddnn8yddbh0df4g","time":1611230656,"event":{"mods":["Act Like it!","BaseMod","Beaked The Cultist","Bestiary","Downfall","Minty Spire (QoL Compilation)","Shop Mod","StSLib","SuperFastMode","The Bug Knight","The Runesmith"],"gold_per_floor":[99,113,123,137,155,155,182,182,196,211,211,386,486,514,527,527,527,527],"floor_reached":16,"language":"ENG","playtime":760,"items_purged":[],"score":104,"play_id":"075247b4-10c3-41a5-8bb1-9fe6d7d50ef1","local_time":"20210121070416","is_ascension_mode":false,"campfire_choices":[{"data":"bronze:Goto","floor":1.0,"key":"SMITH"},{"floor":6.0,"key":"REST"},{"data":"bronze:Defend","floor":11.0,"key":"SMITH"}],"circlet_count":0,"master_deck":["bronze:Strike","bronze:Strike","bronze:Defend","bronze:Defend","bronze:Defend+1","bronze:Defend+1","bronze:Replicate+1","bronze:Goto+1","bronze:ForceShield+1","bronze:WhirlingStrike+1","bronze:MaxOutput+1","bronze:BuggyMess+1","bronze:Assembly+1","bronze:Branch+1","bronze:Iterate+1","bronze:Iterate+1","bronze:ClassDefault+1","bronze:GetLatest+1","bronze:Turbo+1"],"relics":["bronze:BronzeCore","Frozen Egg 2","Molten Egg 2","Toxic Egg 2","HollowMod:PaleOreRelic","Guardian:PocketSentry"],"acts_visited":["Exordium"],"potions_floor_usage":[],"damage_taken":[{"damage":1.0,"enemies":"Cultist","floor":2.0,"turns":3.0},{"damage":6.0,"enemies":"2 Louse","floor":3.0,"turns":3.0},{"damage":2.0,"enemies":"Jaw Worm","floor":4.0,"turns":4.0},{"damage":13.0,"enemies":"3 Louse","floor":5.0,"turns":2.0},{"damage":6.0,"enemies":"2 Fungi Beasts","floor":9.0,"turns":3.0},{"damage":4.0,"enemies":"Large Slime","floor":10.0,"turns":4.0},{"damage":19.0,"enemies":"downfall:Heads","floor":13.0,"turns":5.0},{"damage":5,"enemies":"Lagavulin","floor":14,"turns":7},{"damage":0,"enemies":"3 Louse","floor":15,"turns":2},{"damage":43,"enemies":"WA_ARCHETYPE_RETAIN","floor":16,"turns":7}],"seed_played":"5191881123221182375","potions_obtained":[{"floor":4.0,"key":"PowerPotion"},{"floor":5.0,"key":"bronze:BurnAndBuffPotion"},{"floor":9.0,"key":"Swift Potion"},{"floor":10.0,"key":"bronze:BuildAFunctionPotion"}],"is_trial":false,"path_per_floor":["R","M","M","M","M","R","T","?","M","M","R","?","?","E","M","B"],"character_chosen":"THE_AUTOMATON","items_purchased":[],"campfire_rested":1,"item_purchase_floors":[],"current_hp_per_floor":[70,69,63,61,48,69,69,69,63,59,59,59,40,35,35,0,0,0],"gold":527,"neow_bonus":"UPGRADE_CARD","is_daily":false,"chose_seed":false,"campfire_upgraded":2,"win_rate":0.0,"timestamp":1611230656,"path_taken":["R","?","M","M","?","R","T","?","M","?","R","?","?","E","M","BOSS"],"items_purchased_type":[],"build_version":"2020-12-22","purchased_purges":0,"victory":false,"max_hp_per_floor":[70,70,70,70,70,70,70,70,70,70,70,70,70,70,70,70,70,70],"card_choices":[{"not_picked":["bronze:OilSpill+1","bronze:Philosophize+1"],"picked":"bronze:ForceShield+1","floor":2.0},{"not_picked":["bronze:Invalidate+1","bronze:FollowUp+1"],"picked":"bronze:WhirlingStrike+1","floor":3.0},{"not_picked":["bronze:Safeguard+1","bronze:WhirlingStrike+1"],"picked":"bronze:MaxOutput+1","floor":4.0},{"not_picked":["bronze:DarkDash+1","bronze:Flail+1"],"picked":"bronze:BuggyMess+1","floor":5.0},{"not_picked":["bronze:WildBeam+1","bronze:Shield+1"],"picked":"bronze:Branch+1","floor":9.0},{"not_picked":["bronze:BugBarrage+1","bronze:ChosenStrike+1"],"picked":"bronze:Iterate+1","floor":10.0},{"not_picked":["bronze:BitShift+1","bronze:DelayedGuard+1"],"picked":"bronze:ClassDefault+1","floor":13.0},{"not_picked":["bronze:Backtrace+1","bronze:WildBeam+1"],"picked":"bronze:GetLatest+1","floor":14},{"not_picked":["bronze:DelayedSlice+1","bronze:Iterate+1"],"picked":"bronze:Turbo+1","floor":15}],"player_experience":680499,"relics_obtained":[{"floor":7.0,"key":"HollowMod:PaleOreRelic"},{"floor":14,"key":"Guardian:PocketSentry"}],"event_choices":[],"is_beta":false,"boss_relics":[],"items_purged_floors":[],"is_endless":false,"potions_floor_spawned":[4,5,9,10],"killed_by":"WA_ARCHETYPE_RETAIN","ascension_level":0}}