{"host":"3oax8yz66k5njorr","time":1611224879,"event":{"mods":["AchievementEnabler","BaseMod","Colored Map","Colored Powertips","DeckTracker","Minty Spire (QoL Compilation)","Rare Cards Sparkle"],"gold_per_floor":[113,288,308,327,28,55,55,69,123,135,163,163,180,2,2,102,102,102,117,136,147,147,174,174,187,214,61,92,106,106,57,57,57,57],"floor_reached":33,"language":"KOR","playtime":1421,"items_purged":["Doubt","Strike_P"],"score":399,"play_id":"185db18a-44d6-4cd0-9691-7f4e444cb03c","local_time":"20210121192759","is_ascension_mode":false,"campfire_choices":[{"data":"SashWhip","floor":12.0,"key":"SMITH"},{"data":"Adaptation","floor":15.0,"key":"SMITH"},{"data":"TalkToTheHand","floor":24,"key":"SMITH"},{"floor":32,"key":"REST"}],"circlet_count":0,"master_deck":["Strike_P","Strike_P","Strike_P","Defend_P","Defend_P","Defend_P","Defend_P","Eruption+1","Vigilance","ReachHeaven","EmptyFist","Judgement","TalkToTheHand+1","EmptyMind","ThirdEye","Consecrate","ClearTheMind","SashWhip+1","Sanctity","Adaptation+1","DeusExMachina","Sanctity","Swivel+1","Crescendo","Conclude","InnerPeace","Halt+1","Halt"],"relics":["PureWater","Singing Bowl","PreservedInsect","Bronze Scales","Black Star","Ornamental Fan","Mango","Pen Nib","Dream Catcher","Regal Pillow","Shuriken","MutagenicStrength"],"acts_visited":["Exordium","TheCity"],"potions_floor_usage":[21,23,28,33],"damage_taken":[{"damage":2.0,"enemies":"Small Slimes","floor":1.0,"turns":3.0},{"damage":2.0,"enemies":"2 Louse","floor":3.0,"turns":2.0},{"damage":0.0,"enemies":"Cultist","floor":4.0,"turns":2.0},{"damage":0.0,"enemies":"Gremlin Nob","floor":6.0,"turns":2.0},{"damage":1.0,"enemies":"Looter","floor":8.0,"turns":3.0},{"damage":0.0,"enemies":"Exordium Wildlife","floor":10.0,"turns":3.0},{"damage":4.0,"enemies":"Lagavulin","floor":11.0,"turns":3.0},{"damage":0.0,"enemies":"2 Fungi Beasts","floor":13.0,"turns":3.0},{"damage":29.0,"enemies":"Slime Boss","floor":16.0,"turns":9.0},{"damage":0.0,"enemies":"Spheric Guardian","floor":18.0,"turns":2.0},{"damage":23.0,"enemies":"2 Thieves","floor":19.0,"turns":4.0},{"damage":14.0,"enemies":"Snake Plant","floor":20.0,"turns":4.0},{"damage":6,"enemies":"Snecko","floor":21,"turns":3},{"damage":0,"enemies":"Slavers","floor":23,"turns":1},{"damage":16,"enemies":"Shelled Parasite and Fungi","floor":25,"turns":5},{"damage":0,"enemies":"Book of Stabbing","floor":28,"turns":3},{"damage":25,"enemies":"Cultist and Chosen","floor":29,"turns":5},{"damage":52,"enemies":"Automaton","floor":33,"turns":8}],"seed_played":"-2717383263725523291","potions_obtained":[{"floor":1.0,"key":"Ancient Potion"},{"floor":7.0,"key":"ColorlessPotion"},{"floor":7.0,"key":"BottledMiracle"},{"floor":25,"key":"Block Potion"},{"floor":28,"key":"LiquidBronze"}],"is_trial":false,"path_per_floor":["M","?","M","M","$","E","?","M","T","M","E","R","M","$","R","B",null,"M","M","M","M","?","E","R","M","T","$","E","M","?","$","R","B"],"character_chosen":"WATCHER","items_purchased":["Judgement","TalkToTheHand","EmptyMind","Adaptation","Dream Catcher","Halt"],"campfire_rested":1,"item_purchase_floors":[5,5,5,14,27,31],"current_hp_per_floor":[70,70,68,68,68,68,68,67,67,67,63,63,63,63,63,34,72,72,49,35,29,29,45,45,31,31,31,31,6,6,6,50,0,0],"gold":57,"neow_bonus":"UPGRADE_CARD","is_daily":false,"chose_seed":false,"campfire_upgraded":3,"win_rate":0.0,"timestamp":1611224879,"path_taken":["M","?","M","M","$","E","?","M","T","M","E","R","?","$","R","BOSS","M","M","M","M","?","E","R","M","T","$","E","M","?","$","R","BOSS"],"items_purchased_type":["Card","Card","Card","Card","Relic","Card"],"build_version":"2020-12-22","purchased_purges":2,"victory":false,"max_hp_per_floor":[72,72,72,72,72,72,72,72,72,72,72,72,72,72,72,72,72,72,72,72,72,72,88,88,90,90,90,90,90,90,90,92,92,92],"card_choices":[{"not_picked":["SandsOfTime","SashWhip"],"picked":"ReachHeaven","floor":1.0},{"not_picked":["Halt","FlurryOfBlows"],"picked":"EmptyFist","floor":3.0},{"not_picked":["Collect","Tantrum","CrushJoints"],"picked":"SKIP","floor":4.0},{"not_picked":["Vengeance","EmptyBody"],"picked":"ThirdEye","floor":6.0},{"not_picked":["JustLucky","Fasting2"],"picked":"Consecrate","floor":8.0},{"not_picked":["CrushJoints","Pray"],"picked":"ClearTheMind","floor":10.0},{"not_picked":["JustLucky","Tantrum"],"picked":"SashWhip","floor":11.0},{"not_picked":["Collect","Ragnarok"],"picked":"Sanctity","floor":13.0},{"not_picked":["ConjureBlade","Ragnarok"],"picked":"DeusExMachina","floor":16.0},{"not_picked":["EmptyBody+1","JustLucky"],"picked":"Sanctity","floor":18.0},{"not_picked":["SashWhip","EmptyBody"],"picked":"Swivel+1","floor":19.0},{"not_picked":["ReachHeaven+1","JustLucky"],"picked":"Crescendo","floor":20.0},{"not_picked":["CarveReality","Wallop+1"],"picked":"Conclude","floor":21},{"not_picked":["BowlingBash","BattleHymn","Judgement"],"picked":"Singing Bowl","floor":23},{"not_picked":["Conclude+1","ClearTheMind","Worship+1"],"picked":"Singing Bowl","floor":25},{"not_picked":["ThirdEye+1","PathToVictory"],"picked":"InnerPeace","floor":28},{"not_picked":["Pray","WreathOfFlame+1"],"picked":"Halt+1","floor":29},{"not_picked":["Protect","Conclude","Pray"],"picked":"Singing Bowl","floor":32}],"player_experience":71121,"relics_obtained":[{"floor":6.0,"key":"Singing Bowl"},{"floor":9.0,"key":"PreservedInsect"},{"floor":11.0,"key":"Bronze Scales"},{"floor":23,"key":"Ornamental Fan"},{"floor":23,"key":"Mango"},{"floor":26,"key":"Pen Nib"},{"floor":28,"key":"Regal Pillow"},{"floor":28,"key":"Shuriken"}],"event_choices":[{"damage_healed":0.0,"max_hp_gain":0.0,"max_hp_loss":0.0,"gold_gain":175.0,"event_name":"Liars Game","player_choice":"AGREE","floor":2.0,"gold_loss":0.0,"damage_taken":0.0,"cards_obtained":["Doubt"]},{"damage_healed":0.0,"max_hp_gain":0.0,"max_hp_loss":0.0,"gold_gain":0.0,"event_name":"Lab","player_choice":"Got Potions","floor":7.0,"gold_loss":0.0,"damage_taken":0.0},{"damage_healed":0,"gold_gain":0,"player_choice":"Ignored","damage_taken":0,"max_hp_gain":0,"max_hp_loss":0,"event_name":"Vampires","floor":22,"gold_loss":0},{"damage_healed":0,"gold_gain":0,"player_choice":"Inject Mutagens","damage_taken":0,"relics_obtained":["MutagenicStrength"],"max_hp_gain":0,"max_hp_loss":0,"event_name":"Drug Dealer","floor":30,"gold_loss":0}],"is_beta":false,"boss_relics":[{"not_picked":["Runic Dome","Snecko Eye"],"picked":"Black Star"}],"items_purged_floors":[5,14],"is_endless":false,"potions_floor_spawned":[1,8,11,13,19,20,25,28],"killed_by":"Automaton","ascension_level":0}}