{"host":"atu1skz5iq69e5lr","time":1611259432,"event":{"mods":["AchievementEnabler","Aspiration","BaseMod","Better Third Choice","Colored Map","Conspire","Evolution","Friendly Minions","Halation","Highlight Path","Hubris","Infinite Spire","Keyboard Shortcuts","Lobotomy","Minty Spire (QoL Compilation)","Replay The Spire","Shop Mod","StSLib"],"gold_per_floor":[217,217,217,217,228,263,263,294,294,294,329,89,148,159,159,256,256,270,195,195,195,210,210,229,229,229,229,229],"floor_reached":27,"language":"ENG","playtime":1714,"items_purged":["Variant"],"score":302,"play_id":"4a0e50ea-55d7-47a7-bf0d-60c1c8a8823d","local_time":"20210121210352","is_ascension_mode":false,"campfire_choices":[{"data":"hubris:Fate","floor":23,"key":"SMITH"}],"circlet_count":0,"master_deck":["SpecialBullet","SpecialBullet","SpecialBullet","SpecialBullet","SpecialBullet","SpecialBullet","SpecialBullet","SpecialBullet","InformationCode","CentralCode","SecurityCode","Rudolta","UniverseFragment","Scorched","Pot Of Greed","Pot Of Greed","ExtractionCode","SnowQueen","hubris:Fate+1","hubris:ReadiedAction+1"],"relics":["CogitoBucket","EVO:Axolotl","Chameleon Ring","Nunchaku","hubris:AstralHammer","Grinning Jar","infinitespire:ShieldingShard","Pantograph","AspirationHeart","aspiration:IroncladSkillbook","hubris:BottledHeart","Bird Faced Urn","aspiration:AnachronicSnailShell"],"acts_visited":["Exordium","TheCity"],"potions_floor_usage":[16,16],"damage_taken":[{"damage":8,"enemies":"conspire:RoseBush","floor":1,"turns":2},{"damage":6,"enemies":"2 Louse","floor":5,"turns":2},{"damage":32,"enemies":"3 Sentries","floor":6,"turns":11},{"damage":19,"enemies":"Replay:BlueRogue","floor":8,"turns":6},{"damage":0,"enemies":"3 Sentries","floor":11,"turns":7},{"damage":0,"enemies":"Gremlin Nob","floor":13,"turns":3},{"damage":0,"enemies":"Jaw Worm","floor":14,"turns":1},{"damage":0,"enemies":"Slime Boss","floor":16,"turns":4},{"damage":0,"enemies":"2 Thieves","floor":18,"turns":4},{"damage":0,"enemies":"Spheric Guardian","floor":22,"turns":4},{"damage":0,"enemies":"Cultist and Chosen","floor":24,"turns":6}],"seed_played":"-7451389703545123145","potions_obtained":[{"floor":5,"key":"Elixir"},{"floor":11,"key":"Fire Potion"},{"floor":13,"key":"DuplicationPotion"},{"floor":16,"key":"ColorlessPotion"},{"floor":22,"key":"Ancient Potion"}],"is_trial":false,"path_per_floor":["M","$","?","?","M","E","R","E","T","R","E","$","?","M","R_BF","B",null,"M","$","?","AVR","M","R","M","R","T","?"],"character_chosen":"Angela","items_purchased":["infinitespire:ShieldingShard"],"campfire_rested":0,"item_purchase_floors":[12],"current_hp_per_floor":[72,72,72,72,72,48,48,37,37,37,45,45,57,79,79,82,82,82,82,1,1,1,1,1,1,1,0,0],"gold":229,"neow_bonus":"HUNDRED_GOLD","is_daily":false,"chose_seed":false,"campfire_upgraded":1,"win_rate":0.0,"timestamp":1611259432,"path_taken":["M","$","?","?","M","E","R","E","T","R","E","$","?","M","R_BF","BOSS","M","$","?","AVR","M","R","M","R","T","?"],"items_purchased_type":["Relic"],"build_version":"2020-12-22","purchased_purges":1,"victory":false,"max_hp_per_floor":[72,72,72,72,72,72,72,72,72,72,72,72,72,82,82,82,82,82,82,1,1,1,1,1,1,1,1,1],"card_choices":[{"not_picked":["Murderer","ShyLook"],"picked":"Rudolta","floor":1},{"not_picked":["Lantern","Loneliness"],"picked":"SKIP","floor":1},{"not_picked":["Lantern","Loneliness"],"picked":"SKIP","floor":1},{"not_picked":["MHz","BeautyBeast"],"picked":"UniverseFragment","floor":5},{"not_picked":["FourthMatchFlame","TodaysExpression"],"picked":"SKIP","floor":5},{"not_picked":["SpiderBud","CherryBlossoms"],"picked":"Scorched","floor":6},{"not_picked":["Noise","TheSmile"],"picked":"SKIP","floor":6},{"not_picked":["RedEyes","FourthMatchFlame"],"picked":"SKIP","floor":8},{"not_picked":["Adoration","Regret_ego"],"picked":"SKIP","floor":11},{"not_picked":["RapturousDream","Penitence"],"picked":"SKIP","floor":14},{"not_picked":["SpiderBud","OldLady"],"picked":"Variant","floor":16},{"not_picked":["CrumblingArmor","Bloodbath"],"picked":"SnowQueen","floor":18},{"not_picked":["Lantern","Havoc","Beak"],"picked":"SKIP","floor":18},{"not_picked":["Horn","Reckless Charge"],"picked":"hubris:ReadiedAction+1","floor":22},{"not_picked":["CUTE","Wild Strike","RedEyes+1"],"picked":"SKIP","floor":22},{"not_picked":["Hornet","LifeForTheDareDevil","Galaxy+1"],"picked":"SKIP","floor":24},{"not_picked":["Disarm","Hemokinesis","Evolve"],"picked":"SKIP","floor":24}],"player_experience":29060,"relics_obtained":[{"floor":6,"key":"Chameleon Ring"},{"floor":8,"key":"Nunchaku"},{"floor":9,"key":"hubris:AstralHammer"},{"floor":11,"key":"Grinning Jar"},{"floor":26,"key":"aspiration:AnachronicSnailShell"}],"event_choices":[{"damage_healed":0,"gold_gain":0,"player_choice":"Leave","damage_taken":0,"max_hp_gain":0,"max_hp_loss":0,"event_name":"conspire:Investor","floor":4,"gold_loss":0},{"damage_healed":0,"gold_gain":0,"player_choice":"Searched \u00272\u0027 times","damage_taken":0,"relics_obtained":["Pantograph"],"max_hp_gain":0,"max_hp_loss":0,"event_name":"Dead Adventurer","floor":13,"gold_loss":0}],"is_beta":false,"boss_relics":[{"not_picked":["aspiration:RunicSpoon","halation:LoveArrow"],"picked":"aspiration:IroncladSkillbook"}],"items_purged_floors":[19],"is_endless":false,"potions_floor_spawned":[5,11,13,16,22],"ascension_level":0}}