{"host":"nlowmoq7gy18n72d","time":1611249393,"event":{"mods":["BaseMod","Colored Powertips","Downfall","Hermit","Highlight Path","Infinite Spire","Jorbs\u0027s Wanderer Trilogy","Minty Spire (QoL Compilation)","StSLib","The Cursed"],"gold_per_floor":[99,110,129,129,147,179,251,251,269,302,15,28,28,43,60,158,158,58,74,74,59,59,90,90,120,135,163,63,46,66,95,107,209,209,109,123,169,169,180,3,3,3,18,18,18,18],"floor_reached":44,"language":"ENG","playtime":2136,"items_purged":["Slimebound:Strike_Slimebound","Slimebound:Strike_Slimebound","Slimebound:Strike_Slimebound"],"score":548,"play_id":"b1e7325d-11f9-407d-8a46-4f70b088148a","local_time":"20210121201633","is_ascension_mode":true,"campfire_choices":[{"data":"Slimebound:RallyTheTroops","floor":1,"key":"SMITH"},{"data":"Slimebound:LeadByExample","floor":13,"key":"SMITH"},{"data":"Slimebound:Split","floor":18,"key":"SMITH"},{"floor":28,"key":"RECALL"},{"data":"Slimebound:DuplicatedForm","floor":35,"key":"SMITH"},{"data":"Slimebound:SpikyOuterGoop","floor":42,"key":"SMITH"}],"circlet_count":0,"master_deck":["Slimebound:Tackle+1","Slimebound:Defend_Slimebound","Slimebound:Defend_Slimebound","Slimebound:Defend_Slimebound","Slimebound:Defend_Slimebound","Slimebound:Split+1","Slimebound:CorrosiveSpit","Slimebound:RallyTheTroops+1","Slimebound:GrowthPunch","Slimebound:SpikyOuterGoop+1","Slimebound:LeadByExample+1","Slimebound:Schlurp+1","Slimebound:Equalize","Slimebound:SplitBruiser+1","Slimebound:PressTheAttack+1","Slimebound:SpikyOuterGoop","Slimebound:Darklings+1","Slimebound:SplitMire+1","Slimebound:GrowthPunch","Slimebound:LeechLife+1","Slimebound:RejuvenatingLick+1","Slimebound:GoopSpray+1","Slimebound:MegaLick+1","Slimebound:Teamwork+1","Slimebound:Recollect+1","Slimebound:DuplicatedForm+1","CurseOfTheBell","Slimebound:Gluttony+1","Slimebound:LivingWall+1","Slimebound:GrowthPunch+1","downfall:Haunted"],"relics":["Slimebound:AbsorbEndCombat","downfall:ShatteredFragment","Omamori","Toxic Egg 2","infinitespire:Lucky Rock","Blood Vial","Cursed Key","downfall:HeartBlessingGreen","sneckomod:BabySnecko","Nilry\u0027s Codex","Molten Egg 2","Whetstone","Matryoshka","downfall:HeartBlessingBlue","Meat on the Bone","infinitespire:CheckeredPen","Calling Bell","Bag of Marbles","hexamod:CandleOfCauterizing","infinitespire:Magic Flask","downfall:HeartBlessingRed","Pocketwatch","Regal Pillow","StrikeDummy"],"acts_visited":["Exordium","TheCity","TheBeyond"],"potions_floor_usage":[6,10,11,21,21,21,27,33],"damage_taken":[{"damage":4,"enemies":"Cultist","floor":2,"turns":3},{"damage":10,"enemies":"Jaw Worm","floor":3,"turns":4},{"damage":4,"enemies":"2 Louse","floor":5,"turns":3},{"damage":23,"enemies":"Lagavulin","floor":6,"turns":6},{"damage":23,"enemies":"Exordium Thugs","floor":9,"turns":4},{"damage":5,"enemies":"3 Sentries","floor":10,"turns":4},{"damage":10,"enemies":"downfall:FleeingMerchant","floor":11,"turns":4},{"damage":9,"enemies":"Blue Slaver","floor":12,"turns":3},{"damage":0,"enemies":"Exordium Wildlife","floor":14,"turns":3},{"damage":0,"enemies":"Large Slime","floor":15,"turns":3},{"damage":13,"enemies":"WA_ARCHETYPE_RETAIN","floor":16,"turns":5},{"damage":4,"enemies":"Shell Parasite","floor":19,"turns":4},{"damage":3,"enemies":"downfall:FleeingMerchant","floor":21,"turns":4},{"damage":11,"enemies":"Book of Stabbing","floor":23,"turns":3},{"damage":44,"enemies":"Slavers","floor":25,"turns":4},{"damage":0,"enemies":"Spheric Guardian","floor":26,"turns":2},{"damage":20,"enemies":"Gremlin Leader","floor":27,"turns":3},{"damage":0,"enemies":"downfall:FleeingMerchant","floor":29,"turns":1},{"damage":17,"enemies":"Centurion and Healer","floor":30,"turns":5},{"damage":8,"enemies":"Book of Stabbing","floor":31,"turns":3},{"damage":16,"enemies":"Snake Plant","floor":32,"turns":2},{"damage":24,"enemies":"DF_ARCHETYPE_CLAW","floor":33,"turns":6},{"damage":13,"enemies":"3 Darklings","floor":36,"turns":4},{"damage":13,"enemies":"2 Orb Walkers","floor":37,"turns":3},{"damage":4,"enemies":"Orb Walker","floor":39,"turns":2},{"damage":24,"enemies":"Spire Growth","floor":43,"turns":4},{"damage":75,"enemies":"Nightmare","floor":44,"turns":5}],"seed_played":"1067792634128863633","potions_obtained":[{"floor":2,"key":"Block Potion"},{"floor":3,"key":"DuplicationPotion"},{"floor":5,"key":"champ:CounterPotion"},{"floor":12,"key":"Slimebound:SlimedPotion"},{"floor":15,"key":"LiquidBronze"},{"floor":26,"key":"LiquidMemories"},{"floor":32,"key":"Slimebound:ThreeZeroPotion"},{"floor":43,"key":"Slimebound:SlimedPotion"}],"is_trial":false,"path_per_floor":["R","M","M","?","M","E","T","?","M","E","$","M","R","M","M","B",null,"R","M","?","$","?","E","T","E","M","E","R","$","M","E","M","B",null,"R","M","?","?","M","$","T","R","M","NM"],"character_chosen":"SLIMEBOUND","items_purchased":["Blood Vial","Fire Potion","Meat on the Bone","Slimebound:GrowthPunch+1"],"campfire_rested":0,"item_purchase_floors":[11,11,29,40],"current_hp_per_floor":[65,63,55,37,37,18,18,65,44,41,39,36,36,40,52,53,65,65,62,62,65,49,44,44,8,12,16,26,34,39,45,49,39,75,75,70,62,62,62,62,62,62,56,0,0,0],"gold":18,"neow_bonus":"ONE_RANDOM_RARE_CARD","is_daily":false,"chose_seed":false,"campfire_upgraded":5,"win_rate":0.0,"timestamp":1611249393,"path_taken":["R","M","M","?","M","E","T","?","M","E","$","M","R","?","M","BOSS","R","M","?","$","?","E","T","E","M","E","R","$","M","E","M","BOSS","R","M","?","?","M","$","T","R","M","NM"],"items_purchased_type":["Relic","Potion","Relic","Card"],"build_version":"2020-12-22","purchased_purges":3,"victory":false,"max_hp_per_floor":[65,65,65,65,65,65,65,65,65,65,65,65,65,65,65,65,65,65,65,65,65,65,65,65,65,65,65,75,75,75,75,75,75,75,75,75,75,75,75,75,75,75,75,75,75,75],"card_choices":[{"not_picked":["Slimebound:SplitBruiser","Slimebound:LivingWall"],"picked":"Slimebound:GrowthPunch","floor":2},{"not_picked":["Slimebound:LeechingTouch","Slimebound:Recollect"],"picked":"Slimebound:SpikyOuterGoop","floor":3},{"not_picked":["Slimebound:SamplingLick","Slimebound:ComboTackle"],"picked":"Slimebound:LeadByExample","floor":5},{"not_picked":["Slimebound:SlimeSlap","Slimebound:SplitLeeching"],"picked":"Slimebound:Nibble","floor":6},{"not_picked":["Slimebound:SplitLeeching+1","Slimebound:Grow"],"picked":"Slimebound:Schlurp+1","floor":9},{"not_picked":["Slimebound:HungryTackle","Slimebound:FlameTackle","Slimebound:SplitLeeching+1"],"picked":"SKIP","floor":10},{"not_picked":["Slimebound:SlimeTap+1","Slimebound:Schlurp+1"],"picked":"Slimebound:Equalize","floor":11},{"not_picked":["Slimebound:LeadByExample","Slimebound:DivideAndConquer"],"picked":"Slimebound:SplitBruiser+1","floor":12},{"not_picked":["Slimebound:SplitLeeching+1","Slimebound:GoopTackle"],"picked":"Slimebound:PressTheAttack","floor":14},{"not_picked":["Slimebound:FinishingTackle","Slimebound:SamplingLick+1"],"picked":"Slimebound:SpikyOuterGoop","floor":15},{"not_picked":["Slimebound:WasteNot+1","Slimebound:OozeBath+1"],"picked":"Slimebound:Darklings+1","floor":16},{"not_picked":["Slimebound:ComboTackle","Slimebound:HauntingLick+1"],"picked":"Slimebound:SplitMire+1","floor":19},{"not_picked":["Slimebound:Schlurp+1","Slimebound:FlameTackle"],"picked":"Slimebound:GrowthPunch","floor":21},{"not_picked":["Slimebound:GoopTackle+1","Slimebound:HungryTackle+1"],"picked":"Slimebound:LeechLife+1","floor":23},{"not_picked":["Slimebound:TongueLash+1","Slimebound:SplitLeeching+1"],"picked":"Slimebound:RejuvenatingLick+1","floor":25},{"not_picked":["Slimebound:SamplingLick+1","Slimebound:ItLooksTasty+1"],"picked":"Slimebound:GoopSpray+1","floor":26},{"not_picked":["Slimebound:ItLooksTasty+1","Slimebound:Chomp+1"],"picked":"Slimebound:MegaLick+1","floor":27},{"not_picked":["Slimebound:ComboTackle+1","Slimebound:LeechEnergy+1","Slimebound:SlimeBrawl+1"],"picked":"SKIP","floor":29},{"not_picked":["Slimebound:SlimeSpikes+1","Slimebound:FlameTackle+1","Slimebound:FinishingTackle+1"],"picked":"SKIP","floor":30},{"not_picked":["Slimebound:Grow","Slimebound:GoopTackle+1"],"picked":"Slimebound:Teamwork+1","floor":31},{"not_picked":["Slimebound:Prepare+1","Slimebound:GoopSpray+1"],"picked":"Slimebound:Recollect+1","floor":32},{"not_picked":["Slimebound:SlimeSlap+1","Slimebound:TagTeam+1"],"picked":"Slimebound:DuplicatedForm","floor":33},{"not_picked":["Slimebound:LeechEnergy+1","Slimebound:PressTheAttack+1"],"picked":"Slimebound:Gluttony+1","floor":36},{"not_picked":["Slimebound:SplitLeeching+1","Slimebound:FinishingTackle+1"],"picked":"Slimebound:LivingWall+1","floor":37},{"not_picked":["Slimebound:FinishingTackle+1","Slimebound:LeechEnergy+1","Slimebound:LeechingTouch+1"],"picked":"SKIP","floor":39},{"not_picked":["Slimebound:SplitLeeching+1","Slimebound:LeechEnergy+1","Slimebound:SplitAcid+1"],"picked":"SKIP","floor":43}],"player_experience":703076,"relics_obtained":[{"floor":6,"key":"Omamori"},{"floor":7,"key":"Toxic Egg 2"},{"floor":10,"key":"infinitespire:Lucky Rock"},{"floor":22,"key":"Nilry\u0027s Codex"},{"floor":23,"key":"Molten Egg 2"},{"floor":25,"key":"Whetstone"},{"floor":27,"key":"Matryoshka"},{"floor":31,"key":"infinitespire:CheckeredPen"},{"floor":34,"key":"Bag of Marbles"},{"floor":34,"key":"hexamod:CandleOfCauterizing"},{"floor":34,"key":"infinitespire:Magic Flask"},{"floor":37,"key":"Pocketwatch"},{"floor":41,"key":"Regal Pillow"},{"floor":41,"key":"StrikeDummy"}],"event_choices":[{"damage_healed":47,"gold_gain":0,"player_choice":"Full Heal","damage_taken":0,"max_hp_gain":0,"max_hp_loss":0,"event_name":"Wheel of Change","floor":8,"gold_loss":0},{"damage_healed":0,"gold_gain":0,"player_choice":"Fight","damage_taken":0,"max_hp_gain":0,"max_hp_loss":0,"event_name":"Mysterious Sphere","floor":37,"gold_loss":0},{"cards_removed":["Slimebound:Nibble"],"damage_healed":0,"gold_gain":0,"player_choice":"Removed Attack","damage_taken":0,"max_hp_gain":0,"max_hp_loss":0,"event_name":"Falling","floor":38,"gold_loss":0}],"is_beta":false,"boss_relics":[{"not_picked":["Pandora\u0027s Box","Snecko Eye"],"picked":"Cursed Key"},{"not_picked":["Fusion Hammer","Slimebound:TarBlob"],"picked":"Calling Bell"}],"items_purged_floors":[11,29,40],"is_endless":false,"potions_floor_spawned":[2,3,5,12,15,19,26,32,43],"killed_by":"Nightmare","ascension_level":1}}