{"host":"7l2t4psy44vpcd9q","time":1611226152,"event":{"mods":["AchievementEnabler","BaseMod","DeckTracker","Minty Spire (QoL Compilation)","SuperFastMode"],"gold_per_floor":[17,34,34,46,17,49,113,113,113,144,144,157,171,5,5,79,79,89,89,102,119,19,44,44,57,82,18,51,51,68,96,96,96,96],"floor_reached":33,"language":"KOR","playtime":1179,"items_purged":["Strike_R","Defend_R"],"score":634,"play_id":"78e7db22-577d-40f9-af49-9298f4ada731","local_time":"20210121194912","is_ascension_mode":true,"campfire_choices":[{"floor":8,"key":"REST"},{"floor":11,"key":"REST"},{"data":"Flex","floor":15,"key":"SMITH"},{"floor":24,"key":"REST"},{"floor":29,"key":"REST"},{"floor":32,"key":"REST"}],"circlet_count":0,"master_deck":["AscendersBane","Strike_R","Strike_R","Strike_R","Strike_R","Defend_R","Defend_R","Defend_R","Bash","Pommel Strike","Cleave","Sword Boomerang","Reckless Charge","Shrug It Off","Flex+1","Spot Weakness","Blood for Blood","Immolate","Flex+1","Armaments+1","Shrug It Off","Disarm","Shockwave"],"relics":["Burning Blood","Magic Flower","Red Skull","Ornamental Fan","Strawberry","Sundial","Question Card","Mark of Pain","The Courier","Art of War","Omamori","Charon\u0027s Ashes"],"acts_visited":["Exordium","TheCity"],"potions_floor_usage":[7,7,12,18,23,25,28,31,31,33],"damage_taken":[{"damage":6,"enemies":"Cultist","floor":1,"turns":4},{"damage":12,"enemies":"Jaw Worm","floor":2,"turns":4},{"damage":0,"enemies":"2 Louse","floor":4,"turns":2},{"damage":17,"enemies":"Exordium Thugs","floor":5,"turns":4},{"damage":32,"enemies":"Gremlin Nob","floor":6,"turns":4},{"damage":41,"enemies":"3 Sentries","floor":7,"turns":8},{"damage":25,"enemies":"Lagavulin","floor":10,"turns":6},{"damage":0,"enemies":"3 Louse","floor":12,"turns":1},{"damage":6,"enemies":"Looter","floor":13,"turns":2},{"damage":33,"enemies":"Slime Boss","floor":16,"turns":10},{"damage":24,"enemies":"Spheric Guardian","floor":18,"turns":4},{"damage":12,"enemies":"3 Byrds","floor":20,"turns":4},{"damage":23,"enemies":"3 Cultists","floor":21,"turns":5},{"damage":38,"enemies":"Slavers","floor":23,"turns":3},{"damage":36,"enemies":"Shelled Parasite and Fungi","floor":25,"turns":3},{"damage":23,"enemies":"Gremlin Leader","floor":28,"turns":4},{"damage":7,"enemies":"Snake Plant","floor":30,"turns":3},{"damage":42,"enemies":"Slavers","floor":31,"turns":6},{"damage":73,"enemies":"Automaton","floor":33,"turns":6}],"seed_played":"-7893210665970226319","potions_obtained":[{"floor":2,"key":"SkillPotion"},{"floor":5,"key":"DistilledChaos"},{"floor":10,"key":"Explosive Potion"},{"floor":16,"key":"PowerPotion"},{"floor":23,"key":"BloodPotion"},{"floor":28,"key":"BloodPotion"},{"floor":30,"key":"DistilledChaos"},{"floor":31,"key":"PowerPotion"}],"is_trial":false,"path_per_floor":["M","M","T","M","M","E","?","R","T","E","R","M","M","$","R","B",null,"M","?","M","M","$","E","R","M","T","$","E","R","M","E","R","B"],"character_chosen":"IRONCLAD","items_purchased":["Blood for Blood","Fire Potion","EssenceOfSteel"],"campfire_rested":5,"item_purchase_floors":[14,14,27],"current_hp_per_floor":[71,68,68,75,67,44,19,43,43,27,51,60,63,63,63,39,71,56,56,53,39,39,10,34,31,31,31,17,41,43,34,58,0,0],"gold":96,"neow_bonus":"ONE_RARE_RELIC","is_daily":false,"chose_seed":false,"campfire_upgraded":1,"win_rate":0.0,"timestamp":1611226152,"path_taken":["M","M","?","M","?","E","?","R","T","E","R","M","M","$","R","BOSS","M","?","M","M","$","E","R","M","T","$","E","R","M","E","R","BOSS"],"items_purchased_type":["Card","Potion","Potion"],"build_version":"2020-12-22","purchased_purges":2,"victory":false,"max_hp_per_floor":[75,75,75,75,75,75,82,82,82,82,82,82,82,82,82,82,82,82,82,82,82,82,82,82,82,82,82,82,82,82,82,82,82,82],"card_choices":[{"not_picked":["Havoc","Clash"],"picked":"Pommel Strike","floor":1},{"not_picked":["Power Through","Twin Strike"],"picked":"Cleave","floor":2},{"not_picked":["Ghostly Armor","Anger"],"picked":"Sword Boomerang","floor":4},{"not_picked":["Sword Boomerang","Ghostly Armor"],"picked":"Reckless Charge","floor":5},{"not_picked":["Pommel Strike","Sword Boomerang","Entrench"],"picked":"SKIP","floor":6},{"not_picked":["Sentinel","Iron Wave"],"picked":"Shrug It Off","floor":7},{"not_picked":["Corruption","Shrug It Off","Sword Boomerang"],"picked":"SKIP","floor":10},{"not_picked":["Anger","Whirlwind","Cleave"],"picked":"Flex","floor":12},{"not_picked":["Body Slam","Intimidate","Shockwave"],"picked":"Spot Weakness","floor":13},{"not_picked":["Offering","Feed","Barricade"],"picked":"Immolate","floor":16},{"not_picked":["Anger","Body Slam","Iron Wave"],"picked":"Flex+1","floor":18},{"not_picked":["Second Wind","Iron Wave+1","Wild Strike"],"picked":"Armaments+1","floor":20},{"not_picked":["Pommel Strike","Clothesline","Dual Wield"],"picked":"Shrug It Off","floor":21},{"not_picked":["Twin Strike","Clothesline","Heavy Blade"],"picked":"Disarm","floor":23},{"not_picked":["Inflame","Cleave","Shockwave","Heavy Blade"],"picked":"SKIP","floor":25},{"not_picked":["Havoc","Flex","Feel No Pain","Blood for Blood"],"picked":"SKIP","floor":28},{"not_picked":["Feed","Body Slam","Shrug It Off"],"picked":"Shockwave","floor":30},{"not_picked":["Searing Blow","Rage","Bloodletting","Anger"],"picked":"SKIP","floor":31}],"player_experience":1270405,"relics_obtained":[{"floor":3,"key":"Red Skull"},{"floor":6,"key":"Ornamental Fan"},{"floor":7,"key":"Strawberry"},{"floor":9,"key":"Sundial"},{"floor":10,"key":"Question Card"},{"floor":23,"key":"The Courier"},{"floor":26,"key":"Art of War"},{"floor":28,"key":"Omamori"},{"floor":31,"key":"Charon\u0027s Ashes"}],"event_choices":[{"damage_healed":0,"gold_gain":0,"player_choice":"Searched \u00271\u0027 times","damage_taken":0,"max_hp_gain":0,"max_hp_loss":0,"event_name":"Dead Adventurer","floor":7,"gold_loss":0},{"damage_healed":0,"gold_gain":0,"player_choice":"Ignored","damage_taken":0,"max_hp_gain":0,"max_hp_loss":0,"event_name":"The Mausoleum","floor":19,"gold_loss":0}],"is_beta":false,"boss_relics":[{"not_picked":["Ectoplasm","Runic Pyramid"],"picked":"Mark of Pain"}],"items_purged_floors":[14,22],"is_endless":false,"potions_floor_spawned":[2,5,10,16,23,28,30,31],"killed_by":"Automaton","ascension_level":20}}