{"host":"zksvs3x2ysy9npnz","time":1611272070,"event":{"mods":["Aspiration","BaseMod","Beaked The Cultist","BetterRewards","Clockwork Mod","Colored Map","Conspire","Downfall","Duelist Mod","Ekko","Fiend Mod","Halation","Highlight Path","Hubris","Hunter ??","Infinite Spire","Jedi Mod","Magitek Elite","Minty Spire (QoL Compilation)","Permanent Neow","Quick Restart","Relic Stats","Shop Mod","StSLib","The Construct","The Runesmith","The Witch","thorton"],"gold_per_floor":[99,110,125,15,35,35,35,35,64,64,77,95,123,223,241,343,343,143,153,173,183,183,183,183,194,94,106,135,154,154,154,174,274,274,274,288,299,56,56,88,163,163,191,191,206,206,219,219,236,236,236,236,236],"floor_reached":52,"language":"FRA","playtime":6463,"items_purged":[],"score":721,"play_id":"5ef583be-4d5c-4f92-bc25-2dead686e547","local_time":"20210122003430","is_ascension_mode":false,"campfire_choices":[{"floor":1.0,"key":"RECALL"},{"data":"champ:Endure","floor":6.0,"key":"SMITH"},{"data":"champ:Execute","floor":8.0,"key":"SMITH"},{"data":"champ:Lariat","floor":18.0,"key":"SMITH"},{"data":"champ:SkillfulDodge","floor":26.0,"key":"SMITH"},{"data":"champ:Circumvent","floor":30,"key":"SMITH"},{"data":"hubris:Insight","floor":35,"key":"SMITH"},{"data":"champ:EnGarde","floor":42,"key":"SMITH"},{"data":"champ:IronFortress","floor":44,"key":"SMITH"},{"data":"champ:ShieldWall","floor":46,"key":"SMITH"}],"circlet_count":0,"master_deck":["champ:Strike","champ:Defend","champ:Defend","champ:Defend","champ:Defend","champ:Execute+1","champ:Taunt","hubris:Insight+1","champ:Endure+1","champ:SkillfulDodge+1","champ:CrownThrow","champ:Circumvent+1","champ:EnGarde+1","champ:ShieldWall","champ:Lariat+1","champ:EnGarde+1","champ:Backstep+1","champ:StrikeOfGenius","champ:Backstep+1","champ:Circumvent+1","champ:LastStand","champ:ShieldWall+1","champ:ShieldWall+1","champ:Parry+1","champ:IronFortress+1","champ:Circumvent+1"],"relics":["champ:ChampionCrownUpgraded","Sundial","conspire:Flyswatter","hubris:Potato","downfall:HeartBlessingRed","downfall:HeartBlessingGreen","downfall:HeartBlessingBlue","halation:BlackBeret","aspiration:RitualStick","halation:Thesaurus","hubris:Backtick","beaked:MendingPlumage","aspiration:HiddenCompartment","Darkstone Periapt","hubris:CrystalStatue","Blue Candle"],"acts_visited":["Exordium","TheCity","TheBeyond","TheEnding"],"potions_floor_usage":[28,49],"damage_taken":[{"damage":13.0,"enemies":"Jaw Worm","floor":2.0,"turns":4.0},{"damage":5.0,"enemies":"conspire:RoseBush","floor":3.0,"turns":4.0},{"damage":10.0,"enemies":"downfall:FleeingMerchant","floor":4.0,"turns":4.0},{"damage":0.0,"enemies":"2 Louse","floor":5.0,"turns":3.0},{"damage":34.0,"enemies":"Gremlin Nob","floor":9.0,"turns":4.0},{"damage":12.0,"enemies":"Exordium Thugs","floor":11.0,"turns":7.0},{"damage":15.0,"enemies":"Blue Slaver","floor":12.0,"turns":4.0},{"damage":24.0,"enemies":"Lagavulin","floor":13.0,"turns":7.0},{"damage":0.0,"enemies":"Gremlin Gang","floor":15.0,"turns":6.0},{"damage":55.0,"enemies":"WA_ARCHETYPE_RETAIN","floor":16.0,"turns":13.0},{"damage":2.0,"enemies":"Spheric Guardian","floor":19.0,"turns":5.0},{"damage":0.0,"enemies":"Chosen","floor":20.0,"turns":6.0},{"damage":15.0,"enemies":"conspire:HollyBat","floor":21.0,"turns":9.0},{"damage":0.0,"enemies":"Snake Plant","floor":25.0,"turns":7.0},{"damage":0.0,"enemies":"3 Cultists","floor":27.0,"turns":7.0},{"damage":27,"enemies":"Slavers","floor":28,"turns":7},{"damage":0,"enemies":"conspire:HollyBat","floor":29,"turns":8},{"damage":8,"enemies":"Sentry and Sphere","floor":32,"turns":9},{"damage":3,"enemies":"IC_MUSHROOM_ARCHETYPE","floor":33,"turns":14},{"damage":0,"enemies":"3 Darklings","floor":36,"turns":7},{"damage":16,"enemies":"Orb Walker","floor":37,"turns":6},{"damage":0,"enemies":"downfall:FleeingMerchant","floor":38,"turns":4},{"damage":52,"enemies":"Nemesis","floor":40,"turns":13},{"damage":35,"enemies":"Nightmare","floor":43,"turns":10},{"damage":2,"enemies":"Spire Growth","floor":45,"turns":7},{"damage":16,"enemies":"Writhing Mass","floor":47,"turns":6},{"damage":16,"enemies":"4 Shapes","floor":49,"turns":7},{"damage":50,"enemies":"DF_ARCHETYPE_ORBS","floor":50,"turns":14},{"damage":144,"enemies":"downfall:CharBossMerchant","floor":52,"turns":11}],"seed_played":"3120936516119346528","potions_obtained":[{"floor":2.0,"key":"hexamod:SoulburnPotion"},{"floor":5.0,"key":"bronze:BurnAndBuffPotion"},{"floor":13.0,"key":"SteroidPotion"},{"floor":15.0,"key":"FearPotion"},{"floor":16.0,"key":"bronze:BurnAndBuffPotion"},{"floor":19.0,"key":"Energy Potion"},{"floor":29,"key":"Strength Potion"},{"floor":36,"key":"Block Potion"},{"floor":49,"key":"PowerPotion"}],"is_trial":false,"path_per_floor":["R","M","M","$","M","R","T","R","E","?","M","M","E","?","M","B",null,"R","M","M","M","?","?","T","M","R","M","E","M","R","?","M","B",null,"R","M","M","$","?","E","T","R","NM","R","M","R","M","?","M","B",null,"E"],"character_chosen":"THE_CHAMP","items_purchased":["champ:Circumvent","champ:EnGarde","champ:ShieldWall","halation:Thesaurus"],"campfire_rested":0,"item_purchase_floors":[4,4,38,38],"current_hp_per_floor":[90,87,87,87,87,87,87,87,73,73,66,66,62,62,90,65,90,90,88,90,75,75,75,75,90,100,100,100,100,100,80,72,89,100,100,100,100,100,100,86,86,86,90,90,100,100,100,95,100,100,100,0,0],"gold":236,"neow_bonus":"RANDOM_COLORLESS","is_daily":false,"chose_seed":false,"campfire_upgraded":9,"win_rate":0.0,"timestamp":1611272070,"path_taken":["R","M","M","$","M","R","T","R","E","?","M","M","E","?","M","BOSS","R","M","M","M","?","?","T","M","R","M","E","M","R","?","M","BOSS","R","M","M","$","?","E","T","R","NM","R","M","R","?","?","M","BOSS","E"],"items_purchased_type":["Card","Card","Card","Relic"],"build_version":"2020-12-22","purchased_purges":0,"victory":false,"max_hp_per_floor":[90,90,90,90,90,90,90,90,90,90,90,90,90,90,90,90,90,90,90,90,90,90,90,90,90,100,100,100,100,100,100,100,100,100,100,100,100,100,100,100,100,100,100,100,100,100,100,100,100,100,100,100,100],"relic_stats":{"Darkstone Periapt":0,"counters":[29,213],"Sundial":[26],"Blue Candle":[0],"obtain_stats":[{"halation:BlackBeret":28,"Darkstone Periapt":41,"hubris:CrystalStatue":43,"downfall:HeartBlessingRed":18,"Blue Candle":48,"champ:ChampionCrown":0,"downfall:HeartBlessingGreen":18,"champ:ChampionCrownUpgraded":34,"halation:Thesaurus":38,"Empty Cage":17,"aspiration:HiddenCompartment":40,"aspiration:RitualStick":31,"hubris:Backtick":38,"Sundial":7,"downfall:HeartBlessingBlue":26,"beaked:MendingPlumage":38,"hubris:Potato":13,"conspire:Flyswatter":9},{"halation:BlackBeret":16,"Darkstone Periapt":23,"hubris:CrystalStatue":24,"downfall:HeartBlessingRed":10,"Blue Candle":26,"champ:ChampionCrown":0,"downfall:HeartBlessingGreen":10,"champ:ChampionCrownUpgraded":19,"halation:Thesaurus":22,"Empty Cage":10,"aspiration:HiddenCompartment":23,"aspiration:RitualStick":17,"hubris:Backtick":22,"Sundial":4,"downfall:HeartBlessingBlue":14,"beaked:MendingPlumage":22,"hubris:Potato":8,"conspire:Flyswatter":5},{"halation:BlackBeret":97,"Darkstone Periapt":158,"hubris:CrystalStatue":168,"downfall:HeartBlessingRed":56,"Blue Candle":181,"champ:ChampionCrown":0,"downfall:HeartBlessingGreen":56,"champ:ChampionCrownUpgraded":128,"halation:Thesaurus":145,"Empty Cage":56,"aspiration:HiddenCompartment":158,"aspiration:RitualStick":105,"hubris:Backtick":145,"Sundial":15,"downfall:HeartBlessingBlue":83,"beaked:MendingPlumage":145,"hubris:Potato":37,"conspire:Flyswatter":19}],"aspiration:RitualStick":[0]},"card_choices":[{"not_picked":["Impatience","Purity"],"picked":"hubris:Insight","floor":0.0},{"not_picked":["champ:FocusedDefense","champ:Haymaker"],"picked":"champ:Endure","floor":2.0},{"not_picked":["champ:ArenaPreparation","champ:EnGarde"],"picked":"champ:SkillfulDodge","floor":3.0},{"not_picked":["champ:EnragedBash","champ:PerfectedStrike"],"picked":"champ:CrownThrow","floor":4.0},{"not_picked":["champ:BerserkersShout","champ:StanceDance","champ:EnragedBash"],"picked":"SKIP","floor":5.0},{"not_picked":["champ:ShieldSlam","champ:CrookedStrike"],"picked":"champ:ShieldWall","floor":9.0},{"not_picked":["champ:FlashCut","champ:GutPunch","champ:RapidStrikes"],"picked":"SKIP","floor":11.0},{"not_picked":["champ:FaceSlap","champ:PerfectedStrike"],"picked":"champ:Lariat","floor":12.0},{"not_picked":["champ:Duel","champ:FancyFootwork"],"picked":"champ:EnGarde","floor":13.0},{"not_picked":["champ:BerserkersShout","champ:EnGarde"],"picked":"champ:Backstep","floor":15.0},{"not_picked":["champ:CheapShot","champ:UltimateStance"],"picked":"champ:StrikeOfGenius","floor":16.0},{"not_picked":["champ:BladeFlurry+1","champ:FlashCut","champ:EnragedBash+1"],"picked":"SKIP","floor":19.0},{"not_picked":["champ:CrownThrow+1","champ:BladeFlurry+1","champ:BerserkersShout+1"],"picked":"SKIP","floor":20.0},{"not_picked":["champ:DefensiveShout","champ:ArenaPreparation+1","champ:FocusedBerserking+1"],"picked":"SKIP","floor":21.0},{"not_picked":["champ:CrookedStrike","champ:BladeFlurry"],"picked":"champ:Backstep+1","floor":25.0},{"not_picked":["champ:Parry","champ:RisingSlash","champ:StanceDance"],"picked":"SKIP","floor":27.0},{"not_picked":["champ:GutPunch","champ:AdrenalArmor","champ:Shatter"],"picked":"SKIP","floor":28},{"not_picked":["champ:AdrenalArmor","champ:FalseCounter"],"picked":"champ:Circumvent","floor":29},{"not_picked":["champ:SwordThrow","champ:Encircle","champ:FaceSlap"],"picked":"SKIP","floor":32},{"not_picked":["champ:ShieldThrow","champ:HeavySlash"],"picked":"champ:LastStand","floor":33},{"not_picked":["champ:GutPunch","champ:PreciseThrust","champ:PreemptiveStrike"],"picked":"SKIP","floor":36},{"not_picked":["champ:BringItOn+1","champ:GutPunch+1","champ:FocusedBerserking"],"picked":"SKIP","floor":37},{"not_picked":["champ:FanOfKnives","champ:BladeFlurry"],"picked":"champ:ShieldWall+1","floor":38},{"not_picked":["champ:PerfectedStrike+1","champ:Circumvent"],"picked":"champ:Parry+1","floor":40},{"not_picked":["champ:RecklessLeap","champ:Shatter+1"],"picked":"champ:IronFortress","floor":43},{"not_picked":["champ:GutPunch+1","champ:Backstep+1","champ:SetATrap+1"],"picked":"SKIP","floor":45},{"not_picked":["champ:Backstep","champ:Duel+1","champ:EndlessRage"],"picked":"SKIP","floor":47},{"not_picked":["champ:FlashCut","champ:SkillfulDodge"],"picked":"champ:Circumvent+1","floor":49}],"player_experience":2475199,"relics_obtained":[{"floor":7.0,"key":"Sundial"},{"floor":9.0,"key":"conspire:Flyswatter"},{"floor":13.0,"key":"hubris:Potato"},{"floor":28,"key":"halation:BlackBeret"},{"floor":40,"key":"aspiration:HiddenCompartment"},{"floor":41,"key":"Darkstone Periapt"},{"floor":43,"key":"hubris:CrystalStatue"}],"event_choices":[{"damage_healed":0.0,"max_hp_gain":0.0,"max_hp_loss":0.0,"gold_gain":0.0,"event_name":"Living Wall","player_choice":"Grow","floor":10.0,"gold_loss":0.0,"damage_taken":0.0,"cards_upgraded":["champ:Circumvent"]},{"damage_healed":0,"gold_gain":0,"player_choice":"Forge","damage_taken":0,"max_hp_gain":0,"max_hp_loss":0,"event_name":"Accursed Blacksmith","floor":39,"gold_loss":0,"cards_upgraded":["champ:EnGarde"]}],"is_beta":false,"boss_relics":[{"not_picked":["halation:ForbiddenBikini","hubris:BlackHole"],"picked":"Empty Cage"},{"not_picked":["Philosopher\u0027s Stone","Black Star"],"picked":"champ:ChampionCrownUpgraded"}],"items_purged_floors":[],"is_endless":false,"potions_floor_spawned":[2,5,13,15,16,19,25,29,36,45,47,49],"killed_by":"downfall:CharBossMerchant","ascension_level":0}}