{"host":"3a5itcmwo6ddh3id","time":1611245937,"event":{"mods":["BaseMod","Colored Map","Colored Powertips","Minty Spire (QoL Compilation)","Relic Stats"],"gold_per_floor":[360,376,44,58,58,58,93,93,120,135,159,192,204,236,248,334,346,375,387,399,427,439,451,493,525,537,549,572,603,615,19,19,90,90,103,103,116,136,36,36,0,25,25,70,96,114,114,127,127,127,127,127],"floor_reached":51,"language":"ENG","playtime":3764,"items_purged":["Strike_G+1","Decay"],"score":1495,"play_id":"18268a70-5875-424e-b0a3-0536b0f0d59b","local_time":"20210121101857","is_ascension_mode":true,"campfire_choices":[{"data":"Neutralize","floor":6.0,"key":"SMITH"},{"data":"Deadly Poison","floor":8.0,"key":"SMITH"},{"floor":13.0,"key":"REST"},{"data":"Night Terror","floor":15.0,"key":"SMITH"},{"data":"Wraith Form v2","floor":23.0,"key":"SMITH"},{"floor":27.0,"key":"REST"},{"floor":32.0,"key":"REST"},{"data":"Catalyst","floor":40.0,"key":"SMITH"},{"floor":49.0,"key":"RECALL"}],"circlet_count":0,"master_deck":["AscendersBane","Strike_G+1","Strike_G+1","Strike_G+1","Defend_G+1","Defend_G+1","Defend_G+1","Defend_G+1","Defend_G+1","Survivor+1","Neutralize+1","Deadly Poison+1","Dagger Spray","Dodge and Roll","Night Terror+1","Caltrops","Poisoned Stab","Wraith Form v2+1","Sucker Punch+1","Dodge and Roll","Dash","Catalyst+1","Blur","Footwork","Crippling Poison","Adrenaline","Good Instincts","Bouncing Flask","Catalyst","Dodge and Roll+1","Footwork+1"],"relics":["Ring of the Snake","PreservedInsect","Lee\u0027s Waffle","Bag of Preparation","War Paint","Nunchaku","MawBank","SlaversCollar","InkBottle","Art of War","Mercury Hourglass","Anchor","Medical Kit","Runic Pyramid","Red Mask","Smiling Mask","Mango","Strawberry"],"acts_visited":["Exordium","TheCity","TheBeyond"],"potions_floor_usage":[],"damage_taken":[{"damage":5.0,"enemies":"2 Louse","floor":1.0,"turns":3.0},{"damage":7.0,"enemies":"Jaw Worm","floor":2.0,"turns":5.0},{"damage":6.0,"enemies":"Cultist","floor":4.0,"turns":4.0},{"damage":13.0,"enemies":"3 Sentries","floor":7.0,"turns":9.0},{"damage":1.0,"enemies":"2 Fungi Beasts","floor":10.0,"turns":3.0},{"damage":35.0,"enemies":"Gremlin Nob","floor":12.0,"turns":5.0},{"damage":0.0,"enemies":"Blue Slaver","floor":14.0,"turns":6.0},{"damage":9.0,"enemies":"Hexaghost","floor":16.0,"turns":8.0},{"damage":20.0,"enemies":"Shell Parasite","floor":18.0,"turns":5.0},{"damage":7.0,"enemies":"3 Byrds","floor":21.0,"turns":3.0},{"damage":13.0,"enemies":"Book of Stabbing","floor":24.0,"turns":5.0},{"damage":13.0,"enemies":"Snake Plant","floor":25.0,"turns":6.0},{"damage":11.0,"enemies":"Chosen and Byrds","floor":28.0,"turns":8.0},{"damage":5.0,"enemies":"Cultist and Chosen","floor":29.0,"turns":7.0},{"damage":1.0,"enemies":"Automaton","floor":33.0,"turns":15.0},{"damage":0.0,"enemies":"3 Shapes","floor":35.0,"turns":4.0},{"damage":0.0,"enemies":"Orb Walker","floor":37.0,"turns":5.0},{"damage":4.0,"enemies":"Maw","floor":38.0,"turns":8.0},{"damage":0.0,"enemies":"Giant Head","floor":42.0,"turns":6.0},{"damage":31.0,"enemies":"2 Orb Walkers","floor":44.0,"turns":7.0},{"damage":0.0,"enemies":"Nemesis","floor":45.0,"turns":5.0},{"damage":9.0,"enemies":"3 Darklings","floor":46.0,"turns":8.0},{"damage":2.0,"enemies":"4 Shapes","floor":48.0,"turns":9.0},{"damage":12.0,"enemies":"Donu and Deca","floor":50.0,"turns":15.0},{"damage":78,"enemies":"Awakened One","floor":51,"turns":22}],"seed_played":"7335801111983949863","potions_obtained":[{"floor":2.0,"key":"LiquidBronze"},{"floor":10.0,"key":"SmokeBomb"},{"floor":14.0,"key":"Poison Potion"},{"floor":18.0,"key":"LiquidBronze"},{"floor":25.0,"key":"EssenceOfSteel"},{"floor":28.0,"key":"SteroidPotion"},{"floor":33.0,"key":"Block Potion"},{"floor":38.0,"key":"Poison Potion"},{"floor":44.0,"key":"DuplicationPotion"}],"is_trial":false,"path_per_floor":["M","M","$","M","?","R","E","R","T","M","T","E","R","M","R","B",null,"M","?","?","M","T","R","E","M","T","R","M","M","?","$","R","B",null,"M","?","M","M","$","R","?","E","T","?","E","M","?","M","R","B","B"],"character_chosen":"THE_SILENT","items_purchased":["PreservedInsect","Lee\u0027s Waffle","Footwork","Crippling Poison","Anchor","Ancient Potion","Medical Kit"],"campfire_rested":3,"item_purchase_floors":[3,3,31,31,31,31,31],"current_hp_per_floor":[54,47,67,61,54,54,41,41,41,40,40,5,25,25,25,16,54,34,34,34,27,27,27,14,1,1,21,10,5,5,5,25,24,56,56,56,56,52,52,52,52,52,52,35,42,33,72,70,70,58,0,0],"gold":127,"neow_bonus":"TWO_FIFTY_GOLD","is_daily":false,"chose_seed":false,"campfire_upgraded":5,"win_rate":0.0,"timestamp":1611245937,"path_taken":["M","M","$","M","?","R","E","R","T","M","?","E","R","M","R","BOSS","M","?","?","M","?","R","E","?","T","R","M","M","?","$","R","BOSS","M","?","M","M","$","R","?","E","T","?","E","?","?","M","R","BOSS","BOSS"],"items_purchased_type":["Relic","Relic","Card","Card","Relic","Potion","Relic"],"build_version":"2020-12-22","purchased_purges":2,"victory":false,"max_hp_per_floor":[60,60,67,67,67,67,67,67,67,67,67,67,67,67,67,67,67,67,67,67,67,67,67,67,67,67,67,67,67,67,67,67,67,67,67,67,67,67,67,67,67,67,67,81,88,88,72,72,72,72,72,72],"relic_stats":{"Lee\u0027s Waffle":20,"counters":[25,181],"PreservedInsect":278,"Bag of Preparation":[42],"War Paint":["Defend_G","Survivor"],"MawBank":228,"Medical Kit":[0],"Smiling Mask":0,"Mercury Hourglass":[458],"Nunchaku":[18],"Art of War":[46],"obtain_stats":[{"Lee\u0027s Waffle":3,"Mango":44,"PreservedInsect":3,"Bag of Preparation":7,"War Paint":9,"MawBank":12,"Medical Kit":31,"Smiling Mask":42,"Mercury Hourglass":26,"SlaversCollar":17,"Nunchaku":11,"Anchor":31,"Strawberry":45,"Art of War":24,"Red Mask":41,"InkBottle":22,"Ring of the Snake":0,"Runic Pyramid":34},{"Lee\u0027s Waffle":2,"Mango":20,"PreservedInsect":2,"Bag of Preparation":4,"War Paint":4,"MawBank":6,"Medical Kit":14,"Smiling Mask":19,"Mercury Hourglass":12,"SlaversCollar":8,"Nunchaku":5,"Anchor":14,"Strawberry":21,"Art of War":11,"Red Mask":18,"InkBottle":10,"Ring of the Snake":0,"Runic Pyramid":15},{"Lee\u0027s Waffle":8,"Mango":122,"PreservedInsect":8,"Bag of Preparation":21,"War Paint":21,"MawBank":29,"Medical Kit":77,"Smiling Mask":115,"Mercury Hourglass":62,"SlaversCollar":43,"Nunchaku":24,"Anchor":77,"Strawberry":127,"Art of War":56,"Red Mask":109,"InkBottle":51,"Ring of the Snake":0,"Runic Pyramid":92}],"InkBottle":[43],"Ring of the Snake":[50]},"card_choices":[{"not_picked":["Acrobatics","Expertise"],"picked":"Deadly Poison","floor":1.0},{"not_picked":["Cloak And Dagger","Backflip"],"picked":"Dagger Spray","floor":2.0},{"not_picked":["Tactician","Dagger Spray"],"picked":"Dodge and Roll","floor":4.0},{"not_picked":["Dagger Throw","Slice","Riddle With Holes"],"picked":"SKIP","floor":7.0},{"not_picked":["Infinite Blades","Bane"],"picked":"Night Terror","floor":10.0},{"not_picked":["Quick Slash","All Out Attack"],"picked":"Caltrops","floor":12.0},{"not_picked":["Heel Hook","Masterful Stab"],"picked":"Poisoned Stab","floor":14.0},{"not_picked":["Storm of Steel","A Thousand Cuts"],"picked":"Wraith Form v2","floor":16.0},{"not_picked":["Riddle With Holes","Deflect"],"picked":"Sucker Punch+1","floor":18.0},{"not_picked":["Quick Slash+1","Distraction"],"picked":"Dodge and Roll","floor":21.0},{"not_picked":["Cloak And Dagger","Phantasmal Killer"],"picked":"Dash","floor":24.0},{"not_picked":["Deflect","Prepared"],"picked":"Catalyst","floor":25.0},{"not_picked":["All Out Attack","Sucker Punch+1"],"picked":"Blur","floor":28.0},{"not_picked":["Dodge and Roll","Reflex","Prepared"],"picked":"SKIP","floor":29.0},{"not_picked":["Tools of the Trade","Phantasmal Killer"],"picked":"Adrenaline","floor":33.0},{"not_picked":["Escape Plan","Poisoned Stab","Dagger Throw"],"picked":"SKIP","floor":35.0},{"not_picked":["Blind","Transmutation"],"picked":"Good Instincts","floor":36.0},{"not_picked":["Prepared","Slice"],"picked":"Bouncing Flask","floor":37.0},{"not_picked":["Expertise","Bane"],"picked":"Catalyst","floor":38.0},{"not_picked":["Eviscerate","Infinite Blades+1","Calculated Gamble"],"picked":"SKIP","floor":42.0},{"not_picked":["Finisher","Outmaneuver+1"],"picked":"Dodge and Roll+1","floor":44.0},{"not_picked":["Reflex","Deadly Poison","Die Die Die"],"picked":"SKIP","floor":45.0},{"not_picked":["Setup","Slice","Flying Knee"],"picked":"SKIP","floor":46.0},{"not_picked":["Distraction","Dagger Spray"],"picked":"Footwork+1","floor":48.0}],"player_experience":1081610,"relics_obtained":[{"floor":7.0,"key":"Bag of Preparation"},{"floor":9.0,"key":"War Paint"},{"floor":11.0,"key":"Nunchaku"},{"floor":12.0,"key":"MawBank"},{"floor":22.0,"key":"InkBottle"},{"floor":24.0,"key":"Art of War"},{"floor":26.0,"key":"Mercury Hourglass"},{"floor":42.0,"key":"Smiling Mask"},{"floor":44.0,"key":"Mango"},{"floor":45.0,"key":"Strawberry"}],"event_choices":[{"cards_removed":["Strike_G"],"damage_healed":0.0,"max_hp_gain":0.0,"max_hp_loss":0.0,"gold_gain":0.0,"event_name":"Golden Wing","player_choice":"Card Removal","floor":5.0,"gold_loss":0.0,"damage_taken":7.0},{"damage_healed":0.0,"max_hp_gain":0.0,"max_hp_loss":0.0,"gold_gain":0.0,"event_name":"Back to Basics","player_choice":"Simplicity","floor":19.0,"gold_loss":0.0,"damage_taken":0.0,"cards_upgraded":["Strike_G","Strike_G","Strike_G","Strike_G","Defend_G","Defend_G","Defend_G","Defend_G"]},{"damage_healed":0.0,"max_hp_gain":0.0,"max_hp_loss":0.0,"gold_gain":0.0,"event_name":"Forgotten Altar","player_choice":"Smashed Altar","floor":20.0,"gold_loss":0.0,"damage_taken":0.0,"cards_obtained":["Decay"]},{"damage_healed":0.0,"max_hp_gain":0.0,"max_hp_loss":0.0,"gold_gain":0.0,"event_name":"Cursed Tome","player_choice":"Ignored","floor":30.0,"gold_loss":0.0,"damage_taken":0.0},{"damage_healed":0.0,"max_hp_gain":0.0,"max_hp_loss":0.0,"gold_gain":0.0,"event_name":"SensoryStone","player_choice":"Memory 1","floor":36.0,"gold_loss":0.0,"damage_taken":0.0},{"damage_healed":0.0,"max_hp_gain":0.0,"max_hp_loss":0.0,"gold_gain":0.0,"event_name":"Tomb of Lord Red Mask","player_choice":"Paid","floor":41.0,"gold_loss":36.0,"damage_taken":0.0,"relics_obtained":["Red Mask"]},{"damage_healed":0.0,"max_hp_gain":0.0,"max_hp_loss":0.0,"gold_gain":0.0,"event_name":"Mysterious Sphere","player_choice":"Fight","floor":44.0,"gold_loss":0.0,"damage_taken":0.0},{"damage_healed":72.0,"max_hp_gain":0.0,"max_hp_loss":16.0,"gold_gain":0.0,"event_name":"The Moai Head","player_choice":"Heal","floor":47.0,"gold_loss":0.0,"damage_taken":0.0}],"is_beta":false,"boss_relics":[{"not_picked":["Ectoplasm","HoveringKite"],"picked":"SlaversCollar"},{"not_picked":["Calling Bell","Pandora\u0027s Box"],"picked":"Runic Pyramid"}],"items_purged_floors":[31,39],"is_endless":false,"potions_floor_spawned":[2,10,12,14,18,25,28,33,38,42,44,46],"killed_by":"Awakened One","ascension_level":20}}