{"host":"xxlr2v4w6cr27c1l","time":1611259098,"event":{"mods":["BaseMod","Block Reminder","Colored Powertips","Minty Spire (QoL Compilation)","Rare Cards Sparkle","Relic Stats","Slay-I"],"gold_per_floor":[119,65,76,76,251,282,300,25,25,25,59,111,125,135,135,235,235,246,266,466,479,175,223,223,233,233,268,268,278,295,326,326,429,429,442,452,469,522,522,522,557,574,597,610,248,598,609,609,609,609],"floor_reached":51,"language":"ENG","playtime":4785,"items_purged":["Parasite"],"score":831,"play_id":"9db946f5-d3a6-4c73-a104-db554ac05d9d","local_time":"20210121145818","is_ascension_mode":false,"campfire_choices":[{"floor":10,"key":"REST"},{"data":"Inflame","floor":15,"key":"SMITH"},{"data":"Immolate","floor":24,"key":"SMITH"},{"floor":32,"key":"REST"},{"floor":40,"key":"REST"},{"data":"Flame Barrier","floor":49,"key":"SMITH"}],"circlet_count":0,"master_deck":["Strike_R","Strike_R","Strike_R","Strike_R","Defend_R","Defend_R","Defend_R","Defend_R","Bash","Decay","Anger","Iron Wave","Armaments+1","Pummel","Doubt","Demon Form","Anger","Inflame+1","Headbutt","Ghostly Armor+1","Immolate+1","CurseOfTheBell","Headbutt+1","Metallicize+1","Barricade+1","Dropkick","Impatience+1","Sword Boomerang","Pummel","Metallicize+1","Metallicize+1","Reaper","Impervious","Rage+1","Body Slam","Flame Barrier+1"],"relics":["Burning Blood","Incense Burner","Mango","Mercury Hourglass","Matryoshka","Meat on the Bone","Bag of Marbles","Pen Nib","Calling Bell","Boot","Frozen Egg 2","Gambling Chip","HandDrill","Red Skull","Centennial Puzzle","Bottled Flame","War Paint","NlothsMask","White Beast Statue","Black Star","Ginger","Mummified Hand","Happy Flower","ClockworkSouvenir","Juzu Bracelet","Old Coin"],"acts_visited":["Exordium","TheCity","TheBeyond"],"potions_floor_usage":[14,16,18,18,27,29,33,36,37,38,41,42,44,44,46,47,48],"damage_taken":[{"damage":2,"enemies":"Small Slimes","floor":1,"turns":4},{"damage":13,"enemies":"Jaw Worm","floor":3,"turns":5},{"damage":44,"enemies":"3 Sentries","floor":6,"turns":12},{"damage":0,"enemies":"Cultist","floor":7,"turns":4},{"damage":28,"enemies":"Lagavulin","floor":11,"turns":4},{"damage":0,"enemies":"Looter","floor":13,"turns":1},{"damage":1,"enemies":"Exordium Thugs","floor":14,"turns":4},{"damage":0,"enemies":"Slime Boss","floor":16,"turns":5},{"damage":13,"enemies":"Shell Parasite","floor":18,"turns":4},{"damage":10,"enemies":"3 Byrds","floor":19,"turns":3},{"damage":5,"enemies":"Snecko","floor":21,"turns":5},{"damage":0,"enemies":"Sentry and Sphere","floor":25,"turns":4},{"damage":33,"enemies":"Slavers","floor":27,"turns":5},{"damage":16,"enemies":"3 Cultists","floor":29,"turns":4},{"damage":6,"enemies":"Cultist and Chosen","floor":30,"turns":3},{"damage":26,"enemies":"Book of Stabbing","floor":31,"turns":7},{"damage":43,"enemies":"Champ","floor":33,"turns":9},{"damage":1,"enemies":"Orb Walker","floor":35,"turns":2},{"damage":15,"enemies":"3 Darklings","floor":36,"turns":4},{"damage":17,"enemies":"Maw","floor":37,"turns":9},{"damage":57,"enemies":"2 Orb Walkers","floor":38,"turns":6},{"damage":22,"enemies":"Reptomancer","floor":41,"turns":9},{"damage":0,"enemies":"Writhing Mass","floor":42,"turns":5},{"damage":12,"enemies":"4 Shapes","floor":44,"turns":4},{"damage":0,"enemies":"Mind Bloom Boss Battle","floor":46,"turns":3},{"damage":14,"enemies":"Spire Growth","floor":47,"turns":4},{"damage":1,"enemies":"3 Darklings","floor":48,"turns":2},{"damage":43,"enemies":"Time Eater","floor":50,"turns":11}],"seed_played":"-4816851057086753878","potions_obtained":[{"floor":7,"key":"SteroidPotion"},{"floor":11,"key":"BlessingOfTheForge"},{"floor":13,"key":"PowerPotion"},{"floor":14,"key":"CultistPotion"},{"floor":25,"key":"Explosive Potion"},{"floor":27,"key":"ColorlessPotion"},{"floor":30,"key":"Dexterity Potion"},{"floor":33,"key":"EssenceOfSteel"},{"floor":35,"key":"GamblersBrew"},{"floor":36,"key":"Block Potion"},{"floor":37,"key":"Swift Potion"},{"floor":38,"key":"SkillPotion"},{"floor":41,"key":"LiquidMemories"},{"floor":42,"key":"Fire Potion"},{"floor":44,"key":"Fire Potion"},{"floor":46,"key":"Regen Potion"},{"floor":47,"key":"SmokeBomb"}],"is_trial":false,"path_per_floor":["M","$","M","?","?","E","M","$","T","R","E","T","M","M","R","B",null,"M","M","?","M","$","T","R","M","T","E","?","M","M","E","R","B",null,"M","M","M","?","?","R","E","M","T","M","$","?","M","M","R","B",null],"character_chosen":"IRONCLAD","items_purchased":["Iron Wave","Mercury Hourglass","Inflame","HandDrill","Dropkick","Impatience","ClockworkSouvenir","Juzu Bracelet"],"campfire_rested":3,"item_purchase_floors":[2,8,8,22,22,22,45,45],"current_hp_per_floor":[80,80,73,73,73,49,55,55,55,83,61,61,67,72,72,78,94,87,83,83,84,84,84,84,90,90,63,63,65,65,57,85,60,94,94,85,83,54,54,82,76,94,94,89,89,91,91,91,91,54],"gold":609,"neow_bonus":"ONE_RARE_RELIC","is_daily":false,"chose_seed":false,"campfire_upgraded":3,"win_rate":0.0,"timestamp":1611259098,"path_taken":["M","$","M","?","?","E","M","$","T","R","E","?","?","M","R","BOSS","M","M","?","M","$","?","R","M","T","E","?","M","M","E","R","BOSS","M","M","?","?","?","R","E","M","T","M","$","?","M","M","R","BOSS"],"items_purchased_type":["Card","Relic","Card","Relic","Card","Card","Relic","Relic"],"build_version":"2020-12-22","purchased_purges":1,"victory":true,"max_hp_per_floor":[80,80,80,80,80,94,94,94,94,94,94,94,94,94,94,94,94,94,94,94,94,94,94,94,94,94,94,94,94,94,94,94,94,94,94,94,94,94,94,94,94,94,94,94,91,91,91,91,91,91],"relic_stats":{"Happy Flower":[9],"counters":[28,141],"Pen Nib":[20],"Juzu Bracelet":1,"Ginger":[11],"War Paint":["Armaments","Impatience"],"Boot":[79],"Burning Blood":138,"Mercury Hourglass":[461],"Centennial Puzzle":[42],"Mummified Hand":[18],"Gambling Chip":[14],"HandDrill":[26],"Black Star":1,"obtain_stats":[{"Mango":6,"Incense Burner":0,"Juzu Bracelet":45,"Ginger":38,"Boot":17,"Burning Blood":0,"ClockworkSouvenir":45,"Old Coin":46,"Centennial Puzzle":23,"Matryoshka":9,"Mummified Hand":41,"Gambling Chip":17,"HandDrill":22,"Red Skull":23,"Happy Flower":41,"Pen Nib":12,"Frozen Egg 2":17,"War Paint":27,"White Beast Statue":31,"Mercury Hourglass":8,"Calling Bell":17,"Bottled Flame":26,"Bag of Marbles":12,"Black Star":34,"Meat on the Bone":11,"NlothsMask":28},{"Mango":3,"Incense Burner":0,"Juzu Bracelet":24,"Ginger":21,"Boot":8,"Burning Blood":0,"ClockworkSouvenir":24,"Old Coin":25,"Centennial Puzzle":11,"Matryoshka":4,"Mummified Hand":22,"Gambling Chip":8,"HandDrill":11,"Red Skull":11,"Happy Flower":22,"Pen Nib":5,"Frozen Egg 2":8,"War Paint":13,"White Beast Statue":16,"Mercury Hourglass":4,"Calling Bell":8,"Bottled Flame":12,"Bag of Marbles":5,"Black Star":17,"Meat on the Bone":5,"NlothsMask":13},{"Mango":21,"Incense Burner":0,"Juzu Bracelet":121,"Ginger":103,"Boot":39,"Burning Blood":0,"ClockworkSouvenir":121,"Old Coin":124,"Centennial Puzzle":51,"Matryoshka":25,"Mummified Hand":112,"Gambling Chip":39,"HandDrill":51,"Red Skull":51,"Happy Flower":112,"Pen Nib":29,"Frozen Egg 2":39,"War Paint":60,"White Beast Statue":73,"Mercury Hourglass":25,"Calling Bell":39,"Bottled Flame":55,"Bag of Marbles":29,"Black Star":82,"Meat on the Bone":29,"NlothsMask":60}],"Meat on the Bone":48},"card_choices":[{"not_picked":["Hemokinesis","True Grit"],"picked":"Anger","floor":1},{"not_picked":["Sword Boomerang","Burning Pact"],"picked":"Armaments","floor":3},{"not_picked":["Fire Breathing","Iron Wave"],"picked":"Demon Form","floor":6},{"not_picked":["Twin Strike","Wild Strike"],"picked":"Anger","floor":7},{"not_picked":["Feel No Pain","Clothesline","Demon Form"],"picked":"SKIP","floor":11},{"not_picked":["Thunderclap","Twin Strike"],"picked":"Headbutt","floor":13},{"not_picked":["Armaments","Shrug It Off"],"picked":"Ghostly Armor","floor":14},{"not_picked":["Corruption","Berserk"],"picked":"Immolate","floor":16},{"not_picked":["Inflame+1","Thunderclap"],"picked":"Headbutt+1","floor":18},{"not_picked":["Iron Wave","Headbutt"],"picked":"Metallicize+1","floor":19},{"not_picked":["Havoc","Sword Boomerang"],"picked":"Barricade+1","floor":21},{"not_picked":["Sever Soul+1","Searing Blow"],"picked":"Sword Boomerang","floor":25},{"not_picked":["Second Wind+1","Reckless Charge+1"],"picked":"Pummel","floor":27},{"not_picked":["Havoc","Twin Strike","True Grit"],"picked":"SKIP","floor":29},{"not_picked":["Body Slam","Clash"],"picked":"Metallicize+1","floor":30},{"not_picked":["Anger","Juggernaut+1"],"picked":"Metallicize+1","floor":31},{"not_picked":["Juggernaut+1","Feed"],"picked":"Reaper","floor":33},{"not_picked":["Sever Soul","Thunderclap","Warcry"],"picked":"SKIP","floor":35},{"not_picked":["Searing Blow+1","Warcry+1"],"picked":"Impervious","floor":36},{"not_picked":["Reckless Charge+1","Iron Wave+1"],"picked":"Rage+1","floor":37},{"not_picked":["Reckless Charge","Iron Wave","Shrug It Off+1"],"picked":"SKIP","floor":41},{"not_picked":["Disarm","Reckless Charge+1"],"picked":"Body Slam","floor":42},{"not_picked":["Sword Boomerang","True Grit"],"picked":"Flame Barrier","floor":44},{"not_picked":["Cleave+1","Iron Wave+1","Dark Embrace+1"],"picked":"SKIP","floor":47}],"player_experience":193741,"relics_obtained":[{"floor":6,"key":"Mango"},{"floor":9,"key":"Matryoshka"},{"floor":11,"key":"Meat on the Bone"},{"floor":12,"key":"Bag of Marbles"},{"floor":12,"key":"Pen Nib"},{"floor":17,"key":"Boot"},{"floor":17,"key":"Frozen Egg 2"},{"floor":17,"key":"Gambling Chip"},{"floor":23,"key":"Red Skull"},{"floor":23,"key":"Centennial Puzzle"},{"floor":26,"key":"Bottled Flame"},{"floor":27,"key":"War Paint"},{"floor":31,"key":"White Beast Statue"},{"floor":38,"key":"Ginger"},{"floor":41,"key":"Mummified Hand"},{"floor":41,"key":"Happy Flower"},{"floor":46,"key":"Old Coin"}],"event_choices":[{"damage_healed":0,"gold_gain":0,"cards_transformed":["Strike_R"],"player_choice":"Change","damage_taken":0,"max_hp_gain":0,"max_hp_loss":0,"event_name":"Living Wall","floor":4,"gold_loss":0,"cards_obtained":["Pummel"]},{"damage_healed":0,"gold_gain":175,"player_choice":"AGREE","damage_taken":0,"max_hp_gain":0,"max_hp_loss":0,"event_name":"Liars Game","floor":5,"gold_loss":0,"cards_obtained":["Doubt"]},{"damage_healed":0,"gold_gain":250,"player_choice":"Bet on Owner","damage_taken":0,"max_hp_gain":0,"max_hp_loss":0,"event_name":"The Joust","floor":20,"gold_loss":50},{"damage_healed":0,"gold_gain":0,"player_choice":"Trade","damage_taken":0,"relics_obtained":["NlothsMask"],"max_hp_gain":0,"max_hp_loss":0,"event_name":"FaceTrader","floor":28,"gold_loss":0},{"damage_healed":0,"gold_gain":0,"player_choice":"Fight","damage_taken":0,"max_hp_gain":0,"max_hp_loss":0,"event_name":"Mysterious Sphere","floor":38,"gold_loss":0},{"damage_healed":0,"gold_gain":0,"player_choice":"Upgraded","damage_taken":0,"max_hp_gain":0,"max_hp_loss":0,"event_name":"Upgrade Shrine","floor":39,"gold_loss":0,"cards_upgraded":["Ghostly Armor"]},{"damage_healed":0,"gold_gain":0,"player_choice":"Fight","damage_taken":0,"max_hp_gain":0,"max_hp_loss":0,"event_name":"MindBloom","floor":46,"gold_loss":0}],"is_beta":false,"boss_relics":[{"not_picked":["Astrolabe","Velvet Choker"],"picked":"Calling Bell"},{"not_picked":["Empty Cage","Runic Cube"],"picked":"Black Star"}],"items_purged_floors":[45],"is_endless":false,"potions_floor_spawned":[7,11,13,14,25,27,30,33,35,36,37,38,41,42,44,46,47,48],"ascension_level":0}}