{"host":"szp1d6dso4pv7ddl","time":1611209743,"event":{"mods":["AchievementEnabler","Alarm Clock","BaseMod","Bestiary","Block Reminder","Colored Map","Colored Powertips","Curses Come First","Dark Map","Displayed Cursed Tome","Highlight Path","Minty Spire (QoL Compilation)","Permanent Neow","Quick Restart","Relic Sorter","Relic Stats","StSLib","Synergy Search"],"gold_per_floor":[109,109,126,145,164,164,14,14,63,63,28,28,45,70,70,147,147,167,167,10,10,10,10,10],"floor_reached":23,"language":"ENG","playtime":1344,"items_purged":["Strike_G","Defend_G"],"score":346,"play_id":"aae1bcf1-5571-4ef4-929e-4960cd51417b","local_time":"20210120221543","is_ascension_mode":true,"campfire_choices":[{"data":"Neutralize","floor":6,"key":"SMITH"},{"data":"Neutralize","floor":8,"key":"SMITH"},{"data":"Sucker Punch","floor":15,"key":"SMITH"}],"circlet_count":0,"master_deck":["AscendersBane","Strike_G","Strike_G","Defend_G","Defend_G","Survivor","Neutralize+1","Quick Slash","Backflip","Neutralize+1","Quick Slash","Escape Plan","Heel Hook","Dash","Sucker Punch+1","Malaise","Heel Hook","Purity","Writhe","Glass Knife","Underhanded Strike"],"relics":["Ring of the Snake","Ancient Tea Set","Snake Skull","Smiling Mask","HoveringKite","Juzu Bracelet"],"acts_visited":["Exordium","TheCity"],"potions_floor_usage":[14,23],"damage_taken":[{"damage":4,"enemies":"Small Slimes","floor":1,"turns":4},{"damage":3,"enemies":"Cultist","floor":3,"turns":4},{"damage":7,"enemies":"Jaw Worm","floor":4,"turns":4},{"damage":0,"enemies":"3 Louse","floor":5,"turns":4},{"damage":0,"enemies":"Looter","floor":13,"turns":4},{"damage":16,"enemies":"Lagavulin","floor":14,"turns":6},{"damage":24,"enemies":"The Guardian","floor":16,"turns":18},{"damage":13,"enemies":"Spheric Guardian","floor":18,"turns":8},{"damage":42,"enemies":"Gremlin Leader","floor":23,"turns":6}],"seed_played":"3675288147606220141","potions_obtained":[{"floor":3,"key":"GamblersBrew"},{"floor":4,"key":"Fire Potion"},{"floor":18,"key":"LiquidBronze"}],"is_trial":false,"path_per_floor":["M","?","M","M","M","R","$","R","T","?","?","?","M","E","R","B",null,"M","?","$","?","?","E"],"character_chosen":"THE_SILENT","items_purchased":["Heel Hook","Purity"],"campfire_rested":0,"item_purchase_floors":[7,20],"current_hp_per_floor":[55,55,52,45,45,45,45,45,45,45,61,54,54,38,38,14,53,40,40,40,40,40,0,0],"gold":10,"neow_bonus":"RANDOM_COMMON_RELIC","is_daily":false,"chose_seed":false,"campfire_upgraded":3,"win_rate":0.0,"timestamp":1611209743,"path_taken":["M","?","?","M","M","R","$","R","T","?","?","?","M","E","R","BOSS","M","?","$","?","?","E"],"items_purchased_type":["Card","Card"],"build_version":"2020-12-22","purchased_purges":2,"victory":false,"max_hp_per_floor":[66,66,66,66,66,66,66,66,66,66,66,66,66,66,66,66,66,66,66,66,66,66,66,66],"relic_stats":{"counters":[9,58],"HoveringKite":[4],"Snake Skull":[0],"Juzu Bracelet":0,"Smiling Mask":50,"obtain_stats":[{"HoveringKite":17,"Snake Skull":9,"Juzu Bracelet":21,"Ancient Tea Set":0,"Smiling Mask":14,"Ring of the Snake":0},{"HoveringKite":7,"Snake Skull":4,"Juzu Bracelet":8,"Ancient Tea Set":0,"Smiling Mask":6,"Ring of the Snake":0},{"HoveringKite":44,"Snake Skull":16,"Juzu Bracelet":52,"Ancient Tea Set":0,"Smiling Mask":26,"Ring of the Snake":0}],"Ring of the Snake":[18]},"card_choices":[{"not_picked":["Sucker Punch","Acrobatics"],"picked":"Quick Slash","floor":1},{"not_picked":["Riddle With Holes","Underhanded Strike"],"picked":"Quick Slash","floor":3},{"not_picked":["Backflip","Catalyst"],"picked":"Escape Plan","floor":4},{"not_picked":["Dodge and Roll","PiercingWail","Sucker Punch"],"picked":"SKIP","floor":5},{"not_picked":["Die Die Die","Blade Dance"],"picked":"Dash","floor":13},{"not_picked":["Tactician","Slice"],"picked":"Sucker Punch","floor":14},{"not_picked":["Unload","Glass Knife"],"picked":"Malaise","floor":16},{"not_picked":["Setup","Backflip"],"picked":"Heel Hook","floor":18}],"player_experience":1253805,"relics_obtained":[{"floor":9,"key":"Snake Skull"},{"floor":14,"key":"Smiling Mask"}],"event_choices":[{"damage_healed":0,"gold_gain":0,"player_choice":"2 cards matched","damage_taken":0,"max_hp_gain":0,"max_hp_loss":0,"event_name":"Match and Keep!","floor":2,"gold_loss":0,"cards_obtained":["Backflip","Neutralize"]},{"cards_removed":["Strike_G"],"damage_healed":0,"gold_gain":0,"player_choice":"Forget","damage_taken":0,"max_hp_gain":0,"max_hp_loss":0,"event_name":"Living Wall","floor":10,"gold_loss":0},{"damage_healed":16,"gold_gain":0,"player_choice":"Healed","damage_taken":0,"max_hp_gain":0,"max_hp_loss":0,"event_name":"The Cleric","floor":11,"gold_loss":35},{"cards_removed":["Strike_G"],"damage_healed":0,"gold_gain":0,"player_choice":"Card Removal","damage_taken":7,"max_hp_gain":0,"max_hp_loss":0,"event_name":"Golden Wing","floor":12,"gold_loss":0},{"damage_healed":0,"gold_gain":0,"player_choice":"Ignored","damage_taken":0,"max_hp_gain":0,"max_hp_loss":0,"event_name":"Ghosts","floor":19,"gold_loss":0},{"damage_healed":0,"gold_gain":0,"player_choice":"Opened","damage_taken":0,"relics_obtained":["Juzu Bracelet"],"max_hp_gain":0,"max_hp_loss":0,"event_name":"The Mausoleum","floor":21,"gold_loss":0,"cards_obtained":["Writhe"]},{"damage_healed":0,"gold_gain":0,"cards_transformed":["Defend_G","Defend_G"],"player_choice":"Became Test Subject","damage_taken":0,"max_hp_gain":0,"max_hp_loss":0,"event_name":"Drug Dealer","floor":22,"gold_loss":0,"cards_obtained":["Glass Knife","Underhanded Strike"]}],"is_beta":false,"boss_relics":[{"not_picked":["Runic Dome","Velvet Choker"],"picked":"HoveringKite"}],"items_purged_floors":[7,20],"is_endless":false,"potions_floor_spawned":[3,4,18],"killed_by":"Gremlin Leader","ascension_level":17}}