{"host":"8rwquwrlbfkmmuup","time":1611238334,"event":{"mods":["BaseMod","Halation","Infinite Spire","Minty Spire (QoL Compilation)","Replay The Spire","Robot Space Explorer","Shop Mod","StSLib","The Marked"],"gold_per_floor":[118,68,28,28,38,72,72,84,84,84,96,96,111,127,127,224,224,236,250,66,66,66,98,113,142,210,223,223,323,323,92,92,202,202,232,258,0,0,25,25,60,75,150,179,204,70,108,108,108,108,108],"floor_reached":50,"language":"ENG","playtime":3302,"items_purged":["theMarked:Strike","theMarked:Strike","theMarked:Strike","ReplayTheSpireMod:Doomed"],"score":763,"play_id":"7b3e9d24-821d-41a8-a87a-3695ed488b8b","local_time":"20210121061214","is_ascension_mode":false,"campfire_choices":[{"floor":7.0,"key":"RECALL"},{"floor":10.0,"key":"REST"},{"data":"infinitespire:Collect","floor":15.0,"key":"SMITH"},{"floor":32.0,"key":"REST"},{"floor":40.0,"key":"REST"},{"floor":49.0,"key":"REST"}],"circlet_count":0,"master_deck":["theMarked:SoldierOfQuellstein","theMarked:Aftermath","theMarked:BanishingWave","infinitespire:Collect+1","theMarked:Seal","theMarked:Generate","theMarked:TwofoldDefense","theMarked:EmpowerWeapon+1","ReplayTheSpireMod:??????????????????????+1","theMarked:WardOff+1","theMarked:TurnInvisible","Parasite","theMarked:Reabsorb","theMarked:SwordAndMagic+1","Madness","Madness","theMarked:SwordAndMagic+1","theMarked:Aftermath+1","theMarked:WardOff","theMarked:MysticalArsenal+1"],"relics":["Busted Crown","Ornamental Fan","infinitespire:PuzzleCube","Fusion Hammer","MerchantsRug","halation:PinkSoulGem","Pet Ghost","ReplayTheSpireMod:Ninjato","Du-Vu Doll","Ginger","infinitespire:FocusingShard","Pen Nib","infinitespire:EvilPickle","Kintsugi","Red Mask","Orichalcum","Replay:Bottled Eggs","Counterbalance","halation:PromiseList"],"acts_visited":["Exordium","TheCity","TheBeyond"],"potions_floor_usage":[50],"damage_taken":[{"damage":1.0,"enemies":"Jaw Worm","floor":1.0,"turns":3.0},{"damage":0.0,"enemies":"2 Louse","floor":5.0,"turns":1.0},{"damage":9.0,"enemies":"3 Sentries","floor":6.0,"turns":4.0},{"damage":0.0,"enemies":"Cultist","floor":8.0,"turns":2.0},{"damage":0.0,"enemies":"2 Fungi Beasts","floor":11.0,"turns":2.0},{"damage":1.0,"enemies":"Large Slime","floor":13.0,"turns":6.0},{"damage":3.0,"enemies":"Exordium Thugs","floor":14.0,"turns":5.0},{"damage":57.0,"enemies":"Fading Forest","floor":16.0,"turns":11.0},{"damage":3.0,"enemies":"3 Byrds","floor":18.0,"turns":3.0},{"damage":0.0,"enemies":"Chosen","floor":19.0,"turns":3.0},{"damage":20.0,"enemies":"Nightmare","floor":23.0,"turns":9.0},{"damage":7.0,"enemies":"Snecko","floor":24.0,"turns":4.0},{"damage":17.0,"enemies":"Book of Stabbing","floor":25.0,"turns":4.0},{"damage":5.0,"enemies":"Cultist and Chosen","floor":27.0,"turns":3.0},{"damage":0.0,"enemies":"Colosseum Slavers","floor":29.0,"turns":3.0},{"damage":0.0,"enemies":"Colosseum Nobs","floor":29.0,"turns":3.0},{"damage":3.0,"enemies":"Pondfish","floor":33.0,"turns":6.0},{"damage":0.0,"enemies":"3 Darklings","floor":35.0,"turns":2.0},{"damage":3.0,"enemies":"3 Shapes","floor":36.0,"turns":2.0},{"damage":0.0,"enemies":"Giant Head","floor":41.0,"turns":3.0},{"damage":0.0,"enemies":"Sphere and 2 Shapes","floor":42.0,"turns":2.0},{"damage":0.0,"enemies":"Spire Growth","floor":44.0,"turns":2.0},{"damage":5.0,"enemies":"R_Hoarder","floor":47.0,"turns":4.0},{"damage":65,"enemies":"Time Eater","floor":50,"turns":6}],"seed_played":"5798666287969628792","potions_obtained":[{"floor":6.0,"key":"Explosive Potion"},{"floor":8.0,"key":"SkillPotion"},{"floor":16.0,"key":"SneckoOil"},{"floor":19.0,"key":"ColorlessPotion"},{"floor":24.0,"key":"FearPotion"},{"floor":29.0,"key":"Reflective Coating"},{"floor":33.0,"key":"Milkshake"},{"floor":41.0,"key":"AttackPotion"},{"floor":42.0,"key":"DistilledChaos"},{"floor":44.0,"key":"theMarked:SummonPotion"}],"is_trial":false,"path_per_floor":["M","?","$","?","M","E","R","M","T","R","M","?","M","M","R","B",null,"M","M","$","?","?","NM","M","E","T","M","AVR","?","?","$","R","B",null,"M","M","?","?","$","R","E","M","T","M","?","$","E","?","R","B"],"character_chosen":"THE_DEFAULT","items_purchased":["theMarked:BanishingWave","MerchantsRug","Pen Nib","theMarked:WardOff"],"campfire_rested":4,"item_purchase_floors":[3,20,31,46],"current_hp_per_floor":[69,69,69,52,52,43,43,43,43,64,64,64,63,60,60,32,70,67,67,67,67,67,47,40,23,23,18,18,18,5,5,27,24,75,75,72,72,63,63,75,75,75,75,75,45,45,40,40,62,0,0],"gold":108,"neow_bonus":"BOSS_RELIC","is_daily":false,"chose_seed":false,"campfire_upgraded":1,"win_rate":0.0,"timestamp":1611238334,"path_taken":["M","?","$","?","?","E","R","M","T","R","M","?","?","M","R","BOSS","M","M","$","?","?","NM","?","E","T","M","AVR","?","?","?","R","BOSS","M","M","?","?","?","R","E","M","T","?","?","$","E","?","R","BOSS"],"items_purchased_type":["Card","Relic","Relic","Card"],"build_version":"2020-12-22","purchased_purges":4,"victory":false,"max_hp_per_floor":[70,70,70,70,70,70,70,70,70,70,70,70,70,70,70,70,70,70,70,70,70,70,70,70,70,70,70,70,70,75,75,75,75,75,75,75,75,75,75,75,75,75,75,75,75,75,75,75,75,75,75],"card_choices":[{"not_picked":[],"picked":"theMarked:Aftermath","floor":1.0},{"not_picked":["ReplayTheSpireMod:Haul","infinitespire:FinalStrike"],"picked":"infinitespire:Collect","floor":4.0},{"not_picked":["theMarked:KeepCalmAndFightOn"],"picked":"SKIP","floor":5.0},{"not_picked":["theMarked:KeepCalmAndFightOn"],"picked":"SKIP","floor":5.0},{"not_picked":["theMarked:TakeCover"],"picked":"SKIP","floor":6.0},{"not_picked":["theMarked:PowerFlow"],"picked":"SKIP","floor":8.0},{"not_picked":[],"picked":"theMarked:Aftermath","floor":11.0},{"not_picked":[],"picked":"theMarked:Seal","floor":13.0},{"not_picked":["theMarked:TakeCover"],"picked":"SKIP","floor":14.0},{"not_picked":[],"picked":"theMarked:Generate","floor":18.0},{"not_picked":[],"picked":"theMarked:TwofoldDefense","floor":19.0},{"not_picked":[],"picked":"theMarked:EmpowerWeapon+1","floor":23.0},{"not_picked":["theMarked:Static+1"],"picked":"SKIP","floor":24.0},{"not_picked":["theMarked:Generate"],"picked":"SKIP","floor":25.0},{"not_picked":["theMarked:PowerFlow+1"],"picked":"SKIP","floor":27.0},{"not_picked":[],"picked":"theMarked:WardOff+1","floor":29.0},{"not_picked":[],"picked":"theMarked:TurnInvisible","floor":33.0},{"not_picked":[],"picked":"theMarked:Reabsorb","floor":35.0},{"not_picked":[],"picked":"theMarked:SwordAndMagic+1","floor":36.0},{"not_picked":["theMarked:Parkour+1"],"picked":"SKIP","floor":41.0},{"not_picked":[],"picked":"theMarked:SwordAndMagic+1","floor":42.0},{"not_picked":[],"picked":"theMarked:Opportunist","floor":44.0},{"not_picked":[],"picked":"theMarked:Aftermath+1","floor":45.0},{"not_picked":[],"picked":"theMarked:MysticalArsenal+1","floor":47.0}],"player_experience":70524,"relics_obtained":[{"floor":6.0,"key":"Ornamental Fan"},{"floor":9.0,"key":"infinitespire:PuzzleCube"},{"floor":23.0,"key":"ReplayTheSpireMod:Ninjato"},{"floor":25.0,"key":"Du-Vu Doll"},{"floor":29.0,"key":"Ginger"},{"floor":29.0,"key":"infinitespire:FocusingShard"},{"floor":41.0,"key":"Orichalcum"},{"floor":43.0,"key":"Replay:Bottled Eggs"},{"floor":45.0,"key":"Counterbalance"},{"floor":47.0,"key":"halation:PromiseList"}],"event_choices":[{"cards_removed":["theMarked:Defend"],"damage_healed":0.0,"max_hp_gain":0.0,"max_hp_loss":0.0,"gold_gain":0.0,"event_name":"The Cleric","player_choice":"Card Removal","floor":2.0,"gold_loss":50.0,"damage_taken":0.0},{"cards_removed":["theMarked:Strike"],"damage_healed":0.0,"max_hp_gain":0.0,"max_hp_loss":0.0,"gold_gain":0.0,"event_name":"Bonfire Elementals","player_choice":"Offered Basic","floor":12.0,"gold_loss":0.0,"damage_taken":0.0},{"damage_healed":0.0,"max_hp_gain":0.0,"max_hp_loss":0.0,"gold_gain":0.0,"event_name":"Colosseum","player_choice":"Fight","floor":29.0,"gold_loss":0.0,"damage_taken":0.0},{"damage_healed":0.0,"max_hp_gain":0.0,"max_hp_loss":0.0,"gold_gain":0.0,"event_name":"Colosseum","player_choice":"Fought Nobs","floor":29.0,"gold_loss":0.0,"damage_taken":0.0},{"damage_healed":0.0,"max_hp_gain":5.0,"max_hp_loss":0.0,"gold_gain":0.0,"event_name":"Forgotten Altar","player_choice":"Shed Blood","floor":30.0,"gold_loss":0.0,"damage_taken":18.0},{"damage_healed":0.0,"max_hp_gain":0.0,"max_hp_loss":0.0,"gold_gain":0.0,"event_name":"Tomb of Lord Red Mask","player_choice":"Paid","floor":37.0,"gold_loss":258.0,"damage_taken":0.0,"relics_obtained":["Red Mask"]},{"damage_healed":0.0,"max_hp_gain":0.0,"max_hp_loss":0.0,"gold_gain":0.0,"event_name":"Winding Halls","player_choice":"Embrace Madness","floor":38.0,"gold_loss":0.0,"damage_taken":9.0,"cards_obtained":["Madness","Madness"]},{"cards_removed":["theMarked:Opportunist"],"damage_healed":0.0,"max_hp_gain":0.0,"max_hp_loss":0.0,"gold_gain":0.0,"event_name":"Falling","player_choice":"Removed Power","floor":48.0,"gold_loss":0.0,"damage_taken":0.0}],"is_beta":false,"boss_relics":[{"not_picked":["halation:HeavySnake","halation:CatFaceCupcake"],"picked":"Fusion Hammer"},{"not_picked":["Ring of Chaos","Replay:Drink Me"],"picked":"Kintsugi"}],"items_purged_floors":[20,28,31,46],"is_endless":true,"potions_floor_spawned":[6,8,16,19,24,29,29,33,41,42,44],"killed_by":"Time Eater","ascension_level":0}}