{"host":"gqhy17d1xpb1p3ki","time":1611246596,"event":{"mods":["2.2 Compatiblity","AchievementEnabler","BaseMod","Bestiary","Colored Map","Colored Powertips","Curses Come First","Custom Start","Downfall","Duelist Mod","Hermit","Marisa????????","Minty Spire (QoL Compilation)","Rare Cards Sparkle","Shop Mod","StSLib","The Animator","The Bug Knight","The Cursed","The Disciple","The Hierophant","The Necromancer","The Runesmith","The Servant 0.9.4","Yuri Mod"],"gold_per_floor":[99,110,127,127,127,36,36,46,46,60,92,92,106,126,145,145,145],"floor_reached":16,"language":"ENG","playtime":1500,"items_purged":["Pain"],"score":104,"play_id":"f82bbe6f-92d4-4024-ba9a-2c6be3ac83be","local_time":"20210121112956","is_ascension_mode":false,"campfire_choices":[{"data":"HollowMod:FocusHealStart","floor":1,"key":"SMITH"},{"data":"HollowMod:MantisMark","floor":9,"key":"SMITH"},{"data":"HollowMod:MawleksShell","floor":12,"key":"SMITH"}],"circlet_count":0,"master_deck":["HollowMod:NailStrikeStart","HollowMod:NailStrikeStart","HollowMod:NailStrikeStart","HollowMod:NailStrikeStart","HollowMod:QuickDashStart","HollowMod:QuickDashStart","HollowMod:QuickDashStart","HollowMod:QuickDashStart","HollowMod:FocusHealStart+1","HollowMod:PogoStrike","Injury","Panache","HollowMod:TaintedHusks","HollowMod:MawleksShell+1","HollowMod:CloakDash","HollowMod:GoodIntentions","HollowMod:MantisMark+1","HollowMod:DashSlash","HollowMod:CornifersMapStart","HollowMod:SlysStrikes","HollowMod:RecoilStrike","HollowMod:CloakDash"],"relics":["HollowMod:VesselMask","Smiling Mask","WarpedTongs","White Beast Statue","Bird Faced Urn"],"acts_visited":["Exordium"],"potions_floor_usage":[16],"damage_taken":[{"damage":2,"enemies":"Small Slimes","floor":2,"turns":4},{"damage":2,"enemies":"Cultist","floor":3,"turns":3},{"damage":3,"enemies":"downfall:FleeingMerchant","floor":6,"turns":4},{"damage":1,"enemies":"Jaw Worm","floor":8,"turns":4},{"damage":16,"enemies":"Large Slime","floor":10,"turns":7},{"damage":27,"enemies":"3 Sentries","floor":11,"turns":11},{"damage":12,"enemies":"HollowMod:HuskWarrior","floor":13,"turns":6},{"damage":0,"enemies":"2 Fungi Beasts","floor":14,"turns":4},{"damage":39,"enemies":"Gremlin Gang","floor":15,"turns":4},{"damage":57,"enemies":"WA_ARCHETYPE_RETAIN","floor":16,"turns":10}],"seed_played":"-3952943286508419999","potions_obtained":[{"floor":8,"key":"Dexterity Potion"},{"floor":10,"key":"Weak Potion"},{"floor":11,"key":"Block Potion"}],"is_trial":false,"path_per_floor":["R","M","M","?","?","$","T","M","R","M","E","R","M","M","M","B"],"character_chosen":"THE_BUGKNIGHT","items_purchased":["HollowMod:GoodIntentions"],"campfire_rested":0,"item_purchase_floors":[6],"current_hp_per_floor":[75,73,71,64,64,71,71,75,75,69,54,54,54,62,33,0,0],"gold":145,"neow_bonus":"RANDOM_COLORLESS_2","is_daily":false,"chose_seed":false,"campfire_upgraded":3,"win_rate":0.0,"timestamp":1611246596,"path_taken":["R","M","M","?","?","$","T","M","R","M","E","R","M","M","M","BOSS"],"items_purchased_type":["Card"],"build_version":"2020-12-22","purchased_purges":1,"victory":false,"max_hp_per_floor":[75,75,75,75,75,75,75,75,75,75,75,75,75,75,75,75,75],"card_choices":[{"not_picked":["theDuelist:OrbMetronome","Violence"],"picked":"Panache","floor":0},{"not_picked":["HollowMod:RecoilStrike","HollowMod:WraithStrike"],"picked":"HollowMod:TaintedHusks","floor":2},{"not_picked":["HollowMod:InfectedCysts","HollowMod:TaintedHusks"],"picked":"HollowMod:MawleksShell","floor":3},{"not_picked":["HollowMod:VengefulVoid","HollowMod:TaintedHusks"],"picked":"HollowMod:CloakDash","floor":6},{"not_picked":["HollowMod:SoulSplash","HollowMod:DesolateDive"],"picked":"HollowMod:MantisMark","floor":8},{"not_picked":["HollowMod:DescendingDark","HollowMod:DungDefenderAura"],"picked":"HollowMod:DashSlash","floor":10},{"not_picked":["HollowMod:NewLittleFool","HollowMod:SoulMaster"],"picked":"HollowMod:CornifersMapStart","floor":11},{"not_picked":["HollowMod:DashSlash","HollowMod:VengefulVoid"],"picked":"HollowMod:SlysStrikes","floor":13},{"not_picked":["HollowMod:TaintedHusks","HollowMod:VengefulSpirit"],"picked":"HollowMod:RecoilStrike","floor":14},{"not_picked":["HollowMod:TaintedHusks","HollowMod:CycloneSlash"],"picked":"HollowMod:CloakDash","floor":15}],"player_experience":419833,"relics_obtained":[{"floor":7,"key":"White Beast Statue"},{"floor":11,"key":"Bird Faced Urn"}],"event_choices":[{"damage_healed":0,"gold_gain":0,"player_choice":"Success","damage_taken":7,"relics_obtained":["Smiling Mask"],"max_hp_gain":0,"max_hp_loss":0,"event_name":"Scrap Ooze","floor":4,"gold_loss":0},{"damage_healed":0,"gold_gain":0,"player_choice":"Rummage","damage_taken":0,"relics_obtained":["WarpedTongs"],"max_hp_gain":0,"max_hp_loss":0,"event_name":"Accursed Blacksmith","floor":5,"gold_loss":0,"cards_obtained":["Pain"]}],"is_beta":false,"boss_relics":[],"items_purged_floors":[6],"is_endless":false,"potions_floor_spawned":[8,10,11,13,14,15],"killed_by":"WA_ARCHETYPE_RETAIN","ascension_level":0}}