{"host":"3498uni0c31c9bdm","time":1611205538,"event":{"mods":["BaseMod","Better Third Choice","Minty Spire (QoL Compilation)","Replay The Spire","StSLib"],"gold_per_floor":[110,123,123,135,66,66,101,101,170,189,202,234,442,468,468,581,581,611,641,668,193,227,227,276,298,298,63,63,63,79,85,85],"floor_reached":31,"language":"ENG","playtime":1601,"items_purged":[],"score":375,"play_id":"96c2ab17-89a7-4d0c-a24a-b5ad8808a975","local_time":"20210121160538","is_ascension_mode":true,"campfire_choices":[{"floor":6,"key":"RECALL"},{"floor":8,"key":"REST"},{"floor":15,"key":"REST"},{"floor":23,"key":"REST"}],"circlet_count":0,"master_deck":["Strike_P","Strike_P","Strike_P","Strike_P","Defend_P+1","Defend_P","Defend_P","Defend_P","Eruption","Vigilance","BowlingBash","Wallop","EmptyFist","Pot Of Greed","Pot Of Greed","Perseverance","CrushJoints+1","LikeWater","Prostrate","ReplayTheSpireMod:Splinters","WindmillStrike","Wireheading","LessonLearned+1","LikeWater","DeceiveReality","ClearTheMind+1","Pot Of Greed","Ragnarok","MentalFortress","Crow Ritual","Replay:Parry","ReplayTheSpireMod:Private Reserves","Prostrate+1","SignatureMove","Evaluate","Shame","EmptyBody"],"relics":["PureWater","Centennial Puzzle","Replay:Rubber Ducky","Grinning Jar","Letter Opener","Replay:Bandana","ChewingGum","Oddly Smooth Stone","ReplayTheSpireMod:ShopPack","Question Card","Snack Pack","Toolbox","Replay:WaspNest","Replay:Bottled Steam"],"acts_visited":["Exordium","TheCity"],"potions_floor_usage":[12,16,22,22,24,30],"damage_taken":[{"damage":2,"enemies":"2 Louse","floor":1,"turns":2},{"damage":7,"enemies":"Small Slimes","floor":2,"turns":3},{"damage":0,"enemies":"Cultist","floor":4,"turns":3},{"damage":16,"enemies":"Gremlin Nob","floor":7,"turns":3},{"damage":0,"enemies":"Blue Slaver","floor":10,"turns":4},{"damage":3,"enemies":"2 Fungi Beasts","floor":11,"turns":3},{"damage":4,"enemies":"3 Sentries","floor":12,"turns":5},{"damage":8,"enemies":"Gremlin Gang","floor":14,"turns":5},{"damage":27,"enemies":"The Guardian","floor":16,"turns":9},{"damage":7,"enemies":"Chosen","floor":18,"turns":6},{"damage":6,"enemies":"3 Byrds","floor":19,"turns":6},{"damage":16,"enemies":"3 Cultists","floor":20,"turns":6},{"damage":17,"enemies":"Centurion and Healer","floor":22,"turns":5},{"damage":16,"enemies":"Slavers","floor":24,"turns":5},{"damage":14,"enemies":"Snake Plant","floor":25,"turns":4},{"damage":7,"enemies":"Snecko","floor":30,"turns":6},{"damage":4,"enemies":"3 Cultists","floor":31,"turns":2}],"seed_played":"-1805873646190129054","potions_obtained":[{"floor":1,"key":"Weak Potion"},{"floor":2,"key":"Cursed Concoction"},{"floor":11,"key":"AttackPotion"},{"floor":19,"key":"SpeedPotion"},{"floor":20,"key":"EssenceOfSteel"}],"is_trial":false,"path_per_floor":["M","M","?","M","?","R","E","R","T","M","M","E","?","M","R","B",null,"M","M","M","$","M","R","E","M","T","$","T","?","M","M"],"character_chosen":"WATCHER","items_purchased":["Oddly Smooth Stone","ReplayTheSpireMod:ShopPack","Ragnarok","MentalFortress","Toolbox","LiquidMemories"],"campfire_rested":3,"item_purchase_floors":[21,21,21,21,27,27],"current_hp_per_floor":[63,56,56,56,56,56,40,61,61,61,58,54,54,46,67,40,64,57,51,35,35,18,39,23,9,9,9,9,9,4,0,0],"gold":85,"neow_bonus":"RANDOM_COMMON_RELIC","is_daily":false,"chose_seed":false,"campfire_upgraded":0,"win_rate":0.0,"timestamp":1611205538,"path_taken":["M","M","?","M","?","R","E","R","T","M","?","E","?","M","R","BOSS","M","?","M","$","M","R","E","M","T","$","?","?","M","M"],"items_purchased_type":["Relic","Relic","Card","Card","Relic","Potion"],"build_version":"2020-12-22","purchased_purges":0,"victory":false,"max_hp_per_floor":[72,72,72,72,72,72,72,72,72,72,72,72,72,72,72,72,72,72,72,72,72,72,72,72,72,72,72,72,72,72,72,72],"card_choices":[{"not_picked":["EmptyMind","FlyingSleeves"],"picked":"BowlingBash","floor":1},{"not_picked":["SashWhip","Replay:Cycle"],"picked":"Wallop","floor":2},{"not_picked":["Replay:AtTheReady","FearNoEvil"],"picked":"EmptyFist","floor":4},{"not_picked":["Weave","Protect"],"picked":"Perseverance","floor":7},{"not_picked":["ThirdEye","Replay:BluntJabs"],"picked":"CrushJoints","floor":10},{"not_picked":["ClearTheMind","CrushJoints"],"picked":"LikeWater","floor":11},{"not_picked":["Consecrate","ThirdEye"],"picked":"Prostrate","floor":12},{"not_picked":["FlyingSleeves","ClearTheMind"],"picked":"WindmillStrike","floor":13},{"not_picked":["CrushJoints","Weave"],"picked":"Wireheading","floor":14},{"not_picked":["Devotion","Replay:AllIn"],"picked":"LessonLearned","floor":16},{"not_picked":["Evaluate","EmptyMind"],"picked":"LikeWater","floor":18},{"not_picked":["Replay:BluntJabs","Consecrate+1"],"picked":"DeceiveReality","floor":19},{"not_picked":["Wireheading","SignatureMove"],"picked":"ClearTheMind+1","floor":20},{"not_picked":["Mayhem","Secret Weapon"],"picked":"Crow Ritual","floor":21},{"not_picked":["Enlightenment","Deep Breath"],"picked":"Replay:Parry","floor":21},{"not_picked":["Replay:Sssssssssshield","Survey Options"],"picked":"ReplayTheSpireMod:Private Reserves","floor":21},{"not_picked":["Vengeance","Consecrate"],"picked":"Prostrate+1","floor":22},{"not_picked":["Meditate","Replay:BluntJabs"],"picked":"SignatureMove","floor":24},{"not_picked":["BowlingBash","Replay:Vibes","ClearTheMind+1"],"picked":"Evaluate","floor":25},{"not_picked":["Nirvana","ThirdEye+1","Halt"],"picked":"EmptyBody","floor":30}],"player_experience":723705,"relics_obtained":[{"floor":7,"key":"Grinning Jar"},{"floor":9,"key":"Letter Opener"},{"floor":12,"key":"Replay:Bandana"},{"floor":24,"key":"Question Card"},{"floor":26,"key":"Snack Pack"},{"floor":28,"key":"Replay:WaspNest"}],"event_choices":[{"damage_healed":0,"gold_gain":0,"player_choice":"Paid Gold","damage_taken":0,"relics_obtained":["Replay:Rubber Ducky"],"max_hp_gain":0,"max_hp_loss":0,"event_name":"WeMeetAgain","floor":5,"gold_loss":69},{"damage_healed":0,"gold_gain":0,"player_choice":"Stole Relic","damage_taken":0,"relics_obtained":["Replay:Bottled Steam"],"max_hp_gain":0,"max_hp_loss":0,"event_name":"Addict","floor":29,"gold_loss":0,"cards_obtained":["Shame"]}],"is_beta":false,"boss_relics":[{"not_picked":["VioletLotus","Astrolabe"],"picked":"ChewingGum"}],"items_purged_floors":[],"is_endless":false,"potions_floor_spawned":[1,2,11,19,20],"killed_by":"3 Cultists","ascension_level":6}}