{"host":"465m78bh87h7wxsp","time":1611236724,"event":{"mods":["ATMod(阿瑾Mod)","Act Like it!","Alarm Clock","Aspiration","BaseMod","Better Debug","CapriCore","Decade(王小明)","Gensokyo","GungeonMod","Hallownest","Hermit","HololiveMod","Infinite Spire","Jorbs\u0027s Wanderer Trilogy","KinomotoSakuraMod(木之本樱)","Koishi","KomeijiMod","Lobotomy","LobotomyExtend","Marisa（F雨　魔理沙）","Minty Spire (QoL Compilation)","MostiFishMod","Red Circlet Mod","Reimu（博丽灵梦）","Replay The Spire","RumiaBox-露米娅的神秘盒子","Ryuuou龙王","SOS（斯巴达之子）","Shop Mod","Spicy Shops","StSLib","TestMod","The Administrix","The Animator","The Bug Knight","The Cursed","The Hierophant","The Immortal","The Senshi","The Servant 0.9.4","Uncapped","Waifu the Spire","WarShipGirlsR/战舰少女R mod","Yakumo Yukari mod","Youmu（魂魄妖梦）","Yuyuko","[IsaacMod]以撒尖塔","noobMod","vexMod","【功能Mod】混沌之环修复补丁","【功能Mod】聪明的最终Boss","【遗物卡牌】REMEMod"],"gold_per_floor":[119,4,4,19,29,29,58,71,96,96,96,96,71,90,90,195,195,206,206,128,147,166,195,208,208,208,208,208,208,223,237,237,351,351,393,393,212,202,202,202,248,248,272,304,337,371,371,413,413,413,413,413,413,111,145,145],"floor_reached":57,"language":"ZHS","playtime":1512,"items_purged":[],"score":1819,"play_id":"b3540391-7586-438a-8eee-c5abc9571c12","local_time":"20210121214524","is_ascension_mode":true,"campfire_choices":[{"floor":6,"key":"RECALL"},{"data":"AT_IchimonjiDouble","floor":10,"key":"SMITH"},{"floor":15,"key":"DIG"},{"data":"rmod:openingtorpedo","floor":25,"key":"SMITH"},{"data":"rmod:acesubmarine","floor":28,"key":"SMITH"},{"data":"rmod:windflower","floor":32,"key":"SMITH"},{"data":"Skim","floor":40,"key":"SMITH"},{"data":"rmod:wife","floor":42,"key":"SMITH"},{"data":"MostiFishMod:DeathFromBelow","floor":49,"key":"SMITH"},{"data":"rmod:circuitoustactics","floor":53,"key":"SMITH"}],"circlet_count":0,"master_deck":["rmod:strick","rmod:strick","rmod:strick","rmod:strick","rmod:defend","rmod:defend","rmod:defend","rmod:defend","rmod:basicallowance","rmod:maingunfire","AT_IchimonjiDouble+1","OSAHOGD","rmod:firesupport","rmod:launchingtorpedo","rmod:openingtorpedo+1","rmod:luckystar","rmod:fletcherpendant","FieryBird","rmod:windflower+1","rmod:acesubmarine+1","rmod:fletcherpendant+1","rmod:circuitoustactics+1","rmod:aggressivemary","Scarecrow","rmod:firesupport","rmod:launchingtorpedo+1","rmod:diamondstrike+1","rmod:selfconfidence","rmod:abidefaith","rmod:wife+1","DespairKnight","rmod:smokecover+1","Skim+1","MostiFishMod:DeathFromBelow+1","CENSORED","rmod:selfconfidence","rmod:goodfighter+1","SingingMachine","Turbo+1","QueenOfHatred"],"relics":["rmod:firstchargereward","DaveBox","ice","HushsDoor","testmod-TestBox","AT_ATBox","REME_ComplimentaryCards","testmod-RainbowHikingShoes","BFFS","ExusiaiGun","CogitoBucket","SynthV:TestCard","LetterFromLob","Odd Mushroom","Hallownest:DreamNailRelic","BelialBook","HollowMod:PaleOreRelic","ChiXiaoBlade","aspiration:Lifesprig","Bag of Marbles","Iron Hammer","aspiration:Legacy_Headhunter","infinitespire:EvilPickle","aspiration:DefectSkillbook","MerchantsRug","Nunchaku","Hallownest:KingsIdolRelic","AT_RedTearstoneRing","Potion Belt","AtMidnight","Happy Flower","DemoMod:Metronome","Snack Pack"],"acts_visited":["Hallownest:Greenpath","TheCity","Hallownest:KingdomsEdge","TheEnding"],"potions_floor_usage":[16],"damage_taken":[{"damage":2,"enemies":"Hallownest:monsterHuskWarrior","floor":1,"turns":2},{"damage":0,"enemies":"Hallownest:2_Baldur","floor":4,"turns":1},{"damage":7,"enemies":"Hallownest:2_Tiktiks_and_1_Crawlid","floor":5,"turns":2},{"damage":1,"enemies":"Hallownest:eliteMossKnight","floor":7,"turns":1},{"damage":0,"enemies":"Hallownest:monsterMossCharger","floor":8,"turns":1},{"damage":0,"enemies":"Hallownest:monsterFoolEater","floor":14,"turns":1},{"damage":14,"enemies":"Hallownest:BossFalseKnight","floor":16,"turns":2},{"damage":0,"enemies":"2 Thieves","floor":18,"turns":1},{"damage":0,"enemies":"Spheric Guardian","floor":21,"turns":1},{"damage":2,"enemies":"Cultist and Chosen","floor":22,"turns":1},{"damage":1,"enemies":"Gremlin Leader","floor":23,"turns":1},{"damage":0,"enemies":"Snecko","floor":24,"turns":1},{"damage":0,"enemies":"Centurion and Healer","floor":30,"turns":1},{"damage":0,"enemies":"Chosen and Byrds","floor":31,"turns":1},{"damage":0,"enemies":"Pondfish","floor":33,"turns":3},{"damage":0,"enemies":"Hallownest:3_Siblings","floor":35,"turns":1},{"damage":0,"enemies":"Hallownest:StalkingDevout","floor":41,"turns":1},{"damage":0,"enemies":"Hallownest:2_Littles","floor":44,"turns":1},{"damage":0,"enemies":"Hallownest:monsterPrimalAspid","floor":45,"turns":1},{"damage":0,"enemies":"Hallownest:2_Wandering_and_1_Horned","floor":46,"turns":2},{"damage":0,"enemies":"Hallownest:2_Great","floor":48,"turns":1},{"damage":12,"enemies":"Hallownest:BossHollowKnight","floor":50,"turns":1},{"damage":0,"enemies":"Shield and Spear","floor":55,"turns":1},{"damage":40,"enemies":"The Heart","floor":56,"turns":3}],"seed_played":"8030797586439058287","potions_obtained":[{"floor":1,"key":"Swift Potion"},{"floor":14,"key":"PowerPotion"},{"floor":22,"key":"SteroidPotion"},{"floor":23,"key":"Strength Potion"}],"is_trial":false,"path_per_floor":["M","?","?","M","M","R","E","M","T","R","?","$","?","M","R","B",null,"M","?","$","M","M","E","M","R","T","?","R","AVR","M","M","R","B",null,"M","?","$","?","?","R","E","R","T","M","M","M","?","M","R","B",null,null,"R","$","E","B",null],"character_chosen":"PRAEFECT","items_purchased":["rmod:acesubmarine","aspiration:Lifesprig","rmod:wife","MerchantsRug","Nunchaku","Happy Flower","DemoMod:Metronome"],"campfire_rested":0,"item_purchase_floors":[17,20,34,37,37,54,54],"current_hp_per_floor":[73,73,73,73,66,66,65,65,65,65,74,74,74,74,74,60,80,80,80,80,80,78,77,77,77,77,62,62,62,62,62,62,62,77,77,77,77,77,73,73,73,73,73,77,77,77,72,72,72,60,60,72,72,72,72,44],"gold":145,"neow_bonus":"","is_daily":false,"chose_seed":false,"campfire_upgraded":8,"win_rate":0.0,"timestamp":1611236724,"path_taken":["M","?","?","M","?","R","E","M","T","R","?","?","?","M","R","BOSS","M","?","$","M","M","E","M","R","T","?","R","AVR","?","?","R","BOSS","M","?","$","?","?","R","E","R","T","M","M","M","?","M","R","BOSS","R","$","E","BOSS"],"items_purchased_type":["Card","Relic","Card","Relic","Relic","Relic","Relic"],"build_version":"2020-12-22","purchased_purges":0,"victory":true,"max_hp_per_floor":[75,75,75,75,75,75,75,75,75,75,84,84,84,84,84,84,80,80,80,80,80,80,80,80,80,80,80,80,80,80,80,80,80,77,77,77,77,77,77,77,77,77,77,77,77,77,72,72,72,72,72,72,72,72,72,72],"card_choices":[{"not_picked":["PunishingBird","NakedNest"],"picked":"OSAHOGD","floor":1},{"not_picked":["rmod:fletcherpendant","rmod:tearstotiara"],"picked":"rmod:firesupport","floor":1},{"not_picked":["VoidDream","WhitesApple","SpiderBud"],"picked":"Singing Bowl","floor":4},{"not_picked":["rmod:circuitoustactics","rmod:seals","rmod:intelligenceanalysis","rmod:chargemoney"],"picked":"rmod:launchingtorpedo","floor":4},{"not_picked":["CrumblingArmor","PunishingBird","RedShoes"],"picked":"Singing Bowl","floor":5},{"not_picked":["rmod:wolves","rmod:heivgo","rmod:slowdown","rmod:ring"],"picked":"rmod:openingtorpedo","floor":5},{"not_picked":["CrumblingArmor","FairyFestival","SpiderBud"],"picked":"Singing Bowl","floor":7},{"not_picked":["rmod:tearstotiara","rmod:lonelyqueen","rmod:aluminumsupply","rmod:goodsister"],"picked":"rmod:luckystar","floor":7},{"not_picked":["UniverseFragment","BeautyBeast","OldLady"],"picked":"Singing Bowl","floor":8},{"not_picked":["rmod:supportescort","rmod:combined","rmod:tearstotiara","rmod:steelsupply"],"picked":"rmod:fletcherpendant","floor":8},{"not_picked":["LittleHelper","CherryBlossoms","SpiderBud"],"picked":"Singing Bowl","floor":14},{"not_picked":["rmod:aviationdawn","rmod:fuelsupply","rmod:unsinkable","rmod:steelsupply","rmod:capitalist"],"picked":"SKIP","floor":14},{"not_picked":["BigBadWolf","Murderer"],"picked":"FieryBird","floor":16},{"not_picked":["rmod:u235","rmod:abidefaith","rmod:seals","rmod:saltedfish"],"picked":"rmod:windflower","floor":16},{"not_picked":["Murderer","CrumblingArmor","HeroicMonk"],"picked":"Singing Bowl","floor":18},{"not_picked":["rmod:intelligenceanalysis","rmod:luckystar","rmod:seals","rmod:guardianhero"],"picked":"rmod:fletcherpendant+1","floor":18},{"not_picked":["BigBadWolf","HeroicMonk","LongBird"],"picked":"Singing Bowl","floor":21},{"not_picked":["rmod:steelsupply+1","rmod:victimresponsibility","rmod:circuitoustactics","rmod:shuttlebombing"],"picked":"rmod:aggressivemary","floor":21},{"not_picked":["HeroicMonk","MeatLantern","SingingMachine"],"picked":"Singing Bowl","floor":22},{"not_picked":["rmod:tearstotiara","rmod:robin+1","rmod:aviationdawn","rmod:slowdown","rmod:aluminumsupply+1"],"picked":"SKIP","floor":22},{"not_picked":["LittleHelper","Mercenary"],"picked":"Scarecrow","floor":23},{"not_picked":["rmod:unsinkable","rmod:diamondstrike","rmod:mineteam","rmod:garrisonisland"],"picked":"rmod:firesupport","floor":23},{"not_picked":["Rudolta","CrumblingArmor","PunishingBird"],"picked":"Singing Bowl","floor":24},{"not_picked":["rmod:fuelsupply","rmod:steelsupply","rmod:ammunitionsupply","rmod:aluminumsupply"],"picked":"rmod:launchingtorpedo+1","floor":24},{"not_picked":["RedShoes","CrumblingArmor","OldLady"],"picked":"Singing Bowl","floor":30},{"not_picked":["rmod:supportescort+1","rmod:combined","rmod:salvage","rmod:unsinkable"],"picked":"rmod:diamondstrike+1","floor":30},{"not_picked":["QueenOfHatred","Porccubus","LittlePrince"],"picked":"Singing Bowl","floor":31},{"not_picked":["rmod:luckystar+1","rmod:wolves+1","rmod:supportescort","rmod:tearstotiara"],"picked":"rmod:selfconfidence","floor":31},{"not_picked":["MeatLantern","BlackArmy","WhiteNight"],"picked":"Singing Bowl","floor":33},{"not_picked":["rmod:seals","rmod:highspeedmaneuver","rmod:windflower","rmod:fletcher"],"picked":"rmod:abidefaith","floor":33},{"not_picked":["HeroicMonk","BlackArmy","RedShoes"],"picked":"Singing Bowl","floor":35},{"not_picked":["Funeral","BigBird"],"picked":"DespairKnight","floor":35},{"not_picked":["Skim","Genetic Algorithm","Distribution","Turbo","rmod:luckystar"],"picked":"rmod:smokecover+1","floor":35},{"not_picked":[],"picked":"Skim","floor":38},{"not_picked":[],"picked":"MostiFishMod:DeathFromBelow","floor":38},{"not_picked":["SilentOrchestra","LongBird","SingingMachine"],"picked":"Singing Bowl","floor":41},{"not_picked":["Wellcheers","VoidDream"],"picked":"CENSORED","floor":41},{"not_picked":["Sweeping Beam+1","REME_Whirling","Genetic Algorithm+1","rmod:fuelsupply+1","ReplayGash"],"picked":"rmod:selfconfidence","floor":41},{"not_picked":["WhiteNight","NakedNest","LongBird"],"picked":"Singing Bowl","floor":44},{"not_picked":["MostiFishMod:GatherIntelligence","rmod:steelsupply","ElectricPowerLearning","Steam+1","rmod:supportaircraftcarrier+1","Tempest"],"picked":"SKIP","floor":44},{"not_picked":["Woodsman","WhiteNight","Freischutz"],"picked":"Singing Bowl","floor":45},{"not_picked":["rmod:fuelsupply","Hologram","Compile Driver+1","AT_HeatAcrobatics+1","Crystallizer"],"picked":"rmod:goodfighter+1","floor":45},{"not_picked":["Alriune","LittlePrince","LaLuna"],"picked":"Singing Bowl","floor":46},{"not_picked":["HeroicMonk","BlackSwan"],"picked":"SingingMachine","floor":46},{"not_picked":["AT_DarkMatter+1","Seek","rmod:ammunitionsupply","ReplayTheSpireMod:GoodbyeWorld","rmod:launchingtorpedo","rmod:generalist+1"],"picked":"SKIP","floor":46},{"not_picked":["GreedKing","Laetitia","HappyTeddy"],"picked":"Singing Bowl","floor":48},{"not_picked":["Doom and Gloom+1","Aggregate","rmod:bulid","rmod:expedition","rmod:ammunitionsupply+1"],"picked":"Turbo+1","floor":48},{"not_picked":["LittleHelper","GreedKing"],"picked":"QueenOfHatred","floor":55},{"not_picked":["Glacier","MostiFishMod:LinkProtocol+1","Steam","Biased Cognition","Capacitor","rmod:smokecover+1"],"picked":"SKIP","floor":55}],"player_experience":37110,"relics_obtained":[{"floor":1,"key":"SynthV:TestCard"},{"floor":1,"key":"LetterFromLob"},{"floor":7,"key":"BelialBook"},{"floor":15,"key":"HollowMod:PaleOreRelic"},{"floor":23,"key":"Bag of Marbles"},{"floor":26,"key":"Iron Hammer"},{"floor":41,"key":"AT_RedTearstoneRing"},{"floor":43,"key":"Potion Belt"},{"floor":44,"key":"AtMidnight"},{"floor":55,"key":"Snack Pack"}],"event_choices":[],"is_beta":false,"boss_relics":[{"not_picked":["vexMod:CursedCompass","testmod-NegativeEmotionEnhancer"],"picked":"ChiXiaoBlade"},{"not_picked":[]},{"not_picked":["TimeKeys","vexMod:ImprovementManual"],"picked":"aspiration:DefectSkillbook"},{"not_picked":[]}],"items_purged_floors":[],"is_endless":false,"potions_floor_spawned":[1,14,22,23,24,30,35],"ascension_level":1}}