{"host":"wonp23fsqqcu31ie","time":1611190288,"event":{"mods":["2.2 Compatiblity","AchievementEnabler","Aspiration","BaseMod","Bestiary","Better Altar","Better Match","Better Sensory Stone","Better Skull","Better Third Choice","BetterRewards","Block Reminder","Colored Map","Colored Powertips","Conspire","Curses Come First","DeckTracker","Displayed Cursed Tome","Downfall","Energized Spire","Evolution","Hermit","Highlight Path","Hubris","Infinite Spire","Marisa????????","Minty Spire (QoL Compilation)","Permanent Neow","Prisma Mod","Quick Restart","Rare Cards Sparkle","Relic Stats","Robot Space Explorer","Shade Mod","Shop Mod","StSLib","SuperFastMode","The Animator","The Bug Knight","The Construct","The Cursed","The Disciple","The Dragon Tamer","The Gatherer","The Hierophant","The Marked","The Necromancer","The Poker Player","The Runesmith","The Saiyan","The Servant 0.9.4","TheBandit"],"gold_per_floor":[115,115,127,141,160,195,195,223,272,272,15,15,34,54,54,159,159,174,89,89,89,105,105,124,124,124,124,135,135,151,151,151,253,253,265,290,290,305,322,322,340,19,19,36,52,52,52,83,83,83],"floor_reached":51,"language":"ENG","playtime":1074,"items_purged":[],"score":892,"play_id":"2aeab8a0-7b3a-4da4-8d13-84caa8c16e8d","local_time":"20210121115128","is_ascension_mode":true,"campfire_choices":[{"floor":7,"key":"RECALL"},{"floor":15,"key":"REST"},{"data":"Static Discharge","floor":23,"key":"SMITH"},{"floor":27,"key":"REST"},{"data":"Genetic Algorithm","floor":32,"key":"SMITH"},{"data":"Zap","floor":40,"key":"SMITH"},{"floor":49,"key":"REST"}],"circlet_count":0,"master_deck":["Strike_B+1","Strike_B","Strike_B+1","Strike_B","Defend_B","Defend_B","Defend_B","Defend_B","Zap+1","Dualcast","Redo","Static Discharge+1","Go for the Eyes","Storm+1","Beam Cell","hubris:Ukulele","infinitespire:Oblivion","Genetic Algorithm+1","Sweeping Beam","Sweeping Beam","hubris:PowerSurge","Leap+1","Jack Of All Trades","Mind Blast","Compile Driver","Conserve Battery+1","Streamline","Cold Snap","Fission","Consume+1","Steam","Turbo+1","CurseOfTheBell","Steam","hubris:PowerSurge+1","Storm+1","Steam","Gash+1","Redo+1","Core Surge","Echo Form","Ball Lightning","Cold Snap","Go for the Eyes","Beam Cell+1","Glacier+1","Undo","conspire:SharedLibrary"],"relics":["Cracked Core","EVO:Axolotl","DTMod:PactStone","Orichalcum","Nunchaku","hubris:BallOfYels","construct:WeddingRing","Tiny Chest","White Beast Statue","energizedSpire:StickyHand","Oddly Smooth Stone","hubris:FunFungus","aspiration:StickyExplosives_weak","Pocketwatch","MerchantsRug","The Courier","Darkstone Periapt","Incense Burner","War Paint"],"acts_visited":["Exordium","TheCity","TheBeyond"],"potions_floor_usage":[5,6,16,33,33,38,45,45,48],"damage_taken":[{"damage":1,"enemies":"Cultist","floor":1,"turns":4},{"damage":0,"enemies":"Jaw Worm","floor":3,"turns":3},{"damage":2,"enemies":"2 Louse","floor":4,"turns":3},{"damage":8,"enemies":"Gremlin Gang","floor":5,"turns":4},{"damage":20,"enemies":"Lagavulin","floor":6,"turns":5},{"damage":15,"enemies":"3 Sentries","floor":8,"turns":6},{"damage":2,"enemies":"3 Louse","floor":13,"turns":2},{"damage":6,"enemies":"Exordium Thugs","floor":14,"turns":3},{"damage":20,"enemies":"The Guardian","floor":16,"turns":7},{"damage":20,"enemies":"2 Thieves","floor":18,"turns":2},{"damage":0,"enemies":"Spheric Guardian","floor":22,"turns":3},{"damage":17,"enemies":"Centurion and Healer","floor":24,"turns":5},{"damage":5,"enemies":"Snake Plant","floor":28,"turns":2},{"damage":2,"enemies":"conspire:HollyBat","floor":30,"turns":6},{"damage":23,"enemies":"conspire:MysteriousRune","floor":33,"turns":7},{"damage":13,"enemies":"3 Darklings","floor":35,"turns":2},{"damage":0,"enemies":"Orb Walker","floor":38,"turns":3},{"damage":5,"enemies":"Jaw Worm Horde","floor":39,"turns":2},{"damage":10,"enemies":"Maw","floor":41,"turns":5},{"damage":36,"enemies":"Writhing Mass","floor":44,"turns":3},{"damage":24,"enemies":"Transient","floor":45,"turns":5},{"damage":36,"enemies":"Nemesis","floor":48,"turns":3},{"damage":71,"enemies":"conspire:OrnateMirror","floor":50,"turns":5}],"seed_played":"-9063506367288812336","potions_obtained":[{"floor":1,"key":"Energy Potion"},{"floor":2,"key":"Regen Potion"},{"floor":2,"key":"ColorlessPotion"},{"floor":14,"key":"LiquidMemories"},{"floor":18,"key":"PowerPotion"},{"floor":22,"key":"FocusPotion"},{"floor":33,"key":"champ:CounterPotion"},{"floor":35,"key":"PowerPotion"},{"floor":38,"key":"Fruit Juice"},{"floor":39,"key":"FairyPotion"},{"floor":45,"key":"LiquidMemories"},{"floor":48,"key":"SmokeBomb"}],"is_trial":false,"path_per_floor":["M","?","M","M","M","E","R","E","T","?","$","$","M","M","R","B",null,"M","?","?","$","M","R","M","T","T","R","M","?","M","?","R","B",null,"M","T","AVR","M","M","R","M","$","T","M","M","T","T","E","R","B",null],"character_chosen":"DEFECT","items_purchased":["hubris:BallOfYels","Genetic Algorithm","Sweeping Beam","MerchantsRug","Core Surge","Echo Form","Ball Lightning"],"campfire_rested":3,"item_purchase_floors":[11,11,11,42,42,42,42],"current_hp_per_floor":[74,74,74,72,69,49,49,34,34,17,17,17,15,9,31,11,75,55,55,55,55,55,55,38,38,38,60,55,55,53,85,85,62,85,72,72,79,85,80,80,73,73,73,37,16,16,16,54,83,17],"gold":83,"neow_bonus":"NOSTALGIA","is_daily":false,"chose_seed":false,"campfire_upgraded":3,"win_rate":0.0,"timestamp":1611190288,"path_taken":["M","?","M","M","?","E","R","E","T","?","?","$","M","M","R","BOSS","M","?","?","?","?","R","M","?","T","R","M","?","?","?","R","BOSS","M","?","AVR","M","?","R","M","$","T","?","M","?","?","E","R","BOSS"],"items_purchased_type":["Relic","Card","Card","Relic","Card","Card","Card"],"build_version":"2020-12-22","purchased_purges":0,"victory":true,"max_hp_per_floor":[75,75,75,75,75,75,75,75,75,75,75,75,75,75,75,75,75,75,75,75,75,75,75,75,75,75,75,75,75,75,85,85,85,85,85,85,92,97,97,97,97,97,97,97,97,97,97,97,97,97],"relic_stats":{"Darkstone Periapt":0,"Nunchaku":[12],"counters":[23,90],"Tiny Chest":3,"Orichalcum":[126],"War Paint":["Conserve Battery","Turbo"],"obtain_stats":[{"Darkstone Periapt":46,"hubris:BallOfYels":11,"MerchantsRug":42,"construct:WeddingRing":17,"aspiration:Nostalgia":0,"Oddly Smooth Stone":36,"The Courier":43,"Incense Burner":47,"EVO:Axolotl":0,"Whetstone":6,"Orichalcum":8,"energizedSpire:StickyHand":34,"War Paint":48,"White Beast Statue":26,"aspiration:StickyExplosives_weak":37,"Calling Bell":37,"Nunchaku":9,"DTMod:PactStone":0,"Strawberry":37,"Tiny Chest":19,"hubris:FunFungus":37,"Cracked Core":0,"Pocketwatch":37},{"Darkstone Periapt":21,"hubris:BallOfYels":6,"MerchantsRug":19,"construct:WeddingRing":9,"aspiration:Nostalgia":0,"Oddly Smooth Stone":16,"The Courier":19,"Incense Burner":21,"EVO:Axolotl":0,"Whetstone":5,"Orichalcum":6,"energizedSpire:StickyHand":15,"War Paint":22,"White Beast Statue":12,"aspiration:StickyExplosives_weak":16,"Calling Bell":16,"Nunchaku":6,"DTMod:PactStone":0,"Strawberry":16,"Tiny Chest":10,"hubris:FunFungus":16,"Cracked Core":0,"Pocketwatch":16},{"Darkstone Periapt":82,"hubris:BallOfYels":25,"MerchantsRug":74,"construct:WeddingRing":37,"aspiration:Nostalgia":0,"Oddly Smooth Stone":64,"The Courier":74,"Incense Burner":82,"EVO:Axolotl":0,"Whetstone":19,"Orichalcum":25,"energizedSpire:StickyHand":62,"War Paint":85,"White Beast Statue":47,"aspiration:StickyExplosives_weak":64,"Calling Bell":64,"Nunchaku":25,"DTMod:PactStone":0,"Strawberry":64,"Tiny Chest":39,"hubris:FunFungus":64,"Cracked Core":0,"Pocketwatch":64}],"Pocketwatch":[9]},"card_choices":[{"not_picked":["Compile Driver","Rebound"],"picked":"Redo","floor":1},{"not_picked":["Conserve Battery","Ball Lightning"],"picked":"Static Discharge","floor":3},{"not_picked":["Rebound","Compile Driver"],"picked":"Go for the Eyes","floor":4},{"not_picked":["Steam","Gash"],"picked":"Storm","floor":5},{"not_picked":["Streamline","Scrape"],"picked":"Beam Cell","floor":6},{"not_picked":["Beam Cell","Biased Cognition"],"picked":"hubris:Ukulele","floor":8},{"not_picked":["infinitespire:Starlight","infinitespire:UltimateForm"],"picked":"infinitespire:Oblivion","floor":10},{"not_picked":["Storm","Coolheaded"],"picked":"Sweeping Beam","floor":13},{"not_picked":["Hologram","FTL"],"picked":"hubris:PowerSurge","floor":14},{"not_picked":["All For One","Meteor Strike"],"picked":"hubris:SpecializedCircuitry","floor":16},{"not_picked":["Go for the Eyes","Redo"],"picked":"Leap+1","floor":18},{"not_picked":["Secret Technique","Forethought"],"picked":"Jack Of All Trades","floor":20},{"not_picked":["PanicButton","Deep Breath"],"picked":"Mind Blast","floor":20},{"not_picked":["Rebound+1","conspire:Rain"],"picked":"Compile Driver","floor":22},{"not_picked":["Coolheaded","Stack"],"picked":"Conserve Battery","floor":24},{"not_picked":["Cold Snap","Coolheaded+1"],"picked":"Streamline","floor":28},{"not_picked":["Hologram","Stack"],"picked":"Cold Snap","floor":30},{"not_picked":["Buffer","Seek"],"picked":"Fission","floor":33},{"not_picked":["Steam","Turbo"],"picked":"Consume+1","floor":35},{"not_picked":["Steam","Storm+1"],"picked":"hubris:PowerSurge+1","floor":38},{"not_picked":["Streamline+1","Ball Lightning","Steam+1"],"picked":"SKIP","floor":39},{"not_picked":["Steam","Redo+1"],"picked":"Gash+1","floor":41},{"not_picked":["Cold Snap","Beam Cell+1"],"picked":"Go for the Eyes","floor":44},{"not_picked":["Undo","conspire:SharedLibrary"],"picked":"Glacier+1","floor":45},{"not_picked":["Hello World+1","Fission","Stack"],"picked":"SKIP","floor":48}],"player_experience":575148,"relics_obtained":[{"floor":6,"key":"Whetstone"},{"floor":8,"key":"Orichalcum"},{"floor":9,"key":"Nunchaku"},{"floor":26,"key":"White Beast Statue"},{"floor":36,"key":"Oddly Smooth Stone"},{"floor":37,"key":"Strawberry"},{"floor":37,"key":"aspiration:StickyExplosives_weak"},{"floor":37,"key":"Pocketwatch"},{"floor":43,"key":"The Courier"},{"floor":46,"key":"Darkstone Periapt"},{"floor":47,"key":"Incense Burner"},{"floor":48,"key":"War Paint"}],"event_choices":[{"damage_healed":0,"gold_gain":0,"player_choice":"Got Potions","damage_taken":0,"max_hp_gain":0,"max_hp_loss":0,"event_name":"Lab","floor":2,"gold_loss":0},{"damage_healed":0,"gold_gain":0,"player_choice":"Obtained Relic","damage_taken":0,"relics_obtained":["Tiny Chest"],"max_hp_gain":0,"max_hp_loss":0,"event_name":"Addict","floor":19,"gold_loss":85},{"damage_healed":0,"gold_gain":2,"player_choice":"1","damage_taken":0,"max_hp_gain":0,"max_hp_loss":0,"event_name":"betterStone:BetterStone","floor":20,"gold_loss":0},{"damage_healed":0,"gold_gain":0,"player_choice":"Upgraded","damage_taken":0,"max_hp_gain":0,"max_hp_loss":0,"event_name":"Upgrade Shrine","floor":29,"gold_loss":0,"cards_upgraded":["Storm"]},{"cards_removed":["hubris:SpecializedCircuitry"],"damage_healed":22,"gold_gain":0,"player_choice":"Offered Rare","damage_taken":0,"max_hp_gain":10,"max_hp_loss":0,"event_name":"Bonfire Elementals","floor":31,"gold_loss":0}],"is_beta":false,"boss_relics":[{"not_picked":["aspiration:PoetsPen_weak","conspire:RoyalGoblet"],"picked":"construct:WeddingRing"},{"not_picked":["Runic Dome","Snecko Eye"],"picked":"energizedSpire:StickyHand"}],"items_purged_floors":[],"is_endless":false,"potions_floor_spawned":[1,4,14,18,22,28,30,33,35,38,39,41,44,45,48],"ascension_level":4}}