{"host":"sc0o2qwpf9j16a4i","time":1611191627,"event":{"mods":["AchievementEnabler","BaseMod","BetterRewards","Block Reminder","Colored Map","Colored Powertips","Custom Start","Highlight Path","Minty Spire (QoL Compilation)","Relic Stats"],"gold_per_floor":[16,16,30,30,51,51,89,89,170,183,183,226,226,240,240,331,331,352,352,190,105,105,105,105,105,159,180,199,149,170,186,186,277,277,296,296,296],"floor_reached":36,"language":"ENG","playtime":895,"items_purged":["Strike_B+1"],"score":784,"play_id":"2fce8240-9e63-4855-8f98-f3017a53e7bb","local_time":"20210121031347","is_ascension_mode":true,"campfire_choices":[{"floor":6,"key":"REST"},{"floor":8,"key":"REST"},{"floor":13,"key":"REST"},{"floor":15,"key":"REST"},{"floor":23,"key":"REST"},{"data":"Apotheosis","floor":25,"key":"SMITH"},{"floor":32,"key":"REST"}],"circlet_count":0,"master_deck":["AscendersBane","Defend_B+1","Defend_B+1","Defend_B+1","Defend_B+1","Zap","Dualcast","Apotheosis+1","Compile Driver","Compile Driver","Barrage","Doom and Gloom","Beam Cell","Parasite","Ball Lightning","Glacier","Echo Form","Capacitor","Defragment","Coolheaded+1","Self Repair","Genetic Algorithm","Defragment","Electrodynamics","Tempest+1","Static Discharge+1","Storm+1","Self Repair"],"relics":["Cracked Core","Golden Idol","Art of War","Question Card","Bronze Scales","Sozu","Darkstone Periapt","Bag of Marbles","Astrolabe"],"acts_visited":["Exordium","TheCity","TheBeyond"],"potions_floor_usage":[10,24,33],"damage_taken":[{"damage":6.0,"enemies":"2 Louse","floor":1.0,"turns":3.0},{"damage":0.0,"enemies":"Small Slimes","floor":3.0,"turns":3.0},{"damage":7,"enemies":"Jaw Worm","floor":5,"turns":3},{"damage":36,"enemies":"Gremlin Nob","floor":7,"turns":4},{"damage":21,"enemies":"3 Louse","floor":10,"turns":3},{"damage":20,"enemies":"Lagavulin","floor":12,"turns":5},{"damage":6,"enemies":"2 Fungi Beasts","floor":14,"turns":2},{"damage":30,"enemies":"Slime Boss","floor":16,"turns":6},{"damage":19,"enemies":"3 Byrds","floor":18,"turns":3},{"damage":0,"enemies":"Book of Stabbing","floor":24,"turns":1},{"damage":12,"enemies":"Chosen","floor":27,"turns":3},{"damage":15,"enemies":"Centurion and Healer","floor":28,"turns":4},{"damage":20,"enemies":"Chosen and Byrds","floor":30,"turns":4},{"damage":12,"enemies":"Snecko","floor":31,"turns":5},{"damage":34,"enemies":"Collector","floor":33,"turns":13},{"damage":17,"enemies":"3 Shapes","floor":35,"turns":3},{"damage":55,"enemies":"3 Darklings","floor":36,"turns":4}],"seed_played":"-7990138382939904982","potions_obtained":[{"floor":3,"key":"PowerPotion"},{"floor":10,"key":"BlessingOfTheForge"},{"floor":14,"key":"SmokeBomb"}],"is_trial":false,"path_per_floor":["M","?","M","?","M","R","E","R","T","M","?","E","R","M","R","B",null,"M","?","$","?","?","R","E","R","T","M","M","?","M","M","R","B",null,"M","M"],"character_chosen":"DEFECT","items_purchased":["Defragment"],"campfire_rested":6,"item_purchase_floors":[20],"current_hp_per_floor":[58,34,34,34,27,48,12,33,33,12,29,9,30,24,45,15,57,38,38,38,38,38,59,59,59,59,47,32,32,32,40,61,47,65,55,0,0],"gold":296,"neow_bonus":"RANDOM_COLORLESS_2","is_daily":false,"chose_seed":false,"campfire_upgraded":1,"win_rate":0.0,"timestamp":1611191627,"path_taken":["M","?","M","?","M","R","E","R","T","M","?","E","R","?","R","BOSS","M","?","$","?","?","R","E","R","T","M","M","?","?","M","R","BOSS","M","?"],"items_purchased_type":["Card"],"build_version":"2020-12-22","purchased_purges":1,"victory":false,"max_hp_per_floor":[71,71,71,71,71,71,71,71,71,71,71,71,71,71,71,71,71,71,71,71,71,71,71,71,71,71,71,71,71,71,71,71,71,71,71,71,71],"relic_stats":{"Sozu":4,"Darkstone Periapt":0,"counters":[17,69],"Golden Idol":100,"Bronze Scales":[174],"Astrolabe":["Tempest","Static Discharge","Storm"],"Art of War":[10],"Question Card":11,"obtain_stats":[{"Sozu":17,"Darkstone Periapt":21,"Golden Idol":2,"Bronze Scales":12,"Astrolabe":34,"Art of War":7,"Bag of Marbles":26,"Cracked Core":0,"Question Card":9},{"Sozu":8,"Darkstone Periapt":9,"Golden Idol":1,"Bronze Scales":6,"Astrolabe":15,"Art of War":4,"Bag of Marbles":10,"Cracked Core":0,"Question Card":4},{"Sozu":29,"Darkstone Periapt":32,"Golden Idol":3,"Bronze Scales":21,"Astrolabe":62,"Art of War":13,"Bag of Marbles":33,"Cracked Core":0,"Question Card":13}]},"card_choices":[{"not_picked":["Transmutation","Thinking Ahead"],"picked":"Apotheosis","floor":0.0},{"not_picked":["Double Energy","Genetic Algorithm"],"picked":"Compile Driver","floor":1.0},{"not_picked":["Turbo","Chaos"],"picked":"Compile Driver","floor":3},{"not_picked":["Fusion","Hologram"],"picked":"Barrage","floor":5},{"not_picked":["Gash","Sweeping Beam"],"picked":"Doom and Gloom","floor":7},{"not_picked":["Hello World","Aggregate","Redo"],"picked":"Beam Cell","floor":10},{"not_picked":["Beam Cell","Leap","Hologram"],"picked":"Ball Lightning","floor":12},{"not_picked":["Coolheaded","Compile Driver","Storm"],"picked":"Glacier","floor":14},{"not_picked":["Rainbow","Creative AI","Machine Learning"],"picked":"Echo Form","floor":16},{"not_picked":["Static Discharge","Steam+1","Hologram"],"picked":"Capacitor","floor":18},{"not_picked":["Aggregate","Sunder","Hologram+1"],"picked":"Coolheaded+1","floor":27},{"not_picked":["Barrage+1","Steam Power","Steam"],"picked":"Self Repair","floor":28},{"not_picked":["Aggregate","Coolheaded","Hologram+1"],"picked":"Genetic Algorithm","floor":30},{"not_picked":["Turbo","Reinforced Body","Sweeping Beam"],"picked":"Defragment","floor":31},{"not_picked":["Echo Form","Seek","All For One"],"picked":"Electrodynamics","floor":33},{"not_picked":["Chaos","Stack","Leap"],"picked":"Self Repair","floor":35}],"player_experience":826880,"relics_obtained":[{"floor":7,"key":"Art of War"},{"floor":9,"key":"Question Card"},{"floor":12,"key":"Bronze Scales"},{"floor":26,"key":"Bag of Marbles"}],"event_choices":[{"damage_healed":0.0,"max_hp_gain":0.0,"max_hp_loss":0.0,"gold_gain":0.0,"event_name":"Golden Idol","player_choice":"Take Damage","floor":2.0,"gold_loss":0.0,"damage_taken":24.0,"relics_obtained":["Golden Idol"]},{"damage_healed":0,"gold_gain":0,"player_choice":"Ignored","damage_taken":0,"max_hp_gain":0,"max_hp_loss":0,"event_name":"Liars Game","floor":4,"gold_loss":0},{"damage_healed":17,"gold_gain":0,"player_choice":"Healed and dodged fight","damage_taken":0,"max_hp_gain":0,"max_hp_loss":0,"event_name":"Mushrooms","floor":11,"gold_loss":0,"cards_obtained":["Parasite"]},{"damage_healed":0,"gold_gain":0,"player_choice":"Simplicity","damage_taken":0,"max_hp_gain":0,"max_hp_loss":0,"event_name":"Back to Basics","floor":19,"gold_loss":0,"cards_upgraded":["Strike_B","Strike_B","Strike_B","Strike_B","Defend_B","Defend_B","Defend_B","Defend_B"]},{"damage_healed":0,"gold_gain":0,"player_choice":"Obtained Relic","damage_taken":0,"relics_obtained":["Darkstone Periapt"],"max_hp_gain":0,"max_hp_loss":0,"event_name":"Addict","floor":21,"gold_loss":85},{"damage_healed":0,"gold_gain":0,"player_choice":"Ignored","damage_taken":0,"max_hp_gain":0,"max_hp_loss":0,"event_name":"The Mausoleum","floor":22,"gold_loss":0},{"damage_healed":0,"gold_gain":0,"player_choice":"Bet on Murderer","damage_taken":0,"max_hp_gain":0,"max_hp_loss":0,"event_name":"The Joust","floor":29,"gold_loss":50}],"is_beta":false,"boss_relics":[{"not_picked":["SlaversCollar","SacredBark"],"picked":"Sozu"},{"not_picked":["Pandora\u0027s Box","Empty Cage"],"picked":"Astrolabe"}],"items_purged_floors":[20],"is_endless":false,"potions_floor_spawned":[3,10,14,27,28,33,35],"killed_by":"3 Darklings","ascension_level":20}}