{"host":"02z8kvjeghfc9gb4","time":1611268124,"event":{"mods":["AchievementEnabler","Ascension Reborn","BaseMod","Beaked The Cultist","Downfall","Friendly Minions","Gremlin Mod","Grow up Mod","Minty Spire (QoL Compilation)","StSLib"],"gold_per_floor":[483,483,521,548,328,328,365,575,603,643,643,675,691,705,705,820,820,843,523,539,561,574,606,606,259,315,315,22,22,34,51,51,169,169,186,55,55,79,99,137,137,137,228,228,49,83,99,112,112,112,112,112,2,42,42],"floor_reached":56,"language":"ENG","playtime":3593,"items_purged":["hexamod:Strike+1","Doubt","hexamod:Defend+1","hexamod:Defend+1","hexamod:Strike+1"],"score":1472,"play_id":"e0ae54df-0602-4b85-8dc4-4772067898c8","local_time":"20210121232844","is_ascension_mode":true,"campfire_choices":[{"floor":6,"key":"RECALL"},{"data":"hexamod:SoulSteal","floor":11,"key":"SMITH"},{"data":"hexamod:ExtraCrispy","floor":15,"key":"SMITH"},{"data":"hexamod:TimeOfNeed","floor":24,"key":"SMITH"},{"data":"hexamod:ShieldOfDarkness","floor":32,"key":"SMITH"},{"data":"hexamod:GhostflameBarrier","floor":41,"key":"SMITH"},{"data":"hexamod:BurningTouch","floor":42,"key":"SMITH"},{"data":"hexamod:Firestarter","floor":44,"key":"SMITH"},{"data":"hexamod:SuperheatedStrike","floor":49,"key":"SMITH"},{"data":"hexamod:ThermalTransfer","floor":52,"key":"SMITH"}],"circlet_count":0,"master_deck":["hexamod:Strike+1","hexamod:Strike+1","hexamod:Defend+1","hexamod:Defend+1","hexamod:Sear+1","hexamod:Float+1","hexamod:SoulSteal+1","hexamod:GhostflameBarrier+1","hexamod:FlamesFromBeyond+1","hexamod:ExtraCrispy+1","hexamod:ThermalTransfer+1","hexamod:SuperheatedStrike+1","hexamod:BurningTouch+1","hexamod:EmpoweredFlame+1","hexamod:GhostOfSpireFuture+1","hexamod:GiftsFromTheDead+1","hexamod:ShieldOfDarkness+1","hexamod:Firestarter+1","hexamod:ExtraCrispy+1","hexamod:PhantomFireball","hexamod:GhostOfSpirePresent+1","hexamod:FlamesFromBeyond+1","hexamod:RadiantFlame+1","hexamod:TimeOfNeed+1","hexamod:PowerFromBeyond+1","hexamod:PowerFromBeyond+1","Sadistic Nature+1","hexamod:HexaLevel+1","hexamod:VolcanoVisage+1","hexamod:SpectralSpark+1","hexamod:DynamicBlow+1","hexamod:WildfireWeapon+1","hexamod:EtherealExpedition+1","hexamod:GhostOfSpirePast+1"],"relics":["hexamod:UnbrokenSoul","Old Coin","MawBank","Oddly Smooth Stone","hexamod:MatchstickCase","Frozen Egg 2","Potion Belt","Prayer Wheel","Pocketwatch","Gambling Chip","Blue Candle","Juzu Bracelet","HornCleat","Nunchaku","Happy Flower","Dead Branch","Regal Pillow","NlothsMask","Slimebound:PreparedRelic","WingedGreaves","hexamod:IceCube","Lantern","Bottled Tornado","Shuriken","Dream Catcher","Sling","War Paint"],"acts_visited":["Exordium","TheCity","TheBeyond","TheEnding"],"potions_floor_usage":[3],"damage_taken":[{"damage":0,"enemies":"2 Louse","floor":1,"turns":2},{"damage":0,"enemies":"Small Slimes","floor":3,"turns":2},{"damage":0,"enemies":"Cultist","floor":4,"turns":3},{"damage":0,"enemies":"Gremlin Nob","floor":7,"turns":3},{"damage":0,"enemies":"3 Sentries","floor":10,"turns":4},{"damage":10,"enemies":"Gremlin Nob","floor":12,"turns":3},{"damage":0,"enemies":"Gremlin Gang","floor":13,"turns":3},{"damage":0,"enemies":"Lots of Slimes","floor":14,"turns":3},{"damage":6,"enemies":"The Guardian","floor":16,"turns":8},{"damage":4,"enemies":"Shell Parasite","floor":18,"turns":4},{"damage":11,"enemies":"Spheric Guardian","floor":20,"turns":4},{"damage":18,"enemies":"Snake Plant","floor":21,"turns":3},{"damage":0,"enemies":"Shelled Parasite and Fungi","floor":22,"turns":4},{"damage":8,"enemies":"Book of Stabbing","floor":23,"turns":5},{"damage":0,"enemies":"Centurion and Healer","floor":30,"turns":4},{"damage":9,"enemies":"Snake Plant","floor":31,"turns":3},{"damage":6,"enemies":"Champ","floor":33,"turns":5},{"damage":4,"enemies":"3 Darklings","floor":35,"turns":4},{"damage":8,"enemies":"3 Shapes","floor":38,"turns":3},{"damage":12,"enemies":"Sphere and 2 Shapes","floor":39,"turns":5},{"damage":34,"enemies":"Reptomancer","floor":40,"turns":4},{"damage":0,"enemies":"beaked:SuperParasite","floor":46,"turns":5},{"damage":18,"enemies":"Transient","floor":47,"turns":5},{"damage":2,"enemies":"Maw","floor":48,"turns":5},{"damage":0,"enemies":"Donu and Deca","floor":50,"turns":5},{"damage":1,"enemies":"Shield and Spear","floor":54,"turns":3},{"damage":68,"enemies":"The Heart","floor":55,"turns":6}],"seed_played":"5634974241208903365","potions_obtained":[{"floor":1,"key":"SteroidPotion"},{"floor":1,"key":"Explosive Potion"},{"floor":3,"key":"Fruit Juice"},{"floor":4,"key":"Energy Potion"},{"floor":4,"key":"DuplicationPotion"},{"floor":10,"key":"Ancient Potion"},{"floor":10,"key":"FearPotion"},{"floor":12,"key":"Regen Potion"},{"floor":13,"key":"hexamod:SoulburnPotion"},{"floor":20,"key":"CultistPotion"},{"floor":35,"key":"FairyPotion"},{"floor":46,"key":"LiquidBronze"}],"is_trial":false,"path_per_floor":["M","?","M","M","$","R","E","?","T","E","R","E","M","M","R","B",null,"M","$","M","M","M","E","R","$","T","?","$","?","M","M","R","B",null,"M","$","?","M","M","E","R","R","T","R","$","E","M","M","R","B",null,"R","$","E","B",null],"character_chosen":"THE_SPIRIT","items_purchased":["hexamod:MatchstickCase","hexamod:ExtraCrispy","hexamod:ThermalTransfer","hexamod:RadiantFlame+1","Blue Candle","Happy Flower","Sadistic Nature+1","Slimebound:PreparedRelic","Shuriken","Sling"],"campfire_rested":0,"item_purchase_floors":[5,5,5,19,19,25,25,28,45,53],"current_hp_per_floor":[76,79,96,106,116,126,136,146,156,166,176,176,186,196,206,220,269,275,285,284,276,286,288,298,308,318,328,338,348,358,359,369,383,446,452,462,472,474,472,448,458,468,478,488,498,508,500,508,518,538,623,633,643,652,604],"gold":42,"neow_bonus":"ONE_RARE_RELIC","is_daily":false,"chose_seed":false,"campfire_upgraded":9,"win_rate":0.0,"timestamp":1611268124,"path_taken":["M","?","M","M","$","R","E","?","T","E","R","E","M","M","R","BOSS","M","$","M","M","M","E","R","$","T","?","?","?","M","M","R","BOSS","M","?","?","M","M","E","R","R","T","R","$","E","M","M","R","BOSS","R","$","E","BOSS"],"items_purchased_type":["Relic","Card","Card","Card","Relic","Relic","Card","Relic","Relic","Relic"],"build_version":"2020-12-22","purchased_purges":5,"victory":true,"max_hp_per_floor":[97,107,122,132,142,152,162,172,182,192,202,212,222,232,242,259,269,279,289,299,309,319,329,339,349,359,369,379,389,399,409,419,436,446,456,466,476,486,496,506,516,526,536,546,556,566,576,586,596,613,623,633,643,653,670],"card_choices":[{"not_picked":["hexamod:GhostOfSpireFuture+1","hexamod:AdvancingGuard"],"picked":"hexamod:SoulSteal","floor":1},{"not_picked":["hexamod:ThermalTransfer+1","hexamod:HauntingEcho"],"picked":"hexamod:GhostflameBarrier","floor":3},{"not_picked":["hexamod:CatchUp","hexamod:BurningTouch"],"picked":"hexamod:FlamesFromBeyond+1","floor":4},{"not_picked":["hexamod:Again","hexamod:CatchUp"],"picked":"hexamod:SuperheatedStrike","floor":7},{"not_picked":["hexamod:Incineration","hexamod:HeatMetal"],"picked":"hexamod:BurningTouch","floor":7},{"not_picked":["hexamod:PowerFromBeyond","hexamod:BurningTouch"],"picked":"hexamod:EmpoweredFlame+1","floor":10},{"not_picked":["hexamod:Haunt","hexamod:RainOfEmbers+1"],"picked":"hexamod:GhostOfSpireFuture+1","floor":10},{"not_picked":["hexamod:HauntingEcho","hexamod:NightmareStrike"],"picked":"hexamod:GiftsFromTheDead+1","floor":12},{"not_picked":["hexamod:NightmareGuise+1","hexamod:NecessarySacrifice+1"],"picked":"hexamod:ShieldOfDarkness","floor":12},{"not_picked":["hexamod:Hexaguard","hexamod:ThermalTransfer"],"picked":"hexamod:Firestarter","floor":13},{"not_picked":["hexamod:RetreatToShadows","hexamod:NecessarySacrifice+1","hexamod:SuperheatedStrike"],"picked":"SKIP","floor":13},{"not_picked":["hexamod:BurningTouch","hexamod:PhantomCloak+1"],"picked":"hexamod:ExtraCrispy+1","floor":14},{"not_picked":["hexamod:FlamesFromBeyond","hexamod:SecondSeal"],"picked":"hexamod:PhantomFireball","floor":14},{"not_picked":["hexamod:UnleashSpirits","hexamod:FifthSeal"],"picked":"hexamod:GhostOfSpirePresent+1","floor":16},{"not_picked":["hexamod:GhostLash+1","hexamod:NightmareGuise+1"],"picked":"hexamod:FlamesFromBeyond+1","floor":18},{"not_picked":["hexamod:StepThrough","hexamod:SkipABeat+1","hexamod:SuperheatedStrike"],"picked":"SKIP","floor":18},{"not_picked":["hexamod:ShieldOfDarkness+1","hexamod:SuperheatedStrike+1"],"picked":"hexamod:TimeOfNeed","floor":20},{"not_picked":["hexamod:ThermalTransfer","hexamod:NightmareStrike","hexamod:NightmareGuise+1"],"picked":"SKIP","floor":20},{"not_picked":["hexamod:AdvancingGuard","hexamod:EtherealExpedition+1"],"picked":"hexamod:PowerFromBeyond+1","floor":21},{"not_picked":["hexamod:ShieldOfDarkness+1","hexamod:Incineration","hexamod:FourthSeal"],"picked":"SKIP","floor":21},{"not_picked":["hexamod:StepThrough","hexamod:HeatMetal"],"picked":"hexamod:PowerFromBeyond+1","floor":22},{"not_picked":["hexamod:Hexaguard","hexamod:Firestarter+1","hexamod:SecondSeal"],"picked":"SKIP","floor":22},{"not_picked":["hexamod:GhostOfSpirePresent+1","hexamod:Haunt","hexamod:Firestarter+1"],"picked":"SKIP","floor":23},{"not_picked":["hexamod:FastForward+1","hexamod:InspiringFlames","hexamod:SpectersWail"],"picked":"SKIP","floor":30},{"not_picked":["hexamod:FourthSeal","hexamod:BurningTouch+1","hexamod:SpectersWail+1"],"picked":"SKIP","floor":30},{"not_picked":["hexamod:RetreatToShadows","hexamod:BurningTouch"],"picked":"hexamod:HexaLevel+1","floor":31},{"not_picked":["hexamod:NightmareGuise","hexamod:FlamesFromBeyond","hexamod:NecessarySacrifice+1"],"picked":"SKIP","floor":31},{"not_picked":["hexamod:TurnItUp","hexamod:GhostflameInferno"],"picked":"hexamod:VolcanoVisage+1","floor":33},{"not_picked":["hexamod:HauntingEcho+1","hexamod:RetreatToShadows+1","hexamod:BurningTouch+1"],"picked":"SKIP","floor":35},{"not_picked":["hexamod:InspiringFlames+1","hexamod:HeatCrush","hexamod:SpectralSpark"],"picked":"SKIP","floor":35},{"not_picked":["hexamod:HauntingEcho","hexamod:BurningTouch+1","hexamod:ExtraCrispy+1"],"picked":"SKIP","floor":38},{"not_picked":["hexamod:HauntingEcho","hexamod:Hexaguard+1","hexamod:SpectralSpark+1"],"picked":"SKIP","floor":38},{"not_picked":["hexamod:ShieldOfDarkness+1","hexamod:StepThrough+1"],"picked":"hexamod:SpectralSpark+1","floor":39},{"not_picked":["hexamod:PhantomCloak+1","hexamod:HeatMetal+1","hexamod:Haunt+1"],"picked":"SKIP","floor":39},{"not_picked":["hexamod:FastForward+1","hexamod:SwordOfDarkness+1"],"picked":"hexamod:DynamicBlow+1","floor":40},{"not_picked":["hexamod:FastForward","hexamod:ThermalTransfer+1","hexamod:SpectralSpark+1"],"picked":"SKIP","floor":46},{"not_picked":["hexamod:ExtraCrispy+1","hexamod:BacktrackSmack","hexamod:SkipABeat+1"],"picked":"SKIP","floor":47},{"not_picked":["hexamod:Firestarter+1","hexamod:CatchUp+1","hexamod:Hexaguard"],"picked":"SKIP","floor":47},{"not_picked":["hexamod:ThermalTransfer+1","hexamod:HeatShield+1"],"picked":"hexamod:WildfireWeapon+1","floor":48},{"not_picked":["hexamod:SwordOfDarkness+1","hexamod:GhostLash+1"],"picked":"hexamod:EtherealExpedition+1","floor":48},{"not_picked":["hexamod:SpectersWail+1","hexamod:ShieldOfDarkness+1"],"picked":"hexamod:GhostOfSpirePast+1","floor":54}],"player_experience":508447,"relics_obtained":[{"floor":3,"key":"Oddly Smooth Stone"},{"floor":7,"key":"Frozen Egg 2"},{"floor":9,"key":"Potion Belt"},{"floor":10,"key":"Prayer Wheel"},{"floor":12,"key":"Pocketwatch"},{"floor":16,"key":"Gambling Chip"},{"floor":20,"key":"Juzu Bracelet"},{"floor":21,"key":"HornCleat"},{"floor":23,"key":"Nunchaku"},{"floor":26,"key":"Dead Branch"},{"floor":26,"key":"Regal Pillow"},{"floor":33,"key":"WingedGreaves"},{"floor":40,"key":"Lantern"},{"floor":43,"key":"Bottled Tornado"},{"floor":46,"key":"Dream Catcher"},{"floor":54,"key":"War Paint"}],"event_choices":[{"damage_healed":0,"gold_gain":0,"player_choice":"Success","damage_taken":7,"relics_obtained":["MawBank"],"max_hp_gain":0,"max_hp_loss":0,"event_name":"Scrap Ooze","floor":2,"gold_loss":0},{"damage_healed":0,"gold_gain":175,"player_choice":"AGREE","damage_taken":0,"max_hp_gain":0,"max_hp_loss":0,"event_name":"Liars Game","floor":8,"gold_loss":0,"cards_obtained":["Doubt"]},{"damage_healed":0,"gold_gain":0,"player_choice":"Trade","damage_taken":0,"relics_obtained":["NlothsMask"],"max_hp_gain":0,"max_hp_loss":0,"event_name":"FaceTrader","floor":27,"gold_loss":0},{"damage_healed":0,"gold_gain":0,"player_choice":"Ignored","damage_taken":0,"max_hp_gain":0,"max_hp_loss":0,"event_name":"NoteForYourself","floor":29,"gold_loss":0}],"is_beta":false,"boss_relics":[{"not_picked":["Tiny House","Pandora\u0027s Box"],"picked":"hexamod:UnbrokenSoul"},{"not_picked":["Astrolabe","Runic Pyramid"],"picked":"hexamod:IceCube"}],"items_purged_floors":[5,19,25,28,36],"is_endless":false,"potions_floor_spawned":[1,4,7,10,16,21,23,33,38,40,46],"ascension_level":0}}