{"host":"1mv6gj0zv8k9e9tz","time":1611255167,"event":{"mods":["AchievementEnabler","BaseMod","Better Third Choice","Colored Map","KOR Keyword Fix","Minty Spire (QoL Compilation)","Permanent Neow","Rare Cards Sparkle","StSLib"],"gold_per_floor":[119,119,129,129,54,97,97,135,214,139,139,139,155,155,155,244,244,258,5,5,5,25,25,44,44,112,133,158,158,158,158,158,235,235,250,260,274,292,317,317,317,317],"floor_reached":41,"language":"KOR","playtime":1419,"items_purged":["Injury","Defend_G"],"score":860,"play_id":"750131ae-09b3-4566-adcf-18af1ff4be8d","local_time":"20210122035247","is_ascension_mode":true,"campfire_choices":[{"data":"Venomology","floor":7.0,"key":"SMITH"},{"data":"Cloak And Dagger","floor":11.0,"key":"SMITH"},{"data":"Deadly Poison","floor":15.0,"key":"SMITH"},{"data":"Adrenaline","floor":23.0,"key":"SMITH"},{"data":"Corpse Explosion","floor":25.0,"key":"SMITH"},{"floor":30.0,"key":"REST"},{"data":"Catalyst","floor":32.0,"key":"SMITH"},{"floor":40,"key":"REST"}],"circlet_count":0,"master_deck":["AscendersBane","Strike_G","Strike_G","Strike_G","Strike_G","Defend_G+1","Defend_G","Defend_G","Defend_G","Survivor+1","Neutralize","Dagger Spray","Venomology+1","Cloak And Dagger+1","Deadly Poison+1","Corpse Explosion+1","Adrenaline+1","Bouncing Flask","Catalyst+1","Bullet Time","Noxious Fumes","Caltrops"],"relics":["Ring of the Snake","NeowsBlessing","Bloody Idol","Bronze Scales","Mummified Hand","Philosopher\u0027s Stone","MutagenicStrength","SlaversCollar","Du-Vu Doll"],"acts_visited":["Exordium","TheCity","TheBeyond"],"potions_floor_usage":[41,41],"damage_taken":[{"damage":0.0,"enemies":"2 Louse","floor":1.0,"turns":1.0},{"damage":0.0,"enemies":"Small Slimes","floor":3.0,"turns":1.0},{"damage":0.0,"enemies":"Lagavulin","floor":6.0,"turns":1.0},{"damage":0.0,"enemies":"Jaw Worm","floor":8.0,"turns":3.0},{"damage":7.0,"enemies":"Large Slime","floor":13.0,"turns":9.0},{"damage":23.0,"enemies":"The Guardian","floor":16.0,"turns":15.0},{"damage":4.0,"enemies":"Spheric Guardian","floor":18.0,"turns":5.0},{"damage":17.0,"enemies":"Chosen","floor":22.0,"turns":4.0},{"damage":0.0,"enemies":"3 Cultists","floor":24.0,"turns":2.0},{"damage":14.0,"enemies":"Shelled Parasite and Fungi","floor":27.0,"turns":5.0},{"damage":0.0,"enemies":"Centurion and Healer","floor":28.0,"turns":3.0},{"damage":11.0,"enemies":"Champ","floor":33.0,"turns":5.0},{"damage":0.0,"enemies":"3 Darklings","floor":35.0,"turns":1.0},{"damage":1.0,"enemies":"Orb Walker","floor":36.0,"turns":3.0},{"damage":13.0,"enemies":"Sphere and 2 Shapes","floor":37.0,"turns":4.0},{"damage":46.0,"enemies":"Maw","floor":38.0,"turns":6.0},{"damage":7,"enemies":"Mind Bloom Boss Battle","floor":39,"turns":5},{"damage":50,"enemies":"Reptomancer","floor":41,"turns":3}],"seed_played":"8859460413183802381","potions_obtained":[{"floor":1.0,"key":"ColorlessPotion"},{"floor":8.0,"key":"Dexterity Potion"},{"floor":16.0,"key":"Weak Potion"},{"floor":22.0,"key":"DuplicationPotion"},{"floor":28.0,"key":"Poison Potion"},{"floor":33.0,"key":"Poison Potion"},{"floor":35.0,"key":"Swift Potion"},{"floor":36.0,"key":"DistilledChaos"}],"is_trial":false,"path_per_floor":["M","?","M","?","$","E","R","M","T","?","R","?","M","$","R","B",null,"M","$","?","?","M","R","M","R","T","M","M","?","R","$","R","B",null,"M","M","M","M","?","R","E"],"character_chosen":"THE_SILENT","items_purchased":["Adrenaline"],"campfire_rested":2,"item_purchase_floors":[19],"current_hp_per_floor":[59,39,39,39,39,39,39,39,39,39,39,39,32,32,32,9,52,48,48,48,48,31,31,31,31,31,17,17,17,36,36,36,30,57,62,66,58,17,15,34,0,0],"gold":317,"neow_bonus":"THREE_ENEMY_KILL","is_daily":false,"chose_seed":false,"campfire_upgraded":6,"win_rate":0.0,"timestamp":1611255167,"path_taken":["M","?","M","?","?","E","R","M","T","?","R","?","M","$","R","BOSS","M","$","?","?","M","R","?","R","T","M","M","?","R","?","R","BOSS","M","?","M","M","?","R","E"],"items_purchased_type":["Card"],"build_version":"2020-12-22","purchased_purges":2,"victory":false,"max_hp_per_floor":[66,66,66,66,66,66,66,66,66,66,66,66,66,66,66,66,66,66,66,66,66,66,66,66,66,66,66,66,66,66,66,66,66,66,66,66,66,66,66,66,66,66],"card_choices":[{"not_picked":["Skewer","Deflect","Poisoned Stab"],"picked":"SKIP","floor":1.0},{"not_picked":["Choke","Underhanded Strike"],"picked":"Dagger Spray","floor":3.0},{"not_picked":["PiercingWail","Acrobatics"],"picked":"Venomology","floor":6.0},{"not_picked":["Acrobatics","Finisher"],"picked":"Cloak And Dagger","floor":8.0},{"not_picked":["Crippling Poison","Slice"],"picked":"Deadly Poison","floor":13.0},{"not_picked":["Tools of the Trade","Burst"],"picked":"Corpse Explosion","floor":16.0},{"not_picked":["Cloak And Dagger","Sucker Punch","Deflect"],"picked":"SKIP","floor":18.0},{"not_picked":["Finisher+1","Expertise","Flying Knee+1"],"picked":"SKIP","floor":22.0},{"not_picked":["Unload","Underhanded Strike","Dodge and Roll"],"picked":"SKIP","floor":24.0},{"not_picked":["Quick Slash","Dodge and Roll"],"picked":"Bouncing Flask","floor":27.0},{"not_picked":["Blur+1","Dagger Spray"],"picked":"Catalyst","floor":28.0},{"not_picked":["Unload","A Thousand Cuts"],"picked":"Bullet Time","floor":33.0},{"not_picked":["Tactician","Underhanded Strike","Reflex+1"],"picked":"SKIP","floor":35.0},{"not_picked":["Underhanded Strike+1","Endless Agony","Flying Knee"],"picked":"SKIP","floor":36.0},{"not_picked":["Sucker Punch","Deflect+1","Phantasmal Killer"],"picked":"SKIP","floor":37.0},{"not_picked":["Slice","Cloak And Dagger+1"],"picked":"Noxious Fumes","floor":38.0},{"not_picked":["Underhanded Strike","Distraction"],"picked":"Caltrops","floor":39}],"player_experience":542390,"relics_obtained":[{"floor":6.0,"key":"Bronze Scales"},{"floor":9.0,"key":"Mummified Hand"},{"floor":39,"key":"Du-Vu Doll"}],"event_choices":[{"damage_healed":59.0,"max_hp_gain":0.0,"max_hp_loss":66.0,"gold_gain":0.0,"event_name":"betterThird:BetterShining","player_choice":"Upgrade","floor":2.0,"gold_loss":0.0,"damage_taken":20.0,"cards_upgraded":["Survivor","Defend_G"]},{"damage_healed":0.0,"max_hp_gain":0.0,"max_hp_loss":0.0,"gold_gain":0.0,"event_name":"Golden Idol","player_choice":"Take Wound","floor":4.0,"gold_loss":0.0,"damage_taken":0.0,"relics_obtained":["Golden Idol"],"cards_obtained":["Injury"]},{"cards_removed":["Strike_G"],"damage_healed":0.0,"max_hp_gain":0.0,"max_hp_loss":0.0,"gold_gain":0.0,"event_name":"The Cleric","player_choice":"Card Removal","floor":10.0,"gold_loss":75.0,"damage_taken":0.0},{"damage_healed":0.0,"max_hp_gain":0.0,"max_hp_loss":0.0,"gold_gain":0.0,"event_name":"Dead Adventurer","player_choice":"Searched \u00270\u0027 times","floor":12.0,"gold_loss":0.0,"damage_taken":0.0},{"damage_healed":0.0,"max_hp_gain":0.0,"max_hp_loss":0.0,"gold_gain":0.0,"event_name":"Drug Dealer","player_choice":"Inject Mutagens","floor":20.0,"gold_loss":0.0,"damage_taken":0.0,"relics_obtained":["MutagenicStrength"]},{"damage_healed":0.0,"max_hp_gain":0.0,"max_hp_loss":0.0,"gold_gain":0.0,"event_name":"Ghosts","player_choice":"Ignored","floor":21.0,"gold_loss":0.0,"damage_taken":0.0},{"damage_healed":0.0,"max_hp_gain":0.0,"max_hp_loss":0.0,"gold_gain":0.0,"event_name":"Forgotten Altar","player_choice":"Gave Idol","floor":29.0,"relics_lost":["Golden Idol"],"gold_loss":0.0,"damage_taken":0.0,"relics_obtained":["Bloody Idol"]},{"damage_healed":0,"gold_gain":0,"player_choice":"Fight","damage_taken":0,"max_hp_gain":0,"max_hp_loss":0,"event_name":"MindBloom","floor":39,"gold_loss":0}],"is_beta":false,"boss_relics":[{"not_picked":["Sozu","Astrolabe"],"picked":"Philosopher\u0027s Stone"},{"not_picked":["WristBlade","Calling Bell"],"picked":"SlaversCollar"}],"items_purged_floors":[5,19],"is_endless":false,"potions_floor_spawned":[1,8,16,22,27,28,33,35,36],"killed_by":"Reptomancer","ascension_level":19}}