{"host":"owz3koe8l53nyxsy","time":1611245635,"event":{"mods":["BaseMod","Conspire","Minty Spire (QoL Compilation)","Replay The Spire","StSLib","SuperFastMode","[功能]功能增强和修复MOD"],"gold_per_floor":[110,110,185,234,78,119,4,39,64,64,103,169,24,45,45,365,365,381,405,333,333,351,351,61,102,102,0,0,2,2],"floor_reached":29,"language":"ZHS","playtime":1034,"items_purged":["Strike_B","Strike_B","Defend_B","Defend_B","Injury","Strike_B","Strike_B","ReplayTheSpireMod:Splinters","Pain","Regret","Looming Evil","Defend_B","Voices","Storm","Gash","Gash","Zap+1","Dualcast"],"score":381,"play_id":"d4e6d310-2b56-4acb-81d5-e41a3adba542","local_time":"20210122001355","is_ascension_mode":true,"campfire_choices":[{"data":"Storm","floor":10,"key":"SMITH"},{"data":"Zap","floor":15,"key":"SMITH"},{"data":"Creative AI","floor":23,"key":"SMITH"}],"circlet_count":0,"master_deck":["Defend_B","Turbo","Storm+1","Loop","Ball Lightning","Defragment","Self Repair","Crystallizer","Conserve Battery","Biased Cognition","Creative AI+1","Turbo","Echo Form","Panacea","Storm","FIFO Queue","Necronomicurse"],"relics":["Cracked Core","NeowsBlessing","Golden Idol","ReplayTheSpireMod:TigerMarble","Bag of Preparation","Bag of Marbles","Strawberry","Onion Ring","conspire:Dentures","Replay:Bottled Snecko","Replay:Ancient Bell","Lantern","Solar Panel","Gambling Chip","Prayer Wheel","Carrot","ReplayTheSpireMod:CursedCoin","Replay:Bandana","Boot","Replay:Mystery Machine","Mirror","Necronomicon"],"acts_visited":["Exordium","TheCity"],"potions_floor_usage":[11,11,11,16,16,29,29],"damage_taken":[{"damage":0,"enemies":"2 Louse","floor":1,"turns":1},{"damage":0,"enemies":"Gremlin Nob","floor":6,"turns":1},{"damage":0,"enemies":"Lagavulin","floor":8,"turns":1},{"damage":26,"enemies":"3 Sentries","floor":11,"turns":4},{"damage":0,"enemies":"Jaw Worm","floor":14,"turns":1},{"damage":30,"enemies":"Slime Boss","floor":16,"turns":7},{"damage":22,"enemies":"3 Byrds","floor":18,"turns":4},{"damage":12,"enemies":"Chosen","floor":19,"turns":2},{"damage":0,"enemies":"Snake Plant","floor":22,"turns":1},{"damage":12,"enemies":"Gremlin Leader","floor":25,"turns":4},{"damage":49,"enemies":"Colosseum Slavers","floor":29,"turns":3},{"damage":29,"enemies":"Colosseum Nobs","floor":29,"turns":2}],"seed_played":"6132458454920806645","potions_obtained":[{"floor":1,"key":"AttackPotion"},{"floor":6,"key":"EssenceOfSteel"},{"floor":8,"key":"SneckoOil"},{"floor":11,"key":"SneckoOil"},{"floor":14,"key":"Elixir"},{"floor":14,"key":"Toxic Potion"},{"floor":16,"key":"Ancient Potion"},{"floor":18,"key":"DuplicationPotion"}],"is_trial":false,"path_per_floor":["M","?","?","T","$","E","$","E","T","R","E","?","$","M","R","B",null,"M","M","$","?","M","R","$","E","T","$","?","?"],"character_chosen":"DEFECT","items_purchased":["Turbo","Storm","Loop","Ball Lightning","Crystallizer","Gash","Turbo","ReplayTheSpireMod:CursedCoin","Replay:Bandana","Boot","Panacea","Storm","FIFO Queue"],"campfire_rested":0,"item_purchase_floors":[5,5,7,7,13,13,20,24,24,24,24,24,27],"current_hp_per_floor":[75,75,64,64,64,64,64,64,71,71,45,45,45,45,45,22,67,58,59,59,59,72,72,72,71,71,71,55,0,0],"gold":2,"neow_bonus":"THREE_ENEMY_KILL","is_daily":false,"chose_seed":false,"campfire_upgraded":3,"win_rate":0.0,"timestamp":1611245635,"path_taken":["M","?","?","?","$","E","?","E","T","R","E","?","?","M","R","BOSS","M","M","$","?","?","R","$","E","T","$","?","?"],"items_purchased_type":["Card","Card","Card","Card","Card","Card","Card","Relic","Relic","Relic","Card","Card","Card"],"build_version":"2020-12-22","purchased_purges":18,"victory":false,"max_hp_per_floor":[75,75,75,75,75,75,75,75,82,82,82,82,82,82,82,82,82,82,82,82,82,82,82,82,82,82,82,82,82,82],"card_choices":[{"not_picked":["Force Field","Tempest"],"picked":"Gash","floor":1},{"not_picked":["Compile Driver","FTL"],"picked":"Storm","floor":6},{"not_picked":["Redo","Blizzard","Hologram"],"picked":"SKIP","floor":8},{"not_picked":["Reprogram","Barrage","Cold Snap"],"picked":"SKIP","floor":11},{"not_picked":["Leap","Barrage"],"picked":"Defragment","floor":12},{"not_picked":["Cold Snap","Coolheaded"],"picked":"Self Repair","floor":12},{"not_picked":["Redo","Stack"],"picked":"Conserve Battery","floor":14},{"not_picked":["Multi-Cast","ReplayTheSpireMod:Omega Cannon"],"picked":"ReplayTheSpireMod:Fabricate Wheel","floor":16},{"not_picked":["Core Surge","ReplayTheSpireMod:Fabricate Wheel"],"picked":"Biased Cognition","floor":16},{"not_picked":["ReplayTheSpireMod:Omega Cannon","Meteor Strike"],"picked":"Creative AI","floor":16},{"not_picked":["ReplayTheSpireMod:IOU","ReplayTheSpireMod:Restless Dread"],"picked":"Looming Evil","floor":17},{"not_picked":["Pain","Writhe"],"picked":"Regret","floor":17},{"not_picked":["Normality","ReplayTheSpireMod:Faulty Equipment"],"picked":"Pain","floor":17},{"not_picked":["Barrage+1","Force Field","Stack"],"picked":"SKIP","floor":18},{"not_picked":["Conserve Battery","Fusion+1","Compile Driver"],"picked":"SKIP","floor":18},{"not_picked":["ReplayTheSpireMod:Repulse","Crystallizer","ReplayTheSpireMod:System Scan+1"],"picked":"SKIP","floor":19},{"not_picked":["Redo","Aggregate","Time Bomb"],"picked":"SKIP","floor":19},{"not_picked":["Genetic Algorithm+1","BasicCrystalCard+1"],"picked":"Echo Form","floor":22},{"not_picked":["Rebound","Chaos","Barrage"],"picked":"SKIP","floor":22},{"not_picked":["Stack","conspire:Rain","Panic Button"],"picked":"SKIP","floor":25}],"player_experience":39659,"relics_obtained":[{"floor":4,"key":"ReplayTheSpireMod:TigerMarble"},{"floor":6,"key":"Bag of Preparation"},{"floor":8,"key":"Bag of Marbles"},{"floor":9,"key":"Strawberry"},{"floor":11,"key":"Onion Ring"},{"floor":12,"key":"conspire:Dentures"},{"floor":16,"key":"Replay:Bottled Snecko"},{"floor":25,"key":"Replay:Mystery Machine"},{"floor":26,"key":"Mirror"},{"floor":28,"key":"Necronomicon"}],"event_choices":[{"damage_healed":0,"gold_gain":0,"player_choice":"Take Wound","damage_taken":0,"relics_obtained":["Golden Idol"],"max_hp_gain":0,"max_hp_loss":0,"event_name":"Golden Idol","floor":2,"gold_loss":0,"cards_obtained":["Injury"]},{"damage_healed":0,"gold_gain":75,"player_choice":"Gather Gold","damage_taken":11,"max_hp_gain":0,"max_hp_loss":0,"event_name":"World of Goop","floor":3,"gold_loss":0},{"damage_healed":0,"gold_gain":0,"player_choice":"Opened","damage_taken":0,"relics_obtained":["Carrot"],"max_hp_gain":0,"max_hp_loss":0,"event_name":"The Mausoleum","floor":21,"gold_loss":0},{"damage_healed":0,"gold_gain":0,"player_choice":"Obtained Book","damage_taken":16,"max_hp_gain":0,"max_hp_loss":0,"event_name":"Cursed Tome","floor":28,"gold_loss":0},{"damage_healed":0,"gold_gain":0,"player_choice":"Fight","damage_taken":0,"max_hp_gain":0,"max_hp_loss":0,"event_name":"Colosseum","floor":29,"gold_loss":0},{"damage_healed":0,"gold_gain":0,"player_choice":"Fought Nobs","damage_taken":0,"max_hp_gain":0,"max_hp_loss":0,"event_name":"Colosseum","floor":29,"gold_loss":0}],"is_beta":false,"boss_relics":[{"not_picked":["Honey Jar","Coffee Dripper"],"picked":"Replay:Ancient Bell"},{"not_picked":["Gremlin Food","Replay:Baseball"],"picked":"Lantern"},{"not_picked":["conspire:DecoderRing","Question Card"],"picked":"Solar Panel"},{"not_picked":["Incense Burner","Counterbalance"],"picked":"Gambling Chip"}],"items_purged_floors":[5,5,5,5,5,13,13,13,20,20,20,20,24,24,27,27,27,27],"is_endless":false,"potions_floor_spawned":[1,6,8,11,14,14,16,18,22,25,25,25,29],"killed_by":"Colosseum Nobs","ascension_level":5}}