{"host":"2lo6hma6kymb0g9i","time":1611204174,"event":{"mods":["BaseMod","Colored Map","DeckTracker","Minty Spire (QoL Compilation)"],"gold_per_floor":[117,117,267,4,4,29,41,41,41,71,81,94,109,127,127,206,206,218,218,74,74,74,74,74],"floor_reached":23,"language":"JPN","playtime":1025,"items_purged":["Doubt","Strike_B"],"score":448,"play_id":"8f67d048-b9b2-49df-bf60-fd192092e17c","local_time":"20210121134254","is_ascension_mode":true,"campfire_choices":[{"data":"Apotheosis","floor":15,"key":"SMITH"}],"circlet_count":0,"master_deck":["AscendersBane","Strike_B","Strike_B","Strike_B","Defend_B","Defend_B","Defend_B","Defend_B","Zap","Dualcast","Apotheosis+1","Cold Snap","Streamline","Cold Snap","Coolheaded","Reboot","All For One","Blizzard"],"relics":["Cracked Core","NeowsBlessing","Shuriken","Orichalcum","Bird Faced Urn","Bronze Scales","Cursed Key"],"acts_visited":["Exordium","TheCity"],"potions_floor_usage":[10,16,16,23],"damage_taken":[{"damage":0,"enemies":"2 Louse","floor":1,"turns":1},{"damage":0,"enemies":"3 Sentries","floor":6,"turns":1},{"damage":0,"enemies":"Jaw Worm","floor":7,"turns":1},{"damage":32,"enemies":"Gremlin Nob","floor":10,"turns":6},{"damage":0,"enemies":"Cultist","floor":11,"turns":3},{"damage":6,"enemies":"Exordium Wildlife","floor":12,"turns":4},{"damage":6,"enemies":"Lots of Slimes","floor":13,"turns":4},{"damage":4,"enemies":"3 Louse","floor":14,"turns":3},{"damage":13,"enemies":"Slime Boss","floor":16,"turns":8},{"damage":14,"enemies":"Shell Parasite","floor":18,"turns":4},{"damage":28,"enemies":"Book of Stabbing","floor":23,"turns":3}],"seed_played":"8214379455798826810","potions_obtained":[{"floor":7,"key":"SneckoOil"},{"floor":12,"key":"SteroidPotion"},{"floor":13,"key":"Strength Potion"},{"floor":16,"key":"SpeedPotion"},{"floor":18,"key":"Fire Potion"}],"is_trial":false,"path_per_floor":["M","$","?","$","?","E","M","T","T","E","M","M","M","M","R","B",null,"M","?","$","?","?","E"],"character_chosen":"DEFECT","items_purchased":["Apotheosis","Blizzard"],"campfire_rested":0,"item_purchase_floors":[4,20],"current_hp_per_floor":[64,64,64,64,64,64,64,64,64,32,32,26,20,16,16,3,54,40,20,20,20,20,0,0],"gold":74,"neow_bonus":"THREE_ENEMY_KILL","is_daily":false,"chose_seed":false,"campfire_upgraded":1,"win_rate":0.0,"timestamp":1611204174,"path_taken":["M","$","?","$","?","E","?","?","T","E","M","M","M","?","R","BOSS","M","?","$","?","?","E"],"items_purchased_type":["Card","Card"],"build_version":"2020-12-22","purchased_purges":2,"victory":false,"max_hp_per_floor":[71,71,71,71,71,71,71,71,71,71,71,71,71,71,71,71,71,71,76,76,76,76,76,76],"card_choices":[{"not_picked":["Chill","Coolheaded"],"picked":"Conserve Battery","floor":1},{"not_picked":["Hologram","Sweeping Beam","Ball Lightning"],"picked":"SKIP","floor":6},{"not_picked":["Rip and Tear","Auto Shields"],"picked":"Cold Snap","floor":7},{"not_picked":["Seek","Amplify"],"picked":"Streamline","floor":10},{"not_picked":["Leap","Hologram"],"picked":"Cold Snap","floor":11},{"not_picked":["Redo","Gash"],"picked":"Coolheaded","floor":12},{"not_picked":["Redo","Consume","Heatsinks"],"picked":"SKIP","floor":13},{"not_picked":["Sweeping Beam","Beam Cell"],"picked":"Reboot","floor":14},{"not_picked":["Rainbow","Reboot"],"picked":"All For One","floor":16},{"not_picked":["Coolheaded","Compile Driver","Steam"],"picked":"SKIP","floor":18}],"player_experience":1103880,"relics_obtained":[{"floor":8,"key":"Orichalcum"},{"floor":9,"key":"Bird Faced Urn"},{"floor":10,"key":"Bronze Scales"}],"event_choices":[{"damage_healed":0,"gold_gain":150,"player_choice":"AGREE","damage_taken":0,"max_hp_gain":0,"max_hp_loss":0,"event_name":"Liars Game","floor":3,"gold_loss":0,"cards_obtained":["Doubt"]},{"cards_removed":["Conserve Battery"],"damage_healed":0,"gold_gain":0,"player_choice":"Gave Card","damage_taken":0,"relics_obtained":["Shuriken"],"max_hp_gain":0,"max_hp_loss":0,"event_name":"WeMeetAgain","floor":5,"gold_loss":0},{"damage_healed":0,"gold_gain":0,"player_choice":"Shed Blood","damage_taken":25,"max_hp_gain":5,"max_hp_loss":0,"event_name":"Forgotten Altar","floor":19,"gold_loss":0},{"damage_healed":0,"gold_gain":0,"player_choice":"Ignored","damage_taken":0,"max_hp_gain":0,"max_hp_loss":0,"event_name":"Vampires","floor":21,"gold_loss":0},{"damage_healed":0,"gold_gain":0,"player_choice":"Ignored","damage_taken":0,"max_hp_gain":0,"max_hp_loss":0,"event_name":"The Mausoleum","floor":22,"gold_loss":0}],"is_beta":false,"boss_relics":[{"not_picked":["Black Star","Philosopher\u0027s Stone"],"picked":"Cursed Key"}],"items_purged_floors":[4,20],"is_endless":false,"potions_floor_spawned":[7,12,13,14,16,18],"killed_by":"Book of Stabbing","ascension_level":20}}