{"host":"wl47xhfxme4nig5w","time":1611201540,"event":{"mods":["BaseMod","Colored Map","Colored Powertips","Googly Eyes","Minty Spire (QoL Compilation)","StSLib","SuperFastMode","everything is the same but u backflip on backflip","slay the spire mod where everything is the same but ironclad has a cowboy hat"],"gold_per_floor":[112,112,112,132,147,147,175,187,238,238,257,283,296,307,307,307,307],"floor_reached":16,"language":"ENG","playtime":491,"items_purged":[],"score":125,"play_id":"07754631-8df3-4cac-8b6a-ccdd56e8ed4f","local_time":"20210120195900","is_ascension_mode":true,"campfire_choices":[{"data":"Trip","floor":6,"key":"SMITH"},{"floor":10,"key":"REST"},{"data":"Twin Strike","floor":15,"key":"SMITH"}],"circlet_count":0,"master_deck":["Strike_R","Strike_R","Strike_R","Strike_R","Strike_R","Defend_R+1","Defend_R","Defend_R","Bash","Trip+1","Armaments+1","Armaments","Thunderclap","Twin Strike+1","Rage"],"relics":["Burning Blood","NeowsBlessing","Mercury Hourglass","War Paint","Bag of Marbles"],"acts_visited":["Exordium"],"potions_floor_usage":[7,13,14],"damage_taken":[{"damage":0,"enemies":"Small Slimes","floor":1,"turns":1},{"damage":0,"enemies":"Cultist","floor":4,"turns":1},{"damage":0,"enemies":"Jaw Worm","floor":5,"turns":1},{"damage":58,"enemies":"3 Sentries","floor":7,"turns":12},{"damage":22,"enemies":"Gremlin Gang","floor":8,"turns":4},{"damage":7,"enemies":"Exordium Wildlife","floor":11,"turns":4},{"damage":0,"enemies":"3 Louse","floor":13,"turns":2},{"damage":3,"enemies":"Looter","floor":14,"turns":3},{"damage":59,"enemies":"Hexaghost","floor":16,"turns":10}],"seed_played":"5211336933226708755","potions_obtained":[{"floor":4,"key":"Block Potion"},{"floor":8,"key":"Ancient Potion"},{"floor":11,"key":"PowerPotion"},{"floor":13,"key":"Regen Potion"}],"is_trial":false,"path_per_floor":["M","?","?","M","M","R","E","M","T","R","M","T","M","M","R","B"],"character_chosen":"IRONCLAD","items_purchased":[],"campfire_rested":1,"item_purchase_floors":[],"current_hp_per_floor":[80,73,73,79,80,80,28,12,12,36,35,35,41,53,53,0,0],"gold":307,"neow_bonus":"THREE_ENEMY_KILL","is_daily":false,"chose_seed":false,"campfire_upgraded":2,"win_rate":0.0,"timestamp":1611201540,"path_taken":["M","?","?","M","M","R","E","?","T","R","M","?","M","M","R","BOSS"],"items_purchased_type":[],"build_version":"2020-12-22","purchased_purges":0,"victory":false,"max_hp_per_floor":[80,80,80,80,80,80,80,80,80,80,80,80,80,80,80,80,80],"card_choices":[{"not_picked":["Clothesline","Spot Weakness","Warcry"],"picked":"SKIP","floor":1},{"not_picked":["Heavy Blade","Shrug It Off"],"picked":"Armaments","floor":4},{"not_picked":["Clothesline","Wild Strike","Power Through"],"picked":"SKIP","floor":5},{"not_picked":["Fiend Fire","Thunderclap"],"picked":"Armaments","floor":7},{"not_picked":["True Grit","Anger"],"picked":"Thunderclap","floor":8},{"not_picked":["Clash","Sword Boomerang"],"picked":"Twin Strike","floor":11},{"not_picked":["Havoc","Shrug It Off"],"picked":"Rage","floor":13},{"not_picked":["Limit Break","Feel No Pain","Twin Strike"],"picked":"SKIP","floor":14}],"player_experience":346899,"relics_obtained":[{"floor":7,"key":"Mercury Hourglass"},{"floor":9,"key":"War Paint"},{"floor":12,"key":"Bag of Marbles"}],"event_choices":[{"cards_removed":["Defend_R"],"damage_healed":0,"gold_gain":0,"player_choice":"Card Removal","damage_taken":7,"max_hp_gain":0,"max_hp_loss":0,"event_name":"Golden Wing","floor":2,"gold_loss":0},{"damage_healed":0,"gold_gain":0,"player_choice":"1 cards matched","damage_taken":0,"max_hp_gain":0,"max_hp_loss":0,"event_name":"Match and Keep!","floor":3,"gold_loss":0,"cards_obtained":["Trip"]}],"is_beta":false,"boss_relics":[],"items_purged_floors":[],"is_endless":false,"potions_floor_spawned":[4,8,11,13],"killed_by":"Hexaghost","ascension_level":4}}