{"host":"12g8pzxdn4uh7yby","time":1611192044,"event":{"mods":["AchievementEnabler","BaseMod","Colored Map","Highlight Path","Minty Spire (QoL Compilation)","Relic Stats","StSLib"],"gold_per_floor":[119,134,134,134,152,186,186,217,217,260,273,273,0,36,36,155,155,180,205,205,205,32,65,65,96,96,111,126,126,139,154,154,274,274,295,308,324,657,235,235,262,277,277,312,339,351,394,424,436,448,460,472,0,27,27],"floor_reached":56,"playtime":8998,"items_purged":["Strike_P","SignatureMove+1"],"score":1437,"play_id":"a628d6de-9e69-441c-8a5a-c5f17445f11c","local_time":"20210120182044","is_ascension_mode":true,"campfire_choices":[{"data":"WheelKick","floor":7.0,"key":"SMITH"},{"data":"Meditate","floor":12.0,"key":"SMITH"},{"data":"ThirdEye","floor":15.0,"key":"SMITH"},{"data":"Fasting2","floor":24.0,"key":"SMITH"},{"floor":29,"key":"REST"},{"data":"Study","floor":32,"key":"SMITH"},{"floor":40,"key":"RECALL"},{"floor":49,"key":"REST"},{"floor":52,"key":"REST"}],"circlet_count":0,"master_deck":["Defend_P+1","Defend_P+1","Defend_P+1","Eruption+1","Vigilance+1","Study+1","WheelKick+1","Consecrate+1","WaveOfTheHand+1","LikeWater+1","JustLucky+1","Meditate+1","LessonLearned+1","ThirdEye+1","DevaForm+1","Adaptation+1","Fasting2+1","TalkToTheHand+1","Sanctity+1","ClearTheMind+1","Wallop+1","Blasphemy+1","CutThroughFate+1","EmptyMind+1","CutThroughFate+1","Tantrum+1","Tantrum+1","Halt+1","Secret Weapon+1","Adaptation+1","CrushJoints+1","Dark Shackles","FollowUp+1"],"relics":["HolyWater","Mummified Hand","Lizard Tail","FossilizedHelix","Lantern","Molten Egg 2","Empty Cage","Pen Nib","Blood Vial","Bag of Marbles","Bird Faced Urn","Gremlin Horn","MawBank","Boot","Cauldron","Happy Flower"],"acts_visited":["Exordium","TheCity","TheBeyond","TheEnding"],"potions_floor_usage":[27,33,42,44,50,55,55,55],"damage_taken":[{"damage":3.0,"enemies":"Jaw Worm","floor":1.0,"turns":5.0},{"damage":4.0,"enemies":"2 Louse","floor":2.0,"turns":3.0},{"damage":3.0,"enemies":"Small Slimes","floor":5.0,"turns":2.0},{"damage":20.0,"enemies":"3 Sentries","floor":6.0,"turns":5.0},{"damage":18.0,"enemies":"Gremlin Nob","floor":8.0,"turns":4.0},{"damage":0.0,"enemies":"Lagavulin","floor":10.0,"turns":3.0},{"damage":0.0,"enemies":"Blue Slaver","floor":11.0,"turns":1.0},{"damage":22.0,"enemies":"Gremlin Nob","floor":14.0,"turns":6.0},{"damage":22.0,"enemies":"Hexaghost","floor":16.0,"turns":9.0},{"damage":8.0,"enemies":"Chosen","floor":18.0,"turns":10.0},{"damage":7.0,"enemies":"2 Thieves","floor":19.0,"turns":4.0},{"damage":8.0,"enemies":"Gremlin Leader","floor":23.0,"turns":5.0},{"damage":28.0,"enemies":"Slavers","floor":25.0,"turns":8.0},{"damage":0,"enemies":"Sentry and Sphere","floor":27,"turns":6},{"damage":0,"enemies":"Snake Plant","floor":28,"turns":6},{"damage":0,"enemies":"3 Cultists","floor":30,"turns":3},{"damage":0,"enemies":"Centurion and Healer","floor":31,"turns":5},{"damage":6,"enemies":"Champ","floor":33,"turns":7},{"damage":5,"enemies":"3 Shapes","floor":35,"turns":3},{"damage":19,"enemies":"3 Darklings","floor":36,"turns":3},{"damage":0,"enemies":"Sphere and 2 Shapes","floor":37,"turns":5},{"damage":4,"enemies":"Giant Head","floor":41,"turns":6},{"damage":0,"enemies":"Transient","floor":42,"turns":5},{"damage":0,"enemies":"Nemesis","floor":44,"turns":5},{"damage":0,"enemies":"Jaw Worm Horde","floor":45,"turns":4},{"damage":0,"enemies":"Reptomancer","floor":47,"turns":3},{"damage":28,"enemies":"Writhing Mass","floor":48,"turns":2},{"damage":5,"enemies":"Time Eater","floor":50,"turns":5},{"damage":0,"enemies":"Shield and Spear","floor":54,"turns":4},{"damage":35,"enemies":"The Heart","floor":55,"turns":6}],"seed_played":"-3746245104871519207","potions_obtained":[{"floor":1.0,"key":"LiquidMemories"},{"floor":5.0,"key":"LiquidMemories"},{"floor":6.0,"key":"FearPotion"},{"floor":11.0,"key":"BottledMiracle"},{"floor":14.0,"key":"Strength Potion"},{"floor":25,"key":"LiquidMemories"},{"floor":27,"key":"Explosive Potion"},{"floor":30,"key":"Energy Potion"},{"floor":33,"key":"Strength Potion"},{"floor":36,"key":"DistilledChaos"},{"floor":42,"key":"AttackPotion"},{"floor":53,"key":"DuplicationPotion"},{"floor":53,"key":"GamblersBrew"}],"is_trial":false,"path_per_floor":["M","M","?","?","M","E","R","E","T","E","M","R","$","E","R","B",null,"M","M","?","?","$","E","R","E","T","M","M","R","M","M","R","B",null,"M","M","M","?","$","R","E","M","T","E","M","?","E","M","R","B",null,"R","$","E","B",null],"character_chosen":"WATCHER","items_purchased":["LessonLearned","ThirdEye","TalkToTheHand+1","Sanctity","ClearTheMind","EmptyMind","Bird Faced Urn","PowerPotion","Dark Shackles","FollowUp+1","SteroidPotion","ColorlessPotion","Cauldron"],"campfire_rested":3,"item_purchase_floors":[13,13,22,22,22,39,39,39,53,53,53,53,53],"current_hp_per_floor":[69,65,65,58,55,35,35,17,17,17,17,17,17,33,33,11,67,59,52,52,52,52,44,44,16,16,18,20,40,42,44,44,40,67,62,45,47,47,47,47,55,67,67,67,67,62,67,39,59,62,67,67,67,67,43],"gold":27,"neow_bonus":"TRANSFORM_CARD","is_daily":false,"chose_seed":false,"campfire_upgraded":5,"win_rate":0.0,"timestamp":1611192044,"path_taken":["M","M","?","?","M","E","R","E","T","E","M","R","$","E","R","BOSS","M","M","?","?","?","E","R","E","T","M","M","R","M","M","R","BOSS","M","M","M","?","$","R","E","M","T","E","M","?","E","M","R","BOSS","R","$","E","BOSS"],"items_purchased_type":["Card","Card","Card","Card","Card","Card","Relic","Potion","Card","Card","Potion","Potion","Relic"],"build_version":"2020-12-13","purchased_purges":2,"victory":true,"max_hp_per_floor":[72,72,67,67,67,67,67,67,67,67,67,67,67,67,67,67,67,67,67,67,67,67,67,67,67,67,67,67,67,67,67,67,67,67,67,67,67,67,67,67,67,67,67,67,67,67,67,67,67,67,67,67,67,67,67],"relic_stats":{"Blood Vial":22,"Lizard Tail":33,"Gremlin Horn":[7,7],"Happy Flower":[2],"counters":[30,143],"Mummified Hand":[116],"Bird Faced Urn":[40],"Pen Nib":[19],"MawBank":108,"Boot":[23],"obtain_stats":[{"Lantern":10,"Gremlin Horn":41,"Happy Flower":54,"Golden Idol":3,"Pen Nib":23,"Empty Cage":17,"MawBank":44,"Boot":47,"Blood Vial":25,"Cauldron":53,"Lizard Tail":8,"Mummified Hand":6,"Bird Faced Urn":39,"HolyWater":34,"Molten Egg 2":14,"Bag of Marbles":26,"PureWater":0,"FossilizedHelix":9},{"Lantern":6,"Gremlin Horn":22,"Happy Flower":29,"Golden Idol":2,"Pen Nib":12,"Empty Cage":9,"MawBank":24,"Boot":26,"Blood Vial":13,"Cauldron":28,"Lizard Tail":5,"Mummified Hand":4,"Bird Faced Urn":21,"HolyWater":18,"Molten Egg 2":8,"Bag of Marbles":13,"PureWater":0,"FossilizedHelix":5},{"Lantern":22,"Gremlin Horn":109,"Happy Flower":137,"Golden Idol":8,"Pen Nib":57,"Empty Cage":38,"MawBank":119,"Boot":126,"Blood Vial":65,"Cauldron":133,"Lizard Tail":19,"Mummified Hand":15,"Bird Faced Urn":103,"HolyWater":92,"Molten Egg 2":29,"Bag of Marbles":65,"PureWater":0,"FossilizedHelix":19}]},"card_choices":[{"not_picked":["Meditate","Protect"],"picked":"WheelKick","floor":1.0},{"not_picked":["BattleHymn","ReachHeaven"],"picked":"Consecrate","floor":2.0},{"not_picked":["JustLucky","FlurryOfBlows"],"picked":"WaveOfTheHand","floor":5.0},{"not_picked":["Nirvana","FollowUp"],"picked":"LikeWater","floor":6.0},{"not_picked":["Weave","Crescendo"],"picked":"JustLucky","floor":8.0},{"not_picked":["SashWhip","Study"],"picked":"Meditate","floor":10.0},{"not_picked":["SandsOfTime","FlyingSleeves","Swivel"],"picked":"SKIP","floor":11.0},{"not_picked":["BowlingBash+1","Vengeance","SandsOfTime+1"],"picked":"SKIP","floor":14.0},{"not_picked":["Blasphemy","ConjureBlade"],"picked":"DevaForm","floor":16.0},{"not_picked":["Protect","PathToVictory"],"picked":"Adaptation","floor":18.0},{"not_picked":["WindmillStrike+1","EmptyFist+1","WheelKick+1"],"picked":"SKIP","floor":19.0},{"not_picked":["LessonLearned+1","SandsOfTime+1"],"picked":"SignatureMove+1","floor":23.0},{"not_picked":["Adaptation","JustLucky+1"],"picked":"Wallop+1","floor":25},{"not_picked":["ReachHeaven+1","FlurryOfBlows+1","Crescendo"],"picked":"SKIP","floor":27},{"not_picked":["Worship","PathToVictory","Weave+1"],"picked":"SKIP","floor":28},{"not_picked":["CarveReality+1","FearNoEvil+1","ClearTheMind"],"picked":"SKIP","floor":30},{"not_picked":["Conclude+1","JustLucky+1","Perseverance"],"picked":"SKIP","floor":31},{"not_picked":["LessonLearned+1","MasterReality"],"picked":"Blasphemy","floor":33},{"not_picked":["FlyingSleeves+1","JustLucky+1","Weave+1"],"picked":"SKIP","floor":35},{"not_picked":["Indignation","FollowUp+1"],"picked":"CutThroughFate+1","floor":36},{"not_picked":["Halt","BattleHymn+1","Weave+1"],"picked":"SKIP","floor":37},{"not_picked":["Consecrate+1","FlyingSleeves+1"],"picked":"CutThroughFate+1","floor":41},{"not_picked":["CrushJoints+1","EmptyMind+1"],"picked":"Tantrum+1","floor":42},{"not_picked":["ClearTheMind","Worship"],"picked":"Tantrum+1","floor":44},{"not_picked":["EmptyBody","PathToVictory+1"],"picked":"Halt+1","floor":45},{"not_picked":["HandOfGreed+1","Purity"],"picked":"Secret Weapon","floor":46},{"not_picked":["FollowUp+1","EmptyBody"],"picked":"Adaptation+1","floor":47},{"not_picked":["CutThroughFate+1","FlurryOfBlows+1"],"picked":"CrushJoints+1","floor":48},{"not_picked":["JustLucky+1","Indignation","CrushJoints+1"],"picked":"SKIP","floor":54}],"player_experience":59903,"relics_obtained":[{"floor":6.0,"key":"Mummified Hand"},{"floor":8.0,"key":"Lizard Tail"},{"floor":9.0,"key":"FossilizedHelix"},{"floor":10.0,"key":"Lantern"},{"floor":14.0,"key":"Molten Egg 2"},{"floor":23.0,"key":"Pen Nib"},{"floor":25,"key":"Blood Vial"},{"floor":26,"key":"Bag of Marbles"},{"floor":41,"key":"Gremlin Horn"},{"floor":44,"key":"MawBank"},{"floor":47,"key":"Boot"},{"floor":54,"key":"Happy Flower"}],"event_choices":[{"damage_healed":0.0,"max_hp_gain":0.0,"max_hp_loss":5.0,"gold_gain":0.0,"event_name":"Golden Idol","player_choice":"Lose Max HP","floor":3.0,"gold_loss":0.0,"damage_taken":0.0,"relics_obtained":["Golden Idol"]},{"cards_removed":["Strike_P"],"damage_healed":0.0,"max_hp_gain":0.0,"max_hp_loss":0.0,"gold_gain":0.0,"event_name":"Golden Wing","player_choice":"Card Removal","floor":4.0,"gold_loss":0.0,"damage_taken":7.0},{"damage_healed":0.0,"max_hp_gain":0.0,"max_hp_loss":0.0,"gold_gain":0.0,"event_name":"Vampires","player_choice":"Ignored","floor":20.0,"gold_loss":0.0,"damage_taken":0.0},{"damage_healed":0.0,"max_hp_gain":0.0,"max_hp_loss":0.0,"gold_gain":0.0,"event_name":"The Library","player_choice":"Read","floor":21.0,"gold_loss":0.0,"damage_taken":0.0,"cards_obtained":["Fasting2"]},{"damage_healed":0,"gold_gain":333,"player_choice":"Gave Idol","damage_taken":0,"max_hp_gain":0,"max_hp_loss":0,"event_name":"The Moai Head","floor":38,"relics_lost":["Golden Idol"],"gold_loss":0},{"damage_healed":0,"gold_gain":0,"player_choice":"Memory 2","damage_taken":5,"max_hp_gain":0,"max_hp_loss":0,"event_name":"SensoryStone","floor":46,"gold_loss":0}],"is_beta":false,"boss_relics":[{"not_picked":["Fusion Hammer","Cursed Key"],"picked":"Empty Cage"},{"not_picked":["Coffee Dripper","Pandora\u0027s Box"],"picked":"HolyWater"}],"items_purged_floors":[13,53],"is_endless":false,"potions_floor_spawned":[1,5,6,11,14,23,25,27,28,30,33,35,36,41,42,54],"ascension_level":1}}