{"host":"q3lif1jtip1s8oen","time":1611195044,"event":{"mods":["2.2 Compatiblity","BaseMod","Better Note","Marisa????????","Minty Spire (QoL Compilation)","READ ME - Guardian Mod","Rare Cards Sparkle","StSLib","The Cursed","The Jungle","The Runesmith","The Servant 0.9.4"],"gold_per_floor":[110,125,125,158,333,333,408,451,451,451,486,512,512,561,561,681,681,714,725,410,410,410,410,37,91,91,102,102,102,102],"floor_reached":29,"language":"ENG","playtime":2512,"items_purged":[],"score":317,"play_id":"d99832ee-a94f-4a72-91ee-c424ae74a601","local_time":"20210120181042","is_ascension_mode":true,"campfire_choices":[{"data":"MagicChant","floor":6,"key":"SMITH"},{"data":"NonDirectionalLaser","floor":10,"key":"SMITH"},{"data":"StarBarrage","floor":13,"key":"SMITH"},{"data":"GalacticHalo","floor":15,"key":"SMITH"},{"data":"MysteriousBeam","floor":23,"key":"SMITH"}],"circlet_count":0,"master_deck":["Strike_MRS","Strike_MRS","Strike_MRS","Strike_MRS","Defend_MRS","Defend_MRS","Defend_MRS","Defend_MRS","MasterSpark","UpSweep","NonDirectionalLaser+1","WitchOfGreed","MagicChant+1","Doubt","CasketOfStar","GrandCross","StarBarrage+1","GalacticHalo+1","MaximisePower","MachineGunSpark+1","6A+1","MysteriousBeam+1","PowerUp","BlazeAway+1","UltimateShortwave+1","BlazingStar+1"],"relics":["MiniHakkero","NeowsBlessing","StrikeDummy","Bottled Flame","WingedGreaves","RampagingMagicTools","Runesmith:Nanobots","Toxic Egg 2","Anchor","Lee\u0027s Waffle","Molten Egg 2","Shovel"],"acts_visited":["Exordium","Exordium"],"potions_floor_usage":[3,8,8,11,12,14,14,14,18,19,29],"damage_taken":[{"damage":0,"enemies":"2 Louse","floor":1,"turns":1},{"damage":0,"enemies":"Cultist","floor":2,"turns":1},{"damage":0,"enemies":"Small Slimes","floor":4,"turns":4},{"damage":22,"enemies":"Gremlin Nob","floor":8,"turns":4},{"damage":3,"enemies":"Blue Slaver","floor":11,"turns":3},{"damage":5,"enemies":"Looter","floor":12,"turns":3},{"damage":0,"enemies":"Lagavulin","floor":14,"turns":4},{"damage":25,"enemies":"Slime Boss","floor":16,"turns":10},{"damage":17,"enemies":"theJungle:MUSHROOMGANG","floor":18,"turns":3},{"damage":34,"enemies":"Shell Parasite","floor":19,"turns":4},{"damage":38,"enemies":"theJungle:MamaSnecko","floor":25,"turns":4},{"damage":0,"enemies":"theJungle:Lyon","floor":27,"turns":2},{"damage":32,"enemies":"theJungle:2_Snecko_Cultists","floor":29,"turns":3}],"seed_played":"-767435083117610861","potions_obtained":[{"floor":1,"key":"ColorlessPotion"},{"floor":3,"key":"Fruit Juice"},{"floor":3,"key":"LiquidMemories"},{"floor":3,"key":"Block Potion"},{"floor":8,"key":"EssenceOfSteel"},{"floor":8,"key":"BottledSpark"},{"floor":11,"key":"Dexterity Potion"},{"floor":12,"key":"Explosive Potion"},{"floor":16,"key":"Strength Potion"},{"floor":18,"key":"Fire Potion"},{"floor":19,"key":"Block Potion"},{"floor":25,"key":"Block Potion"}],"is_trial":false,"path_per_floor":["M","M","?","M","?","R","?","E","T","R","M","M","R","E","R","B",null,"M","M","$","?","?","R","$","E","T","M","?","M"],"character_chosen":"MARISA","items_purchased":["Runesmith:Nanobots","MysteriousBeam","PowerUp","Anchor","Lee\u0027s Waffle","BlazeAway+1"],"campfire_rested":0,"item_purchase_floors":[20,20,20,24,24,24],"current_hp_per_floor":[75,75,80,80,80,80,72,50,50,50,47,42,42,42,42,17,80,63,29,29,31,31,31,87,49,49,49,27,0,0],"gold":102,"neow_bonus":"THREE_ENEMY_KILL","is_daily":false,"chose_seed":false,"campfire_upgraded":5,"win_rate":0.0,"timestamp":1611195042,"path_taken":["M","M","?","?","?","R","?","E","T","R","M","M","R","E","R","BOSS","M","?","$","?","?","R","$","E","T","?","?","M"],"items_purchased_type":["Relic","Card","Card","Relic","Relic","Card"],"build_version":"2020-12-22","purchased_purges":0,"victory":false,"max_hp_per_floor":[75,75,80,80,80,80,80,80,80,80,80,80,80,80,80,80,80,80,80,80,80,80,80,87,87,87,87,87,87,87],"card_choices":[{"not_picked":["DarkMatter","6A"],"picked":"NonDirectionalLaser","floor":1},{"not_picked":["PowerUp","Occultation"],"picked":"WitchOfGreed","floor":2},{"not_picked":["WitchLeyline","AsteroidBelt"],"picked":"MagicChant","floor":4},{"not_picked":["ShootingEcho","WitchLeyline"],"picked":"CasketOfStar","floor":8},{"not_picked":["UnstableBomb","LuminesStrike"],"picked":"GrandCross","floor":11},{"not_picked":["6A","GalacticHalo"],"picked":"StarBarrage","floor":12},{"not_picked":["NonDirectionalLaser","DarkMatter"],"picked":"GalacticHalo","floor":14},{"not_picked":["CollectingQuirk","CasketOfStar"],"picked":"MaximisePower","floor":16},{"not_picked":["FairyDestructionRay","UnstableBomb"],"picked":"MachineGunSpark+1","floor":18},{"not_picked":["EnergyRecoil","ChargingUp"],"picked":"6A+1","floor":19},{"not_picked":["NonDirectionalLaser+1","MilkyWay+1"],"picked":"UltimateShortwave+1","floor":25},{"not_picked":["PropBag+1","GravityBeat+1"],"picked":"BlazingStar+1","floor":27}],"player_experience":815687,"relics_obtained":[{"floor":8,"key":"StrikeDummy"},{"floor":9,"key":"Bottled Flame"},{"floor":14,"key":"WingedGreaves"},{"floor":25,"key":"Molten Egg 2"}],"event_choices":[{"damage_healed":0,"gold_gain":0,"player_choice":"Got Potions","damage_taken":0,"max_hp_gain":0,"max_hp_loss":0,"event_name":"Lab","floor":3,"gold_loss":0},{"damage_healed":0,"gold_gain":175,"player_choice":"AGREE","damage_taken":0,"max_hp_gain":0,"max_hp_loss":0,"event_name":"Liars Game","floor":5,"gold_loss":0,"cards_obtained":["Doubt"]},{"damage_healed":0,"gold_gain":75,"player_choice":"Touch","damage_taken":8,"max_hp_gain":0,"max_hp_loss":0,"event_name":"FaceTrader","floor":7,"gold_loss":0},{"damage_healed":0,"gold_gain":0,"player_choice":"Gave Potion","damage_taken":0,"relics_obtained":["Toxic Egg 2"],"max_hp_gain":0,"max_hp_loss":0,"event_name":"WeMeetAgain","floor":22,"gold_loss":0}],"is_beta":false,"boss_relics":[{"not_picked":["Pandora\u0027s Box","Cursed Key"],"picked":"RampagingMagicTools"}],"items_purged_floors":[],"is_endless":false,"potions_floor_spawned":[1,8,11,19],"killed_by":"theJungle:2_Snecko_Cultists","ascension_level":3}}