{"host":"gyphjc57tbbk9zp6","time":1611257679,"event":{"mods":["Act Like it!","BaseMod","Downfall","Elementarium","Friendly Minions","FruityMod","Gensokyo","Gremlin Skip","Hallownest","Hermit","Highlight Path","Hubris","Hyrulean Relics","Infinite Spire","Ironclad Rager","Jorbs\u0027s Wanderer Trilogy","KinomotoSakuraMod(????)","Kiyohime????","Koishi","Luminous","Mad Scientist","Marisa????????","Mimic Mod","Minty Spire (QoL Compilation)","Nova Terra(??·??)","Pale of the Ancients","Potionbrewer","Shedinja","StSLib","SuperFastMode","Td1madao Mod","The Administrix","The Alterego","The Blackbeard","The Bladedancer","The Bug Knight","The Construct","The Disciple","The Druid","The Elementalist","The Exalted","The Factory","The Hayseed","The Hierophant","The Judge","The Juggle","The Jungle","The Mystic","The Poker Player","The Senshi","The Servant 0.9.4","The Trickster","The Vixen","The Wild Card","TheHero","TheSwordswoman","TheVelvet","Yuyuko"],"gold_per_floor":[99,117,131,131,145,45,79,95,95,110,140,11,29,62,96,200,200,100,142,142,177,177,210,210,210,247,314,314,351,386,398,438,616,616,616,645,645,665,682,682,733,773,804,874,874,874],"floor_reached":45,"language":"ENG","playtime":4597,"items_purged":[],"score":631,"play_id":"39068dd9-b8ab-4c3c-ab0a-3a47c4f0a3de","local_time":"20210121133439","is_ascension_mode":false,"campfire_choices":[{"floor":1,"key":"RECALL"},{"data":"hermit:Maintenance","floor":6,"key":"SMITH"},{"data":"hermit:Scavenge","floor":18,"key":"SMITH"},{"data":"hermit:Reprieve","floor":25,"key":"SMITH"},{"data":"hermit:DeadOrAlive","floor":28,"key":"SMITH"},{"data":"hermit:EternalForm","floor":35,"key":"SMITH"},{"data":"hermit:Vantage","floor":40,"key":"SMITH"}],"circlet_count":0,"master_deck":["hermit:Strike_Hermit","hermit:Strike_Hermit","hermit:Strike_Hermit","hermit:Defend_Hermit","hermit:Defend_Hermit","hermit:Defend_Hermit","hermit:Defend_Hermit","hermit:Snapshot","hermit:Brawl","hermit:Headshot","hermit:Maintenance+1","hermit:Scavenge+1","Pain","hermit:Enervate","hermit:Snipe","hermit:Virtue","hermit:Reprieve+1","hermit:DeadOrAlive+1","hermit:Vantage+1","hermit:ShadowCloak","hermit:Determination","hermit:FromBeyond","hermit:BigShot","infinitespire:Execution+1","hermit:Enervate+1","hermit:FlashPowder+1","hermit:Showdown","hermit:EternalForm+1","hermit:LuckOfTheDraw+1","hermit:EyeOfTheStorm+1","hermit:GhostlyPresence+1"],"relics":["hermit:Momento","Gensokyo:Justice","downfall:HeartBlessingRed","Pen Nib","Gensokyo:LunaticRedEyes","hubris:TenFootPole","potionbrewer:RamsHorn","FossilizedHelix","Runic Pyramid","downfall:HeartBlessingGreen","Toxic Egg 2","infinitespire:Golems Mask","theSenshi:SailorFukuRelic","theSenshi:MoonKaleidoScopeRelic","Centennial Puzzle","Bromod:ArcaneMomentum","Bromod:ArcaneNullifier"],"acts_visited":["Gensokyo:Gensokyo","TheCity","TheBeyond"],"potions_floor_usage":[15,16,16,16,16,16,16,27,33,44,45,45],"damage_taken":[{"damage":4,"enemies":"Gensokyo:Gryphon","floor":2,"turns":4},{"damage":5,"enemies":"Gensokyo:3_Fairies","floor":3,"turns":4},{"damage":11,"enemies":"Gensokyo:Python","floor":5,"turns":4},{"damage":0,"enemies":"Gensokyo:3_Kodama","floor":7,"turns":5},{"damage":9,"enemies":"Gensokyo:3_Kodama","floor":8,"turns":4},{"damage":0,"enemies":"Gensokyo:Kitsune","floor":10,"turns":3},{"damage":1,"enemies":"Gensokyo:Cirno","floor":11,"turns":7},{"damage":2,"enemies":"Gensokyo:Python_and_Kodama","floor":13,"turns":4},{"damage":0,"enemies":"Gensokyo:Mamizou","floor":14,"turns":7},{"damage":0,"enemies":"Gensokyo:LivingMonolith","floor":15,"turns":3},{"damage":47,"enemies":"DF_ARCHETYPE_STREAMLINE","floor":16,"turns":11},{"damage":10,"enemies":"Spheric Guardian","floor":19,"turns":4},{"damage":0,"enemies":"Chosen","floor":21,"turns":5},{"damage":10,"enemies":"Snecko","floor":23,"turns":8},{"damage":30,"enemies":"3 Cultists","floor":26,"turns":6},{"damage":1,"enemies":"Nightmare","floor":27,"turns":9},{"damage":4,"enemies":"Shelled Parasite and Fungi","floor":29,"turns":5},{"damage":0,"enemies":"HollowMod:Nosk","floor":30,"turns":7},{"damage":0,"enemies":"Snake Plant","floor":31,"turns":1},{"damage":0,"enemies":"Centurion and Healer","floor":32,"turns":5},{"damage":7,"enemies":"WA_ARCHETYPE_CALM","floor":33,"turns":8},{"damage":18,"enemies":"3 Darklings","floor":36,"turns":5},{"damage":0,"enemies":"Orb Walker","floor":38,"turns":3},{"damage":6,"enemies":"3 Darklings","floor":39,"turns":5},{"damage":35,"enemies":"Reptomancer","floor":42,"turns":5},{"damage":0,"enemies":"Maw","floor":43,"turns":5},{"damage":25,"enemies":"Nightmare","floor":44,"turns":6},{"damage":20,"enemies":"Sphere and 2 Shapes","floor":45,"turns":5}],"seed_played":"-3181519091026262311","potions_obtained":[{"floor":2,"key":"bronze:BurnAndBuffPotion"},{"floor":5,"key":"Weak Potion"},{"floor":11,"key":"potionbrewer:SplittingPotion"},{"floor":13,"key":"potionbrewer:SplittingPotion"},{"floor":14,"key":"potionbrewer:MidasPotion"},{"floor":16,"key":"hermit:Tonic"},{"floor":23,"key":"Weak Potion"},{"floor":26,"key":"sneckomod:MuddlingPotion"},{"floor":30,"key":"SkillPotion"},{"floor":42,"key":"sneckomod:MuddlingPotion"},{"floor":44,"key":"Fruit Juice"}],"is_trial":false,"path_per_floor":["R","M","M","?","M","R","MIM","M","?","M","E","COS","M","E","M","B",null,"R","M","?","M","?","M","T","R","M","NM","R","M","E","M","M","B",null,"R","M","?","M","M","R","T","E","M","NM","M"],"character_chosen":"HERMIT","items_purchased":[],"campfire_rested":0,"item_purchase_floors":[],"current_hp_per_floor":[82,78,73,73,62,62,62,53,53,53,52,52,50,50,50,3,82,82,72,68,68,68,62,62,62,36,43,43,43,47,47,55,48,82,82,64,64,64,66,66,66,35,35,10,0,0],"gold":874,"neow_bonus":"TEN_PERCENT_HP_BONUS","is_daily":false,"chose_seed":false,"campfire_upgraded":6,"win_rate":0.0,"timestamp":1611257679,"path_taken":["R","M","M","?","M","R","MIM","M","?","M","E","COS","M","E","M","BOSS","R","M","?","?","?","M","T","R","M","NM","R","M","E","M","M","BOSS","R","M","?","M","M","R","T","E","M","NM","M"],"items_purchased_type":[],"build_version":"2020-12-22","purchased_purges":0,"victory":false,"max_hp_per_floor":[82,82,82,82,82,82,82,82,82,82,82,82,82,82,82,82,82,82,82,82,82,82,82,82,82,82,82,82,82,82,82,82,82,82,82,82,82,82,82,82,82,82,82,82,87,87],"card_choices":[{"not_picked":["hermit:BodyArmor","hermit:TrackingShot"],"picked":"hermit:Brawl","floor":2},{"not_picked":["hermit:SprayPray","hermit:BodyArmor"],"picked":"hermit:Headshot","floor":3},{"not_picked":["hermit:Determination","hermit:HighCaliber"],"picked":"hermit:Maintenance","floor":5},{"not_picked":["hermit:WideOpen","hermit:Dive"],"picked":"hermit:Scavenge","floor":8},{"not_picked":["hermit:TakeAim","hermit:CalledShot"],"picked":"hermit:Enervate","floor":10},{"not_picked":["hermit:NoHoldsBarred","hermit:Ricochet","hermit:HighCaliber"],"picked":"SKIP","floor":11},{"not_picked":["hermit:Midnight","hermit:LowProfile"],"picked":"hermit:Snipe","floor":13},{"not_picked":["hermit:PistolWhip","hermit:OverwhelmingPower"],"picked":"hermit:Virtue","floor":14},{"not_picked":["hermit:CalledShot","hermit:Desperado","hermit:HoleUp"],"picked":"SKIP","floor":15},{"not_picked":["hermit:Magnum","hermit:Purgatory"],"picked":"hermit:Reprieve","floor":16},{"not_picked":["hermit:HeroicBravado","hermit:Roughhouse"],"picked":"hermit:DeadOrAlive","floor":16},{"not_picked":["hermit:HighCaliber","hermit:Desperado"],"picked":"hermit:Vantage","floor":19},{"not_picked":["hermit:Quickdraw","hermit:Snipe"],"picked":"hermit:ShadowCloak","floor":21},{"not_picked":["hermit:ItchyTrigger+1","hermit:EyeOfTheStorm"],"picked":"hermit:FromBeyond","floor":23},{"not_picked":["hermit:ShadowCloak","hermit:Glare+1"],"picked":"hermit:BigShot","floor":26},{"not_picked":["infinitespire:Starlight","hubris:Fate"],"picked":"infinitespire:Execution","floor":27},{"not_picked":["hermit:ShadowCloak+1","hermit:Coalescence+1"],"picked":"hermit:Enervate+1","floor":27},{"not_picked":["hermit:Quickdraw","hermit:Manifest+1","hermit:SprayPray+1"],"picked":"SKIP","floor":29},{"not_picked":["hermit:Feint+1","hermit:BlackWind","hermit:Roulette+1"],"picked":"SKIP","floor":30},{"not_picked":["hermit:Misfire+1","hermit:Coalescence+1"],"picked":"hermit:FlashPowder+1","floor":31},{"not_picked":["hermit:Determination+1","hermit:Ricochet"],"picked":"hermit:Showdown","floor":32},{"not_picked":["hermit:Reprieve+1","hermit:Purgatory"],"picked":"hermit:EternalForm","floor":33},{"not_picked":["hermit:BodyArmor+1","hermit:Desperado","hermit:Brawl+1"],"picked":"SKIP","floor":36},{"not_picked":["hermit:CalledShot+1","hermit:Maintenance+1","hermit:Headshot"],"picked":"SKIP","floor":38},{"not_picked":["hermit:Feint+1","hermit:CursedWeapon"],"picked":"hermit:LuckOfTheDraw+1","floor":39},{"not_picked":["hermit:Desperado+1","hermit:Maintenance+1"],"picked":"hermit:EyeOfTheStorm+1","floor":42},{"not_picked":["hermit:CalledShot+1","hermit:Roulette+1"],"picked":"hermit:GhostlyPresence+1","floor":43},{"not_picked":["hermit:Virtue+1","hermit:ShadowCloak","hermit:FromBeyond+1"],"picked":"SKIP","floor":44}],"player_experience":1052239,"relics_obtained":[{"floor":7,"key":"Pen Nib"},{"floor":11,"key":"hubris:TenFootPole"},{"floor":14,"key":"potionbrewer:RamsHorn"},{"floor":24,"key":"Toxic Egg 2"},{"floor":27,"key":"infinitespire:Golems Mask"},{"floor":30,"key":"theSenshi:SailorFukuRelic"},{"floor":41,"key":"Centennial Puzzle"},{"floor":42,"key":"Bromod:ArcaneMomentum"},{"floor":44,"key":"Bromod:ArcaneNullifier"}],"event_choices":[{"damage_healed":0,"gold_gain":0,"player_choice":"Damaged","damage_taken":8,"max_hp_gain":0,"max_hp_loss":0,"event_name":"Wheel of Change","floor":20,"gold_loss":0},{"damage_healed":0,"gold_gain":0,"player_choice":"Read","damage_taken":0,"max_hp_gain":0,"max_hp_loss":0,"event_name":"The Library","floor":22,"gold_loss":0,"cards_obtained":["hermit:Determination"]}],"is_beta":false,"boss_relics":[{"not_picked":["hubris:BlackHole","hubris:RunicObelisk"],"picked":"Runic Pyramid"},{"not_picked":["hermit:DentedPlate","hubris:TerracottaHorce"],"picked":"theSenshi:MoonKaleidoScopeRelic"}],"items_purged_floors":[],"is_endless":true,"potions_floor_spawned":[2,5,11,13,14,16,23,26,30,32,42,44],"killed_by":"Sphere and 2 Shapes","ascension_level":0}}