{"host":"ygfasg9u7olr7skw","time":1611268195,"event":{"mods":["AchievementEnabler","BaseMod","Better Note","Better Vampires","Colored Powertips","Minty Spire (QoL Compilation)","Replay The Spire","Spicy Shops","StSLib","The IronCluck"],"gold_per_floor":[114,289,349,360,104,114,142,142,167,185,185,185,216,28,28,133,133,143,143,143,18,18,18,37,54,54,82,82,93,113,130,130,130,130],"floor_reached":33,"language":"ENG","playtime":2039,"items_purged":["Storm","Normality","Decay"],"score":400,"play_id":"fca15f5d-d74d-48d0-8f72-3e51f685630a","local_time":"20210121172955","is_ascension_mode":true,"campfire_choices":[{"floor":8.0,"key":"REST"},{"floor":11.0,"key":"REST"},{"data":"Zap","floor":15.0,"key":"SMITH"},{"floor":23.0,"key":"REST"},{"floor":32,"key":"REST"}],"circlet_count":0,"master_deck":["Strike_B","Strike_B","Strike_B","Defend_B","Defend_B","Defend_B","Defend_B","Zap+1","Dualcast","Gash","Doubt","Gash","Panache","Go for the Eyes","Beam Cell","Gash","Gash","Skim+1","Steam"],"relics":["Cracked Core","Ancient Tea Set","ReplayTheSpireMod:ShopPack","Bag of Preparation","Dream Catcher","Snack Pack","ReplayTheSpireMod:CursedCoin","Sundial","Philosopher\u0027s Stone","Kunai","Replay:Accelerometer","Solar Panel"],"acts_visited":["Exordium","TheCity"],"potions_floor_usage":[31,33],"damage_taken":[{"damage":0.0,"enemies":"2 Louse","floor":1.0,"turns":2.0},{"damage":2.0,"enemies":"Jaw Worm","floor":4.0,"turns":4.0},{"damage":6.0,"enemies":"Cultist","floor":6.0,"turns":3.0},{"damage":0.0,"enemies":"Gremlin Nob","floor":7.0,"turns":3.0},{"damage":3.0,"enemies":"Exordium Wildlife","floor":10.0,"turns":2.0},{"damage":7.0,"enemies":"3 Sentries","floor":13.0,"turns":5.0},{"damage":47.0,"enemies":"Slime Boss","floor":16.0,"turns":8.0},{"damage":30.0,"enemies":"Shell Parasite","floor":18.0,"turns":6.0},{"damage":26.0,"enemies":"Spheric Guardian","floor":24.0,"turns":4.0},{"damage":23.0,"enemies":"Snecko","floor":25.0,"turns":5.0},{"damage":8.0,"enemies":"Gremlin Leader","floor":27.0,"turns":6.0},{"damage":18.0,"enemies":"3 Cultists","floor":29.0,"turns":4.0},{"damage":26.0,"enemies":"Centurion and Healer","floor":30.0,"turns":5.0},{"damage":6,"enemies":"Snake Plant","floor":31,"turns":3},{"damage":36,"enemies":"Pondfish","floor":33,"turns":7}],"seed_played":"8082349288092936621","potions_obtained":[{"floor":1.0,"key":"AttackPotion"},{"floor":3.0,"key":"PowerPotion"},{"floor":3.0,"key":"Doom Potion"},{"floor":6.0,"key":"Weak Potion"},{"floor":12.0,"key":"EntropicBrew"},{"floor":12.0,"key":"Fire Potion"},{"floor":12.0,"key":"CultistPotion"},{"floor":16.0,"key":"Regen Potion"},{"floor":18.0,"key":"Explosive Potion"},{"floor":29.0,"key":"Elixir"},{"floor":30.0,"key":"LiquidBronze"},{"floor":31,"key":"Reflective Coating"}],"is_trial":false,"path_per_floor":["M","?","?","M","$","M","E","R","T","M","R","?","E","$","R","B",null,"M","?","T","$","?","R","M","M","T","E","$","M","M","M","R","B"],"character_chosen":"DEFECT","items_purchased":["Gash","ReplayTheSpireMod:ShopPack","ReplayTheSpireMod:CursedCoin","Sundial"],"campfire_rested":4,"item_purchase_floors":[5,5,14,14],"current_hp_per_floor":[75,75,45,43,43,37,37,59,59,56,75,75,68,68,68,25,63,37,37,37,37,37,59,35,30,30,34,34,26,8,8,30,0,0],"gold":130,"neow_bonus":"TRANSFORM_CARD","is_daily":false,"chose_seed":false,"campfire_upgraded":1,"win_rate":0.0,"timestamp":1611268195,"path_taken":["M","?","?","?","$","M","E","R","T","M","R","?","E","?","R","BOSS","M","?","?","$","?","R","M","M","T","E","$","M","M","M","R","BOSS"],"items_purchased_type":["Card","Relic","Relic","Relic"],"build_version":"2020-12-22","purchased_purges":3,"victory":false,"max_hp_per_floor":[75,75,75,75,75,75,75,75,75,75,75,75,75,75,75,75,75,75,75,75,75,75,75,75,75,75,75,75,75,75,75,75,75,75],"card_choices":[{"not_picked":["ReplaySort","Chaos"],"picked":"Gash","floor":1.0},{"not_picked":["Stack","Turbo","Redo"],"picked":"SKIP","floor":4.0},{"not_picked":["HandOfGreed","Magnetism"],"picked":"Panache","floor":5.0},{"not_picked":["Tempest","ReplayTheSpireMod:GoodbyeWorld"],"picked":"Go for the Eyes","floor":6.0},{"not_picked":["Turbo","Sweeping Beam","Rainbow"],"picked":"SKIP","floor":7.0},{"not_picked":["Conserve Battery","Ball Lightning"],"picked":"Beam Cell","floor":10.0},{"not_picked":["Stack","Tempest","Compile Driver"],"picked":"SKIP","floor":13.0},{"not_picked":["Redo","FTL"],"picked":"Gash","floor":18.0},{"not_picked":["Rebound","Ball Lightning+1","Leap"],"picked":"SKIP","floor":24.0},{"not_picked":["Streamline","ReplayGash+1"],"picked":"Skim+1","floor":25.0},{"not_picked":["Crystallizer","Creative AI","Barrage"],"picked":"SKIP","floor":27.0},{"not_picked":["ReplayTheSpireMod:Calculation Training","ReplayTheSpireMod:Repulse+1"],"picked":"Steam","floor":29.0},{"not_picked":["Rebound+1","Ball Lightning","Streamline"],"picked":"SKIP","floor":30.0},{"not_picked":["Hello World+1","Sweeping Beam+1","BasicCrystalCard"],"picked":"SKIP","floor":31}],"player_experience":348919,"relics_obtained":[{"floor":3.0,"key":"Ancient Tea Set"},{"floor":7.0,"key":"Bag of Preparation"},{"floor":9.0,"key":"Dream Catcher"},{"floor":13.0,"key":"Snack Pack"},{"floor":20.0,"key":"Kunai"},{"floor":26.0,"key":"Replay:Accelerometer"},{"floor":27.0,"key":"Solar Panel"}],"event_choices":[{"damage_healed":0.0,"max_hp_gain":0.0,"max_hp_loss":0.0,"gold_gain":175.0,"event_name":"Liars Game","player_choice":"AGREE","floor":2.0,"gold_loss":0.0,"damage_taken":0.0,"cards_obtained":["Doubt"]},{"damage_healed":0.0,"max_hp_gain":0.0,"max_hp_loss":0.0,"gold_gain":0.0,"event_name":"Lab","player_choice":"Got Potions","floor":12.0,"gold_loss":0.0,"damage_taken":0.0},{"damage_healed":0.0,"max_hp_gain":0.0,"max_hp_loss":0.0,"gold_gain":0.0,"event_name":"Forgotten Altar","player_choice":"Smashed Altar","floor":19.0,"gold_loss":0.0,"damage_taken":0.0,"cards_obtained":["Decay"]},{"damage_healed":0.0,"max_hp_gain":0.0,"max_hp_loss":0.0,"gold_gain":0.0,"event_name":"Duplicator","player_choice":"Copied","floor":22.0,"gold_loss":0.0,"damage_taken":0.0,"cards_obtained":["Gash"]}],"is_beta":false,"boss_relics":[{"not_picked":["Replay:Drink Me","Busted Crown"],"picked":"Philosopher\u0027s Stone"}],"items_purged_floors":[5,14,21],"is_endless":false,"potions_floor_spawned":[1,6,16,18,29,30,31],"killed_by":"Pondfish","ascension_level":5}}