{"host":"cpfpi6qzkh3nfm6s","time":1611195636,"event":{"mods":["AchievementEnabler","BaseMod","Colored Map","Downfall","Minty Spire (QoL Compilation)","StSLib"],"gold_per_floor":[112,124,144,144,94,120,133,163,163,173,173,192,192,157,157,288,288,301,301,319,342,342,441,441,441],"floor_reached":24,"language":"ENG","playtime":788,"items_purged":[],"score":258,"play_id":"616e9330-4a6e-410d-adb0-c49686c7bb6a","local_time":"20210121022036","is_ascension_mode":false,"campfire_choices":[{"data":"Demon Form","floor":15,"key":"SMITH"}],"circlet_count":0,"master_deck":["Strike_R","Strike_R","Strike_R","Strike_R","Strike_R","Defend_R","Defend_R","Bash","Pummel","Inflame","Pommel Strike","Iron Wave","Shrug It Off","Demon Form+1","Dual Wield","Twin Strike","Anger","Demon Form","Pommel Strike"],"relics":["Burning Blood","Mummified Hand","Shuriken","Kunai","Golden Idol","Black Star","Red Skull"],"acts_visited":["Exordium","TheCity"],"potions_floor_usage":[8,12,20,21,21],"damage_taken":[{"damage":6,"enemies":"Jaw Worm","floor":1,"turns":3},{"damage":1,"enemies":"Cultist","floor":2,"turns":3},{"damage":8,"enemies":"2 Louse","floor":3,"turns":2},{"damage":28,"enemies":"3 Sentries","floor":6,"turns":8},{"damage":10,"enemies":"Looter","floor":7,"turns":3},{"damage":8,"enemies":"Lagavulin","floor":8,"turns":5},{"damage":16,"enemies":"Large Slime","floor":10,"turns":3},{"damage":1,"enemies":"3 Louse","floor":12,"turns":3},{"damage":0,"enemies":"Slime Boss","floor":16,"turns":4},{"damage":10,"enemies":"Spheric Guardian","floor":18,"turns":3},{"damage":14,"enemies":"3 Byrds","floor":20,"turns":4},{"damage":58,"enemies":"Snake Plant","floor":21,"turns":5},{"damage":10,"enemies":"Chosen and Byrds","floor":24,"turns":1}],"seed_played":"8925837267554518782","potions_obtained":[{"floor":2,"key":"DuplicationPotion"},{"floor":10,"key":"Energy Potion"},{"floor":12,"key":"Slimebound:ThreeZeroPotion"},{"floor":16,"key":"LiquidBronze"},{"floor":20,"key":"LiquidBronze"}],"is_trial":false,"path_per_floor":["M","M","M","?","$","E","M","E","T","M","?","M","?","?","R","B",null,"M","?","M","M","?","?","M"],"character_chosen":"IRONCLAD","items_purchased":["Shrug It Off"],"campfire_rested":0,"item_purchase_floors":[5],"current_hp_per_floor":[80,80,78,78,78,56,52,50,50,40,40,45,45,63,63,69,74,70,70,62,10,10,10,0,0],"gold":441,"neow_bonus":"TRANSFORM_CARD","is_daily":false,"chose_seed":false,"campfire_upgraded":1,"win_rate":0.0,"timestamp":1611195636,"path_taken":["M","M","M","?","$","E","?","E","T","M","?","M","?","?","R","BOSS","M","?","M","M","?","?","M"],"items_purchased_type":["Card"],"build_version":"2020-12-22","purchased_purges":0,"victory":false,"max_hp_per_floor":[80,80,80,80,80,80,80,80,80,80,74,74,74,74,74,74,74,74,74,74,74,74,74,74,74],"card_choices":[{"not_picked":["Perfected Strike","Cleave"],"picked":"Inflame","floor":1},{"not_picked":["Clash","Rage"],"picked":"Pommel Strike","floor":2},{"not_picked":["Carnage","Clash","Armaments"],"picked":"SKIP","floor":3},{"not_picked":["Twin Strike","Heavy Blade"],"picked":"Demon Form","floor":6},{"not_picked":["Twin Strike","Pommel Strike"],"picked":"Dual Wield","floor":7},{"not_picked":["Clothesline","Warcry"],"picked":"Twin Strike","floor":8},{"not_picked":["Flex","Body Slam","Rampage"],"picked":"SKIP","floor":10},{"not_picked":["Power Through","Dark Embrace"],"picked":"Anger","floor":12},{"not_picked":["Barricade","Reaper"],"picked":"Demon Form","floor":16},{"not_picked":["Clothesline+1","Armaments+1"],"picked":"Pommel Strike","floor":18},{"not_picked":["Searing Blow","Headbutt","Second Wind"],"picked":"SKIP","floor":20},{"not_picked":["Pommel Strike","Warcry","True Grit"],"picked":"SKIP","floor":21}],"player_experience":4105,"relics_obtained":[{"floor":6,"key":"Mummified Hand"},{"floor":8,"key":"Shuriken"},{"floor":9,"key":"Kunai"}],"event_choices":[{"cards_removed":["Defend_R"],"damage_healed":0,"gold_gain":0,"player_choice":"Took Card","damage_taken":0,"max_hp_gain":0,"max_hp_loss":0,"event_name":"NoteForYourself","floor":4,"gold_loss":0,"cards_obtained":["Iron Wave"]},{"damage_healed":0,"gold_gain":0,"player_choice":"Lose Max HP","damage_taken":0,"relics_obtained":["Golden Idol"],"max_hp_gain":0,"max_hp_loss":6,"event_name":"Golden Idol","floor":11,"gold_loss":0},{"damage_healed":0,"gold_gain":0,"player_choice":"Ignored","damage_taken":0,"max_hp_gain":0,"max_hp_loss":0,"event_name":"Liars Game","floor":13,"gold_loss":0},{"damage_healed":18,"gold_gain":0,"player_choice":"Healed","damage_taken":0,"max_hp_gain":0,"max_hp_loss":0,"event_name":"The Cleric","floor":14,"gold_loss":35},{"damage_healed":0,"gold_gain":0,"player_choice":"Opened","damage_taken":0,"relics_obtained":["Red Skull"],"max_hp_gain":0,"max_hp_loss":0,"event_name":"The Mausoleum","floor":22,"gold_loss":0},{"damage_healed":0,"gold_gain":99,"player_choice":"Stole From Cult","damage_taken":0,"max_hp_gain":0,"max_hp_loss":0,"event_name":"Nest","floor":23,"gold_loss":0}],"is_beta":false,"boss_relics":[{"not_picked":["Fusion Hammer","Cursed Key"],"picked":"Black Star"}],"items_purged_floors":[],"is_endless":false,"potions_floor_spawned":[2,10,12,16,20],"killed_by":"Chosen and Byrds","ascension_level":0}}