{"host":"j4g6ia6asvpyu2b0","time":1611227108,"event":{"mods":["BaseMod","Colored Map","Minty Spire (QoL Compilation)","Permanent Neow","Quick Restart","Relic Stats","StSLib","Unceasing Turn Reminder"],"gold_per_floor":[110,110,120,135,85,412,412,443,525,536,536,536,567,581,581,581,581],"floor_reached":16,"language":"ENG","playtime":812,"items_purged":[],"score":239,"play_id":"a76cdf3a-ba67-49df-b823-3bca07390eb6","local_time":"20210121040508","is_ascension_mode":true,"campfire_choices":[{"data":"Dash","floor":7,"key":"SMITH"},{"floor":12,"key":"REST"},{"data":"Envenom","floor":15,"key":"SMITH"}],"circlet_count":0,"master_deck":["AscendersBane","Strike_G","Strike_G","Strike_G","Defend_G","Defend_G","Defend_G","Defend_G","Survivor","Neutralize","Dash+1","Backflip","Dagger Throw","Bouncing Flask","Catalyst","Catalyst","Envenom+1","Poisoned Stab"],"relics":["Runic Dome","Old Coin","Art of War","Tingsha"],"acts_visited":["Exordium"],"potions_floor_usage":[13],"damage_taken":[{"damage":5,"enemies":"Cultist","floor":1,"turns":5},{"damage":3,"enemies":"Small Slimes","floor":3,"turns":3},{"damage":2,"enemies":"Jaw Worm","floor":4,"turns":4},{"damage":10,"enemies":"Lagavulin","floor":6,"turns":8},{"damage":0,"enemies":"3 Sentries","floor":8,"turns":8},{"damage":10,"enemies":"Exordium Thugs","floor":10,"turns":6},{"damage":11,"enemies":"Gremlin Nob","floor":13,"turns":3},{"damage":5,"enemies":"2 Fungi Beasts","floor":14,"turns":3},{"damage":32,"enemies":"Slime Boss","floor":16,"turns":6}],"seed_played":"-8788119488741408539","potions_obtained":[{"floor":1,"key":"GamblersBrew"},{"floor":6,"key":"Block Potion"},{"floor":13,"key":"EssenceOfSteel"}],"is_trial":false,"path_per_floor":["M","?","M","M","?","E","R","E","T","M","?","R","E","M","R","B"],"character_chosen":"THE_SILENT","items_purchased":[],"campfire_rested":1,"item_purchase_floors":[],"current_hp_per_floor":[58,58,55,53,53,43,43,43,43,33,26,47,36,31,31,0,0],"gold":581,"neow_bonus":"BOSS_RELIC","is_daily":false,"chose_seed":false,"campfire_upgraded":2,"win_rate":0.0,"timestamp":1611227108,"path_taken":["M","?","M","?","?","E","R","E","T","M","?","R","E","M","R","BOSS"],"items_purchased_type":[],"build_version":"2020-12-22","purchased_purges":0,"victory":false,"max_hp_per_floor":[70,70,70,70,70,70,70,70,70,70,70,70,70,70,70,70,70],"relic_stats":{"counters":[9,46],"Tingsha":[6],"Art of War":[1],"obtain_stats":[{"Runic Dome":0,"Tingsha":13,"Art of War":8,"Ring of the Snake":0,"Old Coin":6},{"Runic Dome":0,"Tingsha":7,"Art of War":5,"Ring of the Snake":0,"Old Coin":4},{"Runic Dome":0,"Tingsha":37,"Art of War":28,"Ring of the Snake":0,"Old Coin":20}]},"card_choices":[{"not_picked":["Escape Plan","Cloak And Dagger"],"picked":"Dash","floor":1},{"not_picked":["Flechettes","Cloak And Dagger"],"picked":"Backflip","floor":3},{"not_picked":["Underhanded Strike","Poisoned Stab"],"picked":"Dagger Throw","floor":4},{"not_picked":["Choke","Accuracy"],"picked":"Bouncing Flask","floor":6},{"not_picked":["Blur","Acrobatics"],"picked":"Catalyst","floor":8},{"not_picked":["Underhanded Strike","Phantasmal Killer"],"picked":"Catalyst","floor":10},{"not_picked":["Bouncing Flask","PiercingWail"],"picked":"Envenom","floor":13},{"not_picked":["Bane","Underhanded Strike"],"picked":"Poisoned Stab","floor":14}],"player_experience":895115,"relics_obtained":[{"floor":6,"key":"Old Coin"},{"floor":8,"key":"Art of War"},{"floor":13,"key":"Tingsha"}],"event_choices":[{"cards_removed":["Strike_G"],"damage_healed":0,"gold_gain":0,"player_choice":"Purged","damage_taken":0,"max_hp_gain":0,"max_hp_loss":0,"event_name":"Purifier","floor":2,"gold_loss":0},{"cards_removed":["Defend_G"],"damage_healed":0,"gold_gain":0,"player_choice":"Card Removal","damage_taken":0,"max_hp_gain":0,"max_hp_loss":0,"event_name":"The Cleric","floor":5,"gold_loss":50},{"cards_removed":["Strike_G"],"damage_healed":0,"gold_gain":0,"player_choice":"Card Removal","damage_taken":7,"max_hp_gain":0,"max_hp_loss":0,"event_name":"Golden Wing","floor":11,"gold_loss":0}],"is_beta":false,"boss_relics":[],"items_purged_floors":[],"is_endless":false,"potions_floor_spawned":[1,6,13],"killed_by":"Slime Boss","ascension_level":13}}