{"host":"3jpcvpprzj9sjffh","time":1611237216,"event":{"mods":["AchievementEnabler","BaseMod","Colored Map","Minty Spire (QoL Compilation)","Rare Cards Sparkle","SuperFastMode","everything is the same but u backflip on backflip"],"gold_per_floor":[114,114,114,133,152,152,184,194,194,207,207,207,207,56,56,158,158,172,191,203,203,203],"floor_reached":21,"language":"KOR","playtime":612,"items_purged":["Strike_P"],"score":181,"play_id":"37efdc38-7032-4676-a96f-933dce763305","local_time":"20210121225336","is_ascension_mode":false,"campfire_choices":[{"data":"MentalFortress","floor":6,"key":"SMITH"},{"floor":11,"key":"REST"},{"floor":15,"key":"REST"}],"circlet_count":0,"master_deck":["Strike_P","Strike_P","Strike_P","Defend_P+1","Defend_P","Defend_P","Eruption+1","Vigilance","MentalFortress+1","EmptyFist","FlurryOfBlows+1","Adaptation","Alpha"],"relics":["PureWater","NeowsBlessing","Ice Cream","Shovel","Eternal Feather","Sozu"],"acts_visited":["Exordium","TheCity"],"potions_floor_usage":[7],"damage_taken":[{"damage":0,"enemies":"2 Louse","floor":1,"turns":1},{"damage":0,"enemies":"Jaw Worm","floor":4,"turns":1},{"damage":0,"enemies":"Cultist","floor":5,"turns":1},{"damage":35,"enemies":"Lagavulin","floor":7,"turns":4},{"damage":4,"enemies":"3 Louse","floor":8,"turns":3},{"damage":2,"enemies":"Looter","floor":10,"turns":3},{"damage":17,"enemies":"Hexaghost","floor":16,"turns":8},{"damage":5,"enemies":"3 Byrds","floor":18,"turns":4},{"damage":12,"enemies":"Spheric Guardian","floor":19,"turns":3},{"damage":25,"enemies":"Chosen and Byrds","floor":20,"turns":5},{"damage":31,"enemies":"3 Cultists","floor":21,"turns":3}],"seed_played":"693988408108866752","potions_obtained":[{"floor":1,"key":"FearPotion"},{"floor":8,"key":"Ambrosia"}],"is_trial":false,"path_per_floor":["M","?","?","M","M","R","E","M","T","M","R","?","?","$","R","B",null,"M","M","M","M"],"character_chosen":"WATCHER","items_purchased":["Adaptation"],"campfire_rested":2,"item_purchase_floors":[14],"current_hp_per_floor":[72,58,58,58,58,58,23,19,19,17,38,38,38,38,65,48,72,67,55,30,0,0],"gold":203,"neow_bonus":"THREE_ENEMY_KILL","is_daily":false,"chose_seed":false,"campfire_upgraded":1,"win_rate":0.0,"timestamp":1611237216,"path_taken":["M","?","?","?","M","R","E","M","T","M","R","?","?","$","R","BOSS","M","M","M","M"],"items_purchased_type":["Card"],"build_version":"2020-12-22","purchased_purges":1,"victory":false,"max_hp_per_floor":[72,72,72,72,72,72,72,72,72,72,72,72,72,72,72,72,72,72,72,72,72,72],"card_choices":[{"not_picked":["Nirvana","WindmillStrike"],"picked":"MentalFortress","floor":1},{"not_picked":["PathToVictory","Protect","SashWhip"],"picked":"SKIP","floor":4},{"not_picked":["Protect","CutThroughFate","Wireheading"],"picked":"SKIP","floor":5},{"not_picked":["Perseverance","Pray"],"picked":"EmptyFist","floor":7},{"not_picked":["Wireheading","Protect","Prostrate"],"picked":"SKIP","floor":8},{"not_picked":["Collect","FlyingSleeves"],"picked":"FlurryOfBlows","floor":10},{"not_picked":["Ragnarok","SpiritShield"],"picked":"Alpha","floor":16},{"not_picked":["Protect+1","BattleHymn","WreathOfFlame+1"],"picked":"SKIP","floor":18},{"not_picked":["CutThroughFate","FollowUp","EmptyFist+1"],"picked":"SKIP","floor":19},{"not_picked":["FlurryOfBlows","SignatureMove","WindmillStrike"],"picked":"SKIP","floor":20}],"player_experience":288684,"relics_obtained":[{"floor":7,"key":"Ice Cream"},{"floor":9,"key":"Shovel"}],"event_choices":[{"damage_healed":0,"gold_gain":0,"player_choice":"Entered Light","damage_taken":14,"max_hp_gain":0,"max_hp_loss":0,"event_name":"Shining Light","floor":2,"gold_loss":0,"cards_upgraded":["Defend_P","Eruption"]},{"cards_removed":["Defend_P"],"damage_healed":0,"gold_gain":0,"player_choice":"Purged","damage_taken":0,"max_hp_gain":0,"max_hp_loss":0,"event_name":"Purifier","floor":3,"gold_loss":0},{"damage_healed":0,"gold_gain":0,"player_choice":"Searched \u00272\u0027 times","damage_taken":0,"relics_obtained":["Eternal Feather"],"max_hp_gain":0,"max_hp_loss":0,"event_name":"Dead Adventurer","floor":12,"gold_loss":0},{"damage_healed":0,"gold_gain":0,"player_choice":"Forge","damage_taken":0,"max_hp_gain":0,"max_hp_loss":0,"event_name":"Accursed Blacksmith","floor":13,"gold_loss":0,"cards_upgraded":["FlurryOfBlows"]}],"is_beta":false,"boss_relics":[{"not_picked":["Runic Pyramid","Snecko Eye"],"picked":"Sozu"}],"items_purged_floors":[14],"is_endless":false,"potions_floor_spawned":[1,8,18],"killed_by":"3 Cultists","ascension_level":0}}