{"host":"px2oznrenyeljk7o","time":1611256045,"event":{"mods":["100% Spire Juice","A Magickal Journey","AchievementEnabler","Arknights The Spire","BaseMod","Better Altar","Better Match","Better Note","Better Sensory Stone","Better Third Choice","ChefMod","Colored Map","Conspire","Curses Come First","Evolution","GifTheSpireLib","GungeonMod","Hermit","KinomotoSakuraMod(????)","Koishi","Lobotomy","LobotomyExtend","Marisa????????","Minty Spire (QoL Compilation)","Nova Terra(??·??)","Poor People Problems","Potionbrewer","Random Character Button","Rare Cards Sparkle","Reimu??????","Replay The Spire","Robot Space Explorer","Small Relic Pack","Somnambulant","Spicy Shops","StSLib","Stuff the Spire","The Administrix","The Alterego","The Animator","The Blackbeard","The Blue Laboratory","The Bug Knight","The Construct","The Cursed","The Disciple","The Gatherer","The Hayseed","The Hierophant","The Jungle","The Marked","The Runesmith","The Servant 0.9.4","TheWitcher","Yakumo Yukari mod","Yuri Mod","everything is the same but u backflip on backflip","slay the spire mod where everything is the same but ironclad has a cowboy hat","??????REMEMod"],"gold_per_floor":[119,119,133,153,153,153,153,180,207,207,226,226,243,243,243,343,343,356,356,371,40,54,54,54,54,54,71,71,71,88,188,188,188,188],"floor_reached":33,"language":"ENG","playtime":5251,"items_purged":[],"score":270,"play_id":"c7f6ceea-fdc4-40aa-b763-bb8d00f5ead9","local_time":"20210121200725","is_ascension_mode":false,"campfire_choices":[{"floor":6,"key":"REST"},{"floor":12,"key":"REST"},{"data":"Defy","floor":15,"key":"SMITH"},{"floor":23,"key":"REST"},{"data":"InstantArmor","floor":25,"key":"SMITH"},{"floor":32,"key":"REST"}],"circlet_count":0,"master_deck":["Strike_S","Strike_S","Strike_S","Strike_S","Defend_S","Defend_S","Defend_S","Defend_S","KidneyShot","Exchange","PrayRite:ReiMu","Replay:Parry","Replace","Potential","DualDimension","InstantArmor+1","Ricochet","Ricochet","Defy+1","Dilation","Revamp","Contraction","Sunlight","TimeWarp","potionbrewer:IronFlesh","FastForward","Chrysalis","TheWorld","Contraction","ShatteredReality","FanOfKnives+1"],"relics":["Uniform","EVO:Axolotl","REME_ComplimentaryCards","LetterFromLob","Mercury Hourglass","Simple Rune","Runesmith:Locket","Anchor"],"acts_visited":["Exordium","TheCity"],"potions_floor_usage":[16,27,33],"damage_taken":[{"damage":7,"enemies":"conspire:RoseBush","floor":1,"turns":4},{"damage":0,"enemies":"2 Louse","floor":3,"turns":3},{"damage":3,"enemies":"Small Slimes","floor":4,"turns":3},{"damage":25,"enemies":"Lagavulin","floor":8,"turns":9},{"damage":0,"enemies":"Looter","floor":11,"turns":2},{"damage":1,"enemies":"Gremlin Gang","floor":13,"turns":4},{"damage":26,"enemies":"Fading Forest","floor":16,"turns":11},{"damage":1,"enemies":"3 Byrds","floor":18,"turns":3},{"damage":11,"enemies":"2 Thieves","floor":20,"turns":3},{"damage":8,"enemies":"Centurion and Healer","floor":22,"turns":12},{"damage":0,"enemies":"conspire:HollyBat","floor":27,"turns":13},{"damage":0,"enemies":"Cultist and Chosen","floor":30,"turns":4},{"damage":65,"enemies":"Collector","floor":33,"turns":12}],"seed_played":"-474065800419016427","potions_obtained":[{"floor":4,"key":"potionbrewer:ToxicPotion"},{"floor":11,"key":"blueLaboratory:CorrosionFlask"},{"floor":22,"key":"Strength Potion"}],"is_trial":false,"path_per_floor":["M","?","M","M","?","R","?","E","T","?","M","R","M","?","R","B",null,"M","?","M","$","M","R","?","R","T","M","?","$","M","?","R","B"],"character_chosen":"THE_SERVANT","items_purchased":["Chrysalis","TheWorld"],"campfire_rested":4,"item_purchase_floors":[21,21],"current_hp_per_floor":[58,58,58,55,55,65,65,40,40,40,40,59,58,65,65,39,65,64,64,53,53,45,64,64,64,64,64,58,58,58,58,65,0,0],"gold":188,"neow_bonus":"RANDOM_COLORLESS","is_daily":false,"chose_seed":false,"campfire_upgraded":2,"win_rate":0.0,"timestamp":1611256045,"path_taken":["M","?","M","M","?","R","?","E","T","?","M","R","?","?","R","BOSS","M","?","M","$","M","R","?","R","T","M","?","$","M","?","R","BOSS"],"items_purchased_type":["Card","Card"],"build_version":"2020-12-22","purchased_purges":0,"victory":false,"max_hp_per_floor":[65,65,65,65,65,65,65,65,65,65,65,65,65,65,65,65,65,65,65,65,65,65,65,65,65,65,65,65,65,65,65,65,65,65],"card_choices":[{"not_picked":["Enlightenment","Impatience"],"picked":"Replay:Parry","floor":0},{"not_picked":["BottledTime","DoubleEdge"],"picked":"Replace","floor":1},{"not_picked":["Read","BestPractice"],"picked":"Ricochet","floor":3},{"not_picked":["Replace","ForgedInTime"],"picked":"Defy","floor":4},{"not_picked":["BottledTime","SpecialFormula"],"picked":"Dilation","floor":8},{"not_picked":["StarChef","Hightail"],"picked":"Revamp","floor":11},{"not_picked":["Starlight","Alleviate"],"picked":"Contraction","floor":13},{"not_picked":["PendulumOfEternity","LightFlow"],"picked":"Sunlight","floor":16},{"not_picked":["FanOfKnives","Defy"],"picked":"TimeWarp","floor":18},{"not_picked":["Read+1","Revamp"],"picked":"FastForward","floor":20},{"not_picked":["Ricochet","KillingDoll"],"picked":"Contraction","floor":22},{"not_picked":["Revamp","Replace"],"picked":"ShatteredReality","floor":27},{"not_picked":["Alleviate","Defy"],"picked":"FanOfKnives+1","floor":30}],"player_experience":504493,"relics_obtained":[{"floor":1,"key":"LetterFromLob"},{"floor":8,"key":"Mercury Hourglass"},{"floor":9,"key":"Simple Rune"},{"floor":26,"key":"Runesmith:Locket"}],"event_choices":[{"damage_healed":0,"gold_gain":0,"player_choice":"Disagree","damage_taken":0,"max_hp_gain":0,"max_hp_loss":0,"event_name":"conspire:LoneGhost","floor":5,"gold_loss":0},{"cards_removed":["DoubleEdge"],"damage_healed":0,"gold_gain":0,"player_choice":"Purged","damage_taken":0,"max_hp_gain":0,"max_hp_loss":0,"event_name":"Purifier","floor":10,"gold_loss":0},{"damage_healed":21,"gold_gain":0,"player_choice":"Banana","damage_taken":0,"max_hp_gain":0,"max_hp_loss":0,"event_name":"Big Fish","floor":14,"gold_loss":0},{"cards_removed":["Defy"],"damage_healed":0,"gold_gain":0,"player_choice":"Take \u0026 Give","damage_taken":0,"max_hp_gain":0,"max_hp_loss":0,"event_name":"betterNote:BetterNote","floor":19,"gold_loss":0,"cards_obtained":["potionbrewer:IronFlesh"]},{"damage_healed":0,"gold_gain":0,"player_choice":"Ignored","damage_taken":0,"max_hp_gain":0,"max_hp_loss":0,"event_name":"Vampires","floor":24,"gold_loss":0},{"damage_healed":0,"gold_gain":0,"player_choice":"Anchor","damage_taken":0,"relics_obtained":["Anchor"],"max_hp_gain":0,"max_hp_loss":0,"event_name":"blackbeard:ShipwreckEvent","floor":28,"gold_loss":0},{"damage_healed":0,"gold_gain":100,"player_choice":"Pray","damage_taken":0,"max_hp_gain":0,"max_hp_loss":0,"event_name":"Golden Shrine","floor":31,"gold_loss":0}],"is_beta":false,"boss_relics":[{"not_picked":["Replay:Bronze Core","Kintsugi","Runic Dome"]}],"items_purged_floors":[],"is_endless":false,"potions_floor_spawned":[4,11,20,22],"killed_by":"Collector","ascension_level":0}}