{"host":"nrxstibvl428zo7h","time":1611191799,"event":{"mods":["AchievementEnabler","BaseMod","Colored Map","Dark Map","Minty Spire (QoL Compilation)","StSLib"],"gold_per_floor":[116,116,116,131,146,146,177,177,177,202,238,238,256,256,256,256,256],"floor_reached":16,"language":"ENG","playtime":470,"items_purged":[],"score":160,"play_id":"3728d5c5-ce4c-42ca-b000-4910cd2cd087","local_time":"20210120171639","is_ascension_mode":false,"campfire_choices":[{"data":"Fire Breathing","floor":6,"key":"SMITH"},{"data":"Bash","floor":8,"key":"SMITH"},{"floor":15,"key":"REST"}],"circlet_count":0,"master_deck":["Strike_R","Strike_R","Strike_R","Strike_R","Defend_R","Defend_R","Defend_R","Defend_R","Bash+1","Havoc","Sword Boomerang","Injury","Fire Breathing+1","Immolate","Armaments","Shrug It Off"],"relics":["Burning Blood","Golden Idol","Peace Pipe","Eternal Feather","Darkstone Periapt","Centennial Puzzle"],"acts_visited":["Exordium"],"potions_floor_usage":[],"damage_taken":[{"damage":4,"enemies":"2 Louse","floor":1,"turns":4},{"damage":7,"enemies":"Small Slimes","floor":4,"turns":5},{"damage":1,"enemies":"Cultist","floor":5,"turns":4},{"damage":49,"enemies":"Lagavulin","floor":7,"turns":8},{"damage":18,"enemies":"Exordium Wildlife","floor":10,"turns":5},{"damage":18,"enemies":"3 Sentries","floor":11,"turns":4},{"damage":0,"enemies":"3 Louse","floor":13,"turns":1}],"seed_played":"8897290766322961702","potions_obtained":[{"floor":7,"key":"Weak Potion"},{"floor":11,"key":"PowerPotion"},{"floor":12,"key":"DistilledChaos"},{"floor":12,"key":"HeartOfIron"}],"is_trial":false,"path_per_floor":["M","?","?","M","M","R","E","R","T","M","E","?","M","T","R","B"],"character_chosen":"IRONCLAD","items_purchased":[],"campfire_rested":1,"item_purchase_floors":[],"current_hp_per_floor":[88,88,88,87,88,88,45,45,45,33,21,21,27,27,62,0,0],"gold":256,"neow_bonus":"TEN_PERCENT_HP_BONUS","is_daily":false,"chose_seed":false,"campfire_upgraded":2,"win_rate":0.0,"timestamp":1611191799,"path_taken":["M","?","?","M","M","R","E","R","T","M","E","?","?","?","R","BOSS"],"items_purchased_type":[],"build_version":"2020-12-22","purchased_purges":0,"victory":false,"max_hp_per_floor":[88,88,88,88,88,88,88,88,88,88,88,88,88,88,88,88,88],"card_choices":[{"not_picked":["Twin Strike","Pommel Strike"],"picked":"Havoc","floor":1},{"not_picked":["Dropkick","Shrug It Off"],"picked":"Fire Breathing","floor":4},{"not_picked":["Whirlwind","Sword Boomerang","Rupture"],"picked":"SKIP","floor":5},{"not_picked":["Thunderclap","Anger"],"picked":"Immolate","floor":7},{"not_picked":["Seeing Red","Iron Wave"],"picked":"Armaments","floor":10},{"not_picked":["Cleave","Body Slam","Perfected Strike"],"picked":"SKIP","floor":11},{"not_picked":["Heavy Blade","Perfected Strike"],"picked":"Shrug It Off","floor":13}],"player_experience":86864,"relics_obtained":[{"floor":7,"key":"Peace Pipe"},{"floor":9,"key":"Eternal Feather"},{"floor":11,"key":"Darkstone Periapt"},{"floor":14,"key":"Centennial Puzzle"}],"event_choices":[{"damage_healed":0,"gold_gain":0,"cards_transformed":["Strike_R"],"player_choice":"Change","damage_taken":0,"max_hp_gain":0,"max_hp_loss":0,"event_name":"Living Wall","floor":2,"gold_loss":0,"cards_obtained":["Sword Boomerang"]},{"damage_healed":0,"gold_gain":0,"player_choice":"Take Wound","damage_taken":0,"relics_obtained":["Golden Idol"],"max_hp_gain":0,"max_hp_loss":0,"event_name":"Golden Idol","floor":3,"gold_loss":0,"cards_obtained":["Injury"]},{"damage_healed":0,"gold_gain":0,"player_choice":"Got Potions","damage_taken":0,"max_hp_gain":0,"max_hp_loss":0,"event_name":"Lab","floor":12,"gold_loss":0}],"is_beta":false,"boss_relics":[],"items_purged_floors":[],"is_endless":false,"potions_floor_spawned":[7,11],"killed_by":"The Guardian","ascension_level":0}}