{"host":"uv5ws9rdk87e8i5k","time":1611246446,"event":{"mods":["AchievementEnabler","BaseMod","Colored Map","Minty Spire (QoL Compilation)","StSLib","SuperFastMode"],"gold_per_floor":[109,128,53,71,85,111,111,139,139,139,99,124,124,142,142,243,243,243],"floor_reached":17,"language":"ENG","playtime":483,"items_purged":["Strike_G"],"score":240,"play_id":"b65c6704-568a-4931-bca2-8b92212ef2af","local_time":"20210121102726","is_ascension_mode":true,"campfire_choices":[{"floor":10,"key":"REST"},{"data":"Noxious Fumes","floor":13,"key":"SMITH"},{"data":"Catalyst","floor":15,"key":"SMITH"}],"circlet_count":0,"master_deck":["Strike_G","Strike_G","Strike_G","Defend_G","Defend_G","Defend_G","Defend_G","Defend_G","Survivor","Neutralize","Discovery","Poisoned Stab","Cloak And Dagger","Noxious Fumes+1","Prepared","Catalyst+1","Storm of Steel"],"relics":["Ring of the Snake","Bottled Lightning","Matryoshka","MealTicket","Singing Bowl","Darkstone Periapt","Snecko Eye"],"acts_visited":["Exordium","TheCity"],"potions_floor_usage":[5,6,12,12,16,16,16],"damage_taken":[{"damage":3,"enemies":"Cultist","floor":1,"turns":5},{"damage":2,"enemies":"Jaw Worm","floor":2,"turns":4},{"damage":1,"enemies":"2 Louse","floor":4,"turns":2},{"damage":10,"enemies":"Large Slime","floor":5,"turns":7},{"damage":10,"enemies":"Gremlin Nob","floor":6,"turns":5},{"damage":20,"enemies":"3 Sentries","floor":8,"turns":7},{"damage":0,"enemies":"Lagavulin","floor":12,"turns":6},{"damage":3,"enemies":"Blue Slaver","floor":14,"turns":3},{"damage":17,"enemies":"The Guardian","floor":16,"turns":8}],"seed_played":"7662874254604616997","potions_obtained":[{"floor":2,"key":"Dexterity Potion"},{"floor":4,"key":"Weak Potion"},{"floor":11,"key":"SpeedPotion"},{"floor":11,"key":"DuplicationPotion"},{"floor":11,"key":"Block Potion"},{"floor":12,"key":"Block Potion"},{"floor":14,"key":"LiquidBronze"}],"is_trial":false,"path_per_floor":["M","M","$","M","M","E","?","E","T","R","?","E","R","M","R","B",null],"character_chosen":"THE_SILENT","items_purchased":[],"campfire_rested":1,"item_purchase_floors":[],"current_hp_per_floor":[67,65,65,64,54,44,37,17,17,38,38,40,40,37,37,20,72,72],"gold":243,"neow_bonus":"RANDOM_COLORLESS","is_daily":false,"chose_seed":false,"campfire_upgraded":2,"win_rate":0.0,"timestamp":1611246446,"path_taken":["M","M","$","?","M","E","?","E","T","R","?","E","R","M","R","BOSS"],"items_purchased_type":[],"build_version":"2020-12-22","purchased_purges":1,"victory":false,"max_hp_per_floor":[70,70,70,70,70,70,70,70,70,70,70,72,72,72,72,72,72,72],"card_choices":[{"not_picked":["Panacea","Trip"],"picked":"Discovery","floor":0},{"not_picked":["PiercingWail","Dagger Spray"],"picked":"Poisoned Stab","floor":1},{"not_picked":["Endless Agony","Tactician"],"picked":"Cloak And Dagger","floor":2},{"not_picked":["Blade Dance","Blur","Dagger Throw"],"picked":"SKIP","floor":4},{"not_picked":["Choke","Underhanded Strike","Concentrate"],"picked":"SKIP","floor":5},{"not_picked":["Endless Agony","Leg Sweep"],"picked":"Noxious Fumes","floor":6},{"not_picked":["A Thousand Cuts","Slice"],"picked":"Prepared","floor":8},{"not_picked":["Footwork","Backflip","Well Laid Plans"],"picked":"Singing Bowl","floor":12},{"not_picked":["Accuracy","Expertise"],"picked":"Catalyst","floor":14},{"not_picked":["Phantasmal Killer","Glass Knife"],"picked":"Storm of Steel","floor":16}],"player_experience":132166,"relics_obtained":[{"floor":6,"key":"Bottled Lightning"},{"floor":8,"key":"Matryoshka"},{"floor":9,"key":"MealTicket"},{"floor":9,"key":"Singing Bowl"},{"floor":12,"key":"Darkstone Periapt"}],"event_choices":[{"cards_removed":["Strike_G"],"damage_healed":0,"gold_gain":0,"player_choice":"Card Removal","damage_taken":7,"max_hp_gain":0,"max_hp_loss":0,"event_name":"Golden Wing","floor":7,"gold_loss":0},{"damage_healed":0,"gold_gain":0,"player_choice":"Bought 3 Potions","damage_taken":0,"max_hp_gain":0,"max_hp_loss":0,"event_name":"The Woman in Blue","floor":11,"gold_loss":0}],"is_beta":false,"boss_relics":[{"not_picked":["SlaversCollar","Ectoplasm"],"picked":"Snecko Eye"}],"items_purged_floors":[3],"is_endless":false,"potions_floor_spawned":[2,4,12,14],"ascension_level":4}}