{"host":"jwbw4f4imxd0v0b0","time":1611206315,"event":{"mods":["BaseMod","Colored Map","Highlight Path","Minty Spire (QoL Compilation)","Relic Stats","StSLib"],"gold_per_floor":[365,378,390,390,23,23,38,69,93,93,93,119,119,139,139,216,216,196,80,97,97,97,97,97,115,139,151,171,206,206,225,225,302,302,316,316,334,314,28,28,57,70,70,85,85,98,98,108,108,108,108],"floor_reached":52,"language":"ENG","playtime":4842,"items_purged":["Injury"],"score":1828,"play_id":"a447116e-1a7e-4f7f-ba61-82e6a1e78f0a","local_time":"20210120231835","is_ascension_mode":true,"campfire_choices":[{"data":"Dagger Throw","floor":6.0,"key":"SMITH"},{"floor":10.0,"key":"REST"},{"data":"Noxious Fumes","floor":13.0,"key":"SMITH"},{"data":"Footwork","floor":15.0,"key":"SMITH"},{"floor":23.0,"key":"REST"},{"floor":30.0,"key":"REST"},{"data":"Footwork","floor":32.0,"key":"SMITH"},{"data":"Footwork","floor":40.0,"key":"SMITH"},{"data":"Catalyst","floor":49,"key":"SMITH"}],"circlet_count":0,"master_deck":["AscendersBane","Strike_G+1","Strike_G+1","Strike_G+1","Strike_G+1","Defend_G+1","Defend_G+1","Defend_G+1","Defend_G+1","Defend_G+1","Survivor+1","Neutralize+1","Predator+1","Noxious Fumes+1","Dagger Throw+1","Backflip+1","Catalyst+1","Dagger Spray+1","Adrenaline+1","Footwork+1","Bullet Time+1","Backstab+1","Footwork+1","Blur+1","Deadly Poison+1","Cloak And Dagger+1","Deflect+1","Footwork+1","Acrobatics+1","Sadistic Nature+1","Noxious Fumes+1","Deflect+1","Catalyst+1"],"relics":["Ring of the Snake","Orichalcum","Happy Flower","Bag of Marbles","Regal Pillow","Runic Pyramid","War Paint","Mercury Hourglass","Coffee Dripper","Art of War","Sundial","Mark of the Bloom"],"acts_visited":["Exordium","TheCity","TheBeyond"],"potions_floor_usage":[51,51],"damage_taken":[{"damage":7.0,"enemies":"Small Slimes","floor":1.0,"turns":5.0},{"damage":0.0,"enemies":"2 Louse","floor":2.0,"turns":2.0},{"damage":0.0,"enemies":"Cultist","floor":3.0,"turns":4.0},{"damage":2.0,"enemies":"Large Slime","floor":7.0,"turns":5.0},{"damage":32.0,"enemies":"Gremlin Nob","floor":8.0,"turns":5.0},{"damage":3.0,"enemies":"3 Sentries","floor":12.0,"turns":8.0},{"damage":0.0,"enemies":"Blue Slaver","floor":14.0,"turns":3.0},{"damage":24.0,"enemies":"The Guardian","floor":16.0,"turns":11.0},{"damage":0.0,"enemies":"2 Thieves","floor":18.0,"turns":4.0},{"damage":15.0,"enemies":"Shell Parasite","floor":20.0,"turns":6.0},{"damage":28.0,"enemies":"Snake Plant","floor":25.0,"turns":4.0},{"damage":2.0,"enemies":"Centurion and Healer","floor":27.0,"turns":7.0},{"damage":30.0,"enemies":"Cultist and Chosen","floor":28.0,"turns":9.0},{"damage":10.0,"enemies":"Gremlin Leader","floor":29.0,"turns":7.0},{"damage":2.0,"enemies":"Sentry and Sphere","floor":31.0,"turns":5.0},{"damage":27.0,"enemies":"Automaton","floor":33.0,"turns":14.0},{"damage":0.0,"enemies":"3 Shapes","floor":35.0,"turns":5.0},{"damage":0.0,"enemies":"3 Darklings","floor":37.0,"turns":5.0},{"damage":0.0,"enemies":"Reptomancer","floor":41.0,"turns":7.0},{"damage":5,"enemies":"Transient","floor":42,"turns":6},{"damage":6,"enemies":"Maw","floor":44,"turns":8},{"damage":0,"enemies":"Writhing Mass","floor":46,"turns":6},{"damage":0,"enemies":"Transient","floor":48,"turns":6},{"damage":14,"enemies":"Donu and Deca","floor":50,"turns":10},{"damage":32,"enemies":"Awakened One","floor":51,"turns":18}],"seed_played":"6825044158562667510","potions_obtained":[{"floor":8.0,"key":"Dexterity Potion"},{"floor":11.0,"key":"FairyPotion"},{"floor":14.0,"key":"CultistPotion"},{"floor":28.0,"key":"LiquidMemories"},{"floor":33.0,"key":"Weak Potion"},{"floor":38.0,"key":"Explosive Potion"},{"floor":41.0,"key":"ColorlessPotion"},{"floor":44,"key":"DuplicationPotion"},{"floor":46,"key":"DistilledChaos"}],"is_trial":false,"path_per_floor":["M","M","M","?","$","R","M","E","T","R","?","E","R","M","R","B",null,"M","$","M","?","?","R","?","M","T","M","M","E","R","M","R","B",null,"M","?","M","?","$","R","E","M","T","M","?","M","?","M","R","B","B",null],"character_chosen":"THE_SILENT","items_purchased":["Backflip","Catalyst","Orichalcum","Footwork","Blur","Sadistic Nature","Noxious Fumes"],"campfire_rested":3,"item_purchase_floors":[5,5,5,19,19,39,39],"current_hp_per_floor":[52,52,52,57,57,57,55,23,23,44,44,41,41,41,41,17,58,58,58,43,43,43,71,51,23,23,21,22,12,49,47,47,20,62,62,62,62,62,62,62,62,57,57,51,51,51,51,51,51,37,5],"gold":108,"neow_bonus":"TWO_FIFTY_GOLD","is_daily":false,"chose_seed":false,"campfire_upgraded":6,"win_rate":0.0,"timestamp":1611206315,"path_taken":["M","M","M","?","$","R","M","E","T","R","?","E","R","M","R","BOSS","M","?","M","?","?","R","?","M","T","M","M","E","R","?","R","BOSS","M","?","M","?","$","R","E","?","T","M","?","M","?","M","R","BOSS","BOSS"],"items_purchased_type":["Card","Card","Relic","Card","Card","Card","Card"],"build_version":"2020-12-22","purchased_purges":1,"victory":true,"max_hp_per_floor":[66,66,66,71,71,71,71,71,71,71,71,71,71,71,71,71,71,71,71,71,71,71,71,76,76,76,76,76,76,76,76,76,76,76,76,76,76,76,76,76,76,76,76,76,76,76,76,76,76,76,76],"relic_stats":{"Regal Pillow":22,"Mark of the Bloom":0,"Happy Flower":[49],"counters":[25,170],"Sundial":[6],"Art of War":[11],"Orichalcum":[234],"War Paint":["Defend_G","Cloak And Dagger"],"obtain_stats":[{"Regal Pillow":12,"Mark of the Bloom":45,"Happy Flower":8,"Sundial":43,"Bag of Marbles":9,"Coffee Dripper":34,"Art of War":41,"Orichalcum":5,"War Paint":26,"Ring of the Snake":0,"Runic Pyramid":17,"Mercury Hourglass":29},{"Regal Pillow":6,"Mark of the Bloom":21,"Happy Flower":5,"Sundial":20,"Bag of Marbles":5,"Coffee Dripper":16,"Art of War":19,"Orichalcum":3,"War Paint":11,"Ring of the Snake":0,"Runic Pyramid":8,"Mercury Hourglass":14},{"Regal Pillow":29,"Mark of the Bloom":130,"Happy Flower":21,"Sundial":122,"Bag of Marbles":21,"Coffee Dripper":99,"Art of War":116,"Orichalcum":11,"War Paint":57,"Ring of the Snake":0,"Runic Pyramid":43,"Mercury Hourglass":80}],"Ring of the Snake":[50],"Mercury Hourglass":[318]},"card_choices":[{"not_picked":["Flying Knee","Slice"],"picked":"Predator","floor":1.0},{"not_picked":["Poisoned Stab","Blur"],"picked":"Noxious Fumes","floor":2.0},{"not_picked":["Expertise","Dodge and Roll"],"picked":"Dagger Throw","floor":3.0},{"not_picked":["Dash","Bane"],"picked":"Dagger Spray","floor":7.0},{"not_picked":["Backflip","Deadly Poison"],"picked":"Adrenaline","floor":8.0},{"not_picked":["Flechettes","Setup","Slice"],"picked":"SKIP","floor":12.0},{"not_picked":["Dagger Spray","Dodge and Roll"],"picked":"Footwork","floor":14.0},{"not_picked":["Grand Finale","Envenom"],"picked":"Bullet Time","floor":16.0},{"not_picked":["Flying Knee","Catalyst"],"picked":"Backstab","floor":18.0},{"not_picked":["Dagger Spray","Accuracy"],"picked":"Deadly Poison+1","floor":20.0},{"not_picked":["Sucker Punch","Predator"],"picked":"Cloak And Dagger","floor":25.0},{"not_picked":["Prepared","Bane"],"picked":"Deflect","floor":27.0},{"not_picked":["All Out Attack","Dagger Throw","Caltrops+1"],"picked":"SKIP","floor":28.0},{"not_picked":["Flying Knee","Endless Agony"],"picked":"Footwork","floor":29.0},{"not_picked":["Predator","Phantasmal Killer"],"picked":"Acrobatics+1","floor":31.0},{"not_picked":["Well Laid Plans","Underhanded Strike","Backflip"],"picked":"SKIP","floor":35.0},{"not_picked":["Reflex","Slice","Blade Dance"],"picked":"SKIP","floor":37.0},{"not_picked":["Dagger Spray","Tactician","Infinite Blades+1"],"picked":"SKIP","floor":41.0},{"not_picked":["Backflip","Dodge and Roll"],"picked":"Deflect","floor":42},{"not_picked":["Bane","Outmaneuver","Expertise+1"],"picked":"SKIP","floor":44},{"not_picked":["Acrobatics+1","Caltrops"],"picked":"Catalyst","floor":46},{"not_picked":["Slice+1","Outmaneuver+1","Caltrops"],"picked":"SKIP","floor":48}],"player_experience":1112569,"relics_obtained":[{"floor":8.0,"key":"Happy Flower"},{"floor":9.0,"key":"Bag of Marbles"},{"floor":12.0,"key":"Regal Pillow"},{"floor":26.0,"key":"War Paint"},{"floor":29.0,"key":"Mercury Hourglass"},{"floor":41.0,"key":"Art of War"},{"floor":43,"key":"Sundial"}],"event_choices":[{"damage_healed":0.0,"max_hp_gain":5.0,"max_hp_loss":0.0,"gold_gain":0.0,"event_name":"Big Fish","player_choice":"Donut","floor":4.0,"gold_loss":0.0,"damage_taken":0.0},{"damage_healed":0.0,"max_hp_gain":0.0,"max_hp_loss":0.0,"gold_gain":0.0,"event_name":"Lab","player_choice":"Got Potions","floor":11.0,"gold_loss":0.0,"damage_taken":0.0},{"damage_healed":0.0,"max_hp_gain":0.0,"max_hp_loss":0.0,"gold_gain":0.0,"event_name":"Ghosts","player_choice":"Ignored","floor":21.0,"gold_loss":0.0,"damage_taken":0.0},{"damage_healed":0.0,"max_hp_gain":0.0,"max_hp_loss":0.0,"gold_gain":0.0,"event_name":"Vampires","player_choice":"Ignored","floor":22.0,"gold_loss":0.0,"damage_taken":0.0},{"damage_healed":0.0,"max_hp_gain":5.0,"max_hp_loss":0.0,"gold_gain":0.0,"event_name":"Forgotten Altar","player_choice":"Shed Blood","floor":24.0,"gold_loss":0.0,"damage_taken":25.0},{"damage_healed":0.0,"max_hp_gain":0.0,"max_hp_loss":0.0,"gold_gain":0.0,"event_name":"Tomb of Lord Red Mask","player_choice":"Ignored","floor":36.0,"gold_loss":0.0,"damage_taken":0.0},{"damage_healed":0.0,"max_hp_gain":0.0,"max_hp_loss":0.0,"gold_gain":0.0,"event_name":"The Woman in Blue","player_choice":"Bought 1 Potion","floor":38.0,"gold_loss":0.0,"damage_taken":0.0},{"damage_healed":0,"gold_gain":0,"player_choice":"Upgrade","damage_taken":0,"relics_obtained":["Mark of the Bloom"],"max_hp_gain":0,"max_hp_loss":0,"event_name":"MindBloom","floor":45,"gold_loss":0,"cards_upgraded":["Strike_G","Strike_G","Strike_G","Strike_G","Strike_G","Defend_G","Defend_G","Defend_G","Defend_G","Survivor","Neutralize","Predator","Backflip","Catalyst","Dagger Spray","Adrenaline","Bullet Time","Backstab","Blur","Deflect","Sadistic Nature","Noxious Fumes","Deflect"]},{"cards_removed":["Strike_G"],"damage_healed":0,"gold_gain":0,"player_choice":"Removed Attack","damage_taken":0,"max_hp_gain":0,"max_hp_loss":0,"event_name":"Falling","floor":47,"gold_loss":0}],"is_beta":false,"boss_relics":[{"not_picked":["Black Star","WristBlade"],"picked":"Runic Pyramid"},{"not_picked":["Empty Cage","Calling Bell"],"picked":"Coffee Dripper"}],"items_purged_floors":[5],"is_endless":false,"potions_floor_spawned":[8,14,16,25,28,29,33,41,44,46],"ascension_level":20}}