{"host":"9t2ympe4rhhsn2bt","time":1611251898,"event":{"mods":["BaseMod","Bestiary","Colored Powertips","Highlight Path","Minty Spire (QoL Compilation)","Quick Restart","StSLib","The Servant 0.9.4"],"gold_per_floor":[109,109,109,38,53,53,65,65,145,175,175,25,36,36,36,139,139,157,157,256,256,270,270,270],"floor_reached":23,"language":"FRA","playtime":1529,"items_purged":[],"score":212,"play_id":"a08b57fe-69f3-4fc5-b58e-308678344e87","local_time":"20210121185818","is_ascension_mode":false,"campfire_choices":[{"data":"Contraction","floor":6,"key":"SMITH"},{"floor":11,"key":"REST"},{"data":"Exchange","floor":15,"key":"SMITH"}],"circlet_count":0,"master_deck":["Defend_S","Defend_S","Defend_S","Defend_S","KidneyShot","Exchange+1","Contraction+1","Luminosity","DoubleEdge","Starlight","Misdirection","Rearm","KillingDoll","Potential","Bite","Bite","Bite","Bite","Bite","Writhe","FastForward"],"relics":["Uniform","Bag of Marbles","Bottled Lightning","Vajra","Membership Card","Busted Crown","Blue Candle"],"acts_visited":["Exordium","TheCity"],"potions_floor_usage":[10,10,22,23],"damage_taken":[{"damage":2,"enemies":"2 Louse","floor":1,"turns":4},{"damage":0,"enemies":"Jaw Worm","floor":5,"turns":5},{"damage":0,"enemies":"Cultist","floor":7,"turns":6},{"damage":10,"enemies":"Gremlin Nob","floor":10,"turns":3},{"damage":1,"enemies":"Exordium Wildlife","floor":13,"turns":3},{"damage":13,"enemies":"The Guardian","floor":16,"turns":11},{"damage":0,"enemies":"Chosen","floor":18,"turns":3},{"damage":2,"enemies":"Spheric Guardian","floor":22,"turns":4},{"damage":65,"enemies":"Slavers","floor":23,"turns":4}],"seed_played":"-7330780205442934229","potions_obtained":[{"floor":5,"key":"LiquidMemories"},{"floor":7,"key":"SteroidPotion"},{"floor":16,"key":"Explosive Potion"},{"floor":22,"key":"Strength Potion"}],"is_trial":false,"path_per_floor":["M","?","?","$","M","R","M","$","T","E","R","$","M","?","R","B",null,"M","?","?","?","M","E"],"character_chosen":"THE_SERVANT","items_purchased":["Luminosity","Membership Card"],"campfire_rested":1,"item_purchase_floors":[4,12],"current_hp_per_floor":[63,63,63,63,63,63,63,63,63,53,65,65,64,69,69,56,70,70,49,49,49,49,0,0],"gold":270,"neow_bonus":"RANDOM_COMMON_RELIC","is_daily":false,"chose_seed":false,"campfire_upgraded":2,"win_rate":0.0,"timestamp":1611251898,"path_taken":["M","?","?","$","M","R","M","?","T","E","R","$","?","?","R","BOSS","M","?","?","?","M","E"],"items_purchased_type":["Card","Relic"],"build_version":"2020-12-22","purchased_purges":0,"victory":false,"max_hp_per_floor":[65,65,65,65,65,65,65,65,65,65,65,65,65,70,70,70,70,70,49,49,49,49,49,49],"card_choices":[{"not_picked":["TimeWarp","BottledTime"],"picked":"Contraction","floor":1},{"not_picked":["BottledTime","Replace"],"picked":"DoubleEdge","floor":5},{"not_picked":["Rewind","Comet"],"picked":"Starlight","floor":7},{"not_picked":["Rearm","Ricochet"],"picked":"Misdirection","floor":10},{"not_picked":["TheWorld","Rewind"],"picked":"Rearm","floor":13},{"not_picked":["TheWorld","FloweringNight"],"picked":"KillingDoll","floor":16},{"not_picked":[],"picked":"Potential","floor":18},{"not_picked":[],"picked":"FastForward","floor":22}],"player_experience":280247,"relics_obtained":[{"floor":9,"key":"Bottled Lightning"},{"floor":10,"key":"Vajra"}],"event_choices":[{"damage_healed":0,"gold_gain":0,"player_choice":"Leave","damage_taken":0,"max_hp_gain":0,"max_hp_loss":0,"event_name":"The Cleric","floor":2,"gold_loss":0},{"damage_healed":0,"gold_gain":0,"player_choice":"Ignored","damage_taken":0,"max_hp_gain":0,"max_hp_loss":0,"event_name":"Shining Light","floor":3,"gold_loss":0},{"damage_healed":0,"gold_gain":0,"player_choice":"Donut","damage_taken":0,"max_hp_gain":5,"max_hp_loss":0,"event_name":"Big Fish","floor":14,"gold_loss":0},{"damage_healed":0,"gold_gain":0,"player_choice":"Became a vampire","damage_taken":0,"max_hp_gain":0,"max_hp_loss":21,"event_name":"Vampires","floor":19,"gold_loss":0,"cards_obtained":["Bite","Bite","Bite","Bite","Bite"]},{"damage_healed":0,"gold_gain":99,"player_choice":"Stole From Cult","damage_taken":0,"max_hp_gain":0,"max_hp_loss":0,"event_name":"Nest","floor":20,"gold_loss":0},{"damage_healed":0,"gold_gain":0,"player_choice":"Opened","damage_taken":0,"relics_obtained":["Blue Candle"],"max_hp_gain":0,"max_hp_loss":0,"event_name":"The Mausoleum","floor":21,"gold_loss":0,"cards_obtained":["Writhe"]}],"is_beta":false,"boss_relics":[{"not_picked":["MysterySword","Tiny House"],"picked":"Busted Crown"}],"items_purged_floors":[],"is_endless":false,"potions_floor_spawned":[5,7,16,22],"killed_by":"Slavers","ascension_level":0}}