{"host":"rolltorest","time":1611202375,"event":{"mods":["BaseMod","Minty Spire (QoL Compilation)","Relic Stats","Slay the Relics Exporter","StSLib"],"gold_per_floor":[109,109,109,134,284,284,320,320,320,351,351,398,434,446,458,565,577,602,453,474,474,493,526,526,541,541,560,603,603,620,654,654,654,654],"floor_reached":33,"language":"ENG","playtime":1206,"items_purged":["Doubt"],"score":921,"play_id":"de7df9ac-aafe-4097-8d20-884240ab6801","local_time":"20210120201255","is_ascension_mode":true,"campfire_choices":[{"data":"Armaments","floor":6,"key":"SMITH"},{"floor":15,"key":"REST"},{"floor":24,"key":"REST"},{"data":"Dual Wield","floor":32,"key":"SMITH"}],"circlet_count":0,"master_deck":["AscendersBane","Strike_R","Strike_R","Strike_R","Strike_R","Defend_R","Defend_R","Defend_R","Defend_R","Bash","Headbutt","Armaments+1","Offering","Flex","Clothesline","Metallicize","Feed","Rage","Battle Trance","Jack Of All Trades","Burning Pact","Whirlwind+1","Battle Trance","Fiend Fire","Dual Wield+1","Second Wind"],"relics":["Runic Pyramid","Bloody Idol","Matryoshka","StrikeDummy","PreservedInsect","Orichalcum","MawBank","HornCleat","TungstenRod","Question Card","Philosopher\u0027s Stone","Centennial Puzzle","Red Skull","Juzu Bracelet","Ice Cream"],"acts_visited":["Exordium","TheCity"],"potions_floor_usage":[7,16,23,33],"damage_taken":[{"damage":0,"enemies":"Small Slimes","floor":1,"turns":4},{"damage":0,"enemies":"2 Louse","floor":4,"turns":4},{"damage":26,"enemies":"Lagavulin","floor":7,"turns":10},{"damage":6,"enemies":"Gremlin Nob","floor":10,"turns":2},{"damage":6,"enemies":"3 Sentries","floor":12,"turns":6},{"damage":0,"enemies":"Cultist","floor":13,"turns":3},{"damage":5,"enemies":"The Guardian","floor":16,"turns":13},{"damage":12,"enemies":"3 Byrds","floor":18,"turns":8},{"damage":5,"enemies":"Chosen","floor":20,"turns":4},{"damage":6,"enemies":"Centurion and Healer","floor":22,"turns":3},{"damage":23,"enemies":"Slavers","floor":23,"turns":4},{"damage":5,"enemies":"Cultist and Chosen","floor":25,"turns":7},{"damage":5,"enemies":"3 Cultists","floor":27,"turns":4},{"damage":5,"enemies":"Book of Stabbing","floor":28,"turns":4},{"damage":0,"enemies":"Snake Plant","floor":30,"turns":3},{"damage":0,"enemies":"Slavers","floor":31,"turns":1},{"damage":65,"enemies":"Collector","floor":33,"turns":7}],"seed_played":"3349974149010923869","potions_obtained":[{"floor":4,"key":"FearPotion"},{"floor":10,"key":"BlessingOfTheForge"},{"floor":12,"key":"SneckoOil"},{"floor":18,"key":"Ancient Potion"},{"floor":25,"key":"Weak Potion"},{"floor":30,"key":"PowerPotion"}],"is_trial":false,"path_per_floor":["M","?","?","M","?","R","E","?","T","E","T","E","M","?","R","B",null,"M","$","M","?","M","E","R","M","T","M","E","?","M","E","R","B"],"character_chosen":"IRONCLAD","items_purchased":["Battle Trance"],"campfire_rested":2,"item_purchase_floors":[19],"current_hp_per_floor":[68,68,61,61,61,61,35,35,35,29,29,23,23,8,28,23,57,49,49,48,38,36,17,42,41,41,40,39,39,47,52,52,0,0],"gold":654,"neow_bonus":"BOSS_RELIC","is_daily":false,"chose_seed":false,"campfire_upgraded":2,"win_rate":0.0,"timestamp":1611202375,"path_taken":["M","?","?","M","?","R","E","?","T","E","?","E","?","?","R","BOSS","M","$","M","?","M","E","R","?","T","M","E","?","M","E","R","BOSS"],"items_purchased_type":["Card"],"build_version":"2020-12-18","purchased_purges":1,"victory":false,"max_hp_per_floor":[75,68,68,68,68,68,68,68,68,68,68,68,68,68,68,68,68,72,72,76,76,80,84,84,88,88,92,96,96,99,99,99,99,99],"relic_stats":{"Centennial Puzzle":[12],"counters":[17,87],"Bloody Idol":10,"PreservedInsect":181,"Juzu Bracelet":0,"Orichalcum":[114],"MawBank":96,"Question Card":10,"obtain_stats":[{"Ice Cream":31,"Golden Idol":2,"PreservedInsect":9,"Juzu Bracelet":28,"Orichalcum":10,"MawBank":11,"Question Card":14,"Burning Blood":0,"Centennial Puzzle":23,"Matryoshka":7,"HornCleat":11,"Bloody Idol":29,"Philosopher\u0027s Stone":17,"StrikeDummy":9,"TungstenRod":12,"Red Skull":26,"Runic Pyramid":0},{"Ice Cream":16,"Golden Idol":1,"PreservedInsect":3,"Juzu Bracelet":14,"Orichalcum":4,"MawBank":4,"Question Card":6,"Burning Blood":0,"Centennial Puzzle":11,"Matryoshka":3,"HornCleat":4,"Bloody Idol":14,"Philosopher\u0027s Stone":7,"StrikeDummy":3,"TungstenRod":5,"Red Skull":12,"Runic Pyramid":0},{"Ice Cream":80,"Golden Idol":4,"PreservedInsect":18,"Juzu Bracelet":76,"Orichalcum":20,"MawBank":20,"Question Card":29,"Burning Blood":0,"Centennial Puzzle":61,"Matryoshka":18,"HornCleat":20,"Bloody Idol":76,"Philosopher\u0027s Stone":42,"StrikeDummy":18,"TungstenRod":26,"Red Skull":68,"Runic Pyramid":0}],"TungstenRod":25},"card_choices":[{"not_picked":["Flex","Havoc"],"picked":"Headbutt","floor":1},{"not_picked":["Headbutt","Thunderclap"],"picked":"Armaments","floor":4},{"not_picked":["Inflame","Twin Strike"],"picked":"Offering","floor":7},{"not_picked":["Rupture","Entrench"],"picked":"Flex","floor":10},{"not_picked":["Feel No Pain","Sever Soul"],"picked":"Clothesline","floor":12},{"not_picked":["Hemokinesis","Warcry"],"picked":"Metallicize","floor":13},{"not_picked":["Limit Break","Demon Form","Fiend Fire"],"picked":"Feed","floor":16},{"not_picked":["Blood for Blood","Flex","Clothesline+1"],"picked":"Rage","floor":18},{"not_picked":["Thunderclap","Twin Strike+1","Hemokinesis","Anger"],"picked":"SKIP","floor":20},{"not_picked":["Clash","Havoc","Headbutt","Iron Wave"],"picked":"SKIP","floor":22},{"not_picked":["Rupture","Intimidate","Warcry+1"],"picked":"Burning Pact","floor":23},{"not_picked":["True Grit","Thunderclap","Cleave"],"picked":"Whirlwind+1","floor":25},{"not_picked":["Twin Strike","Thunderclap","Juggernaut"],"picked":"Battle Trance","floor":27},{"not_picked":["Clothesline","Feel No Pain","Sword Boomerang"],"picked":"Fiend Fire","floor":28},{"not_picked":["Pummel","Anger","Iron Wave"],"picked":"Dual Wield","floor":30},{"not_picked":["Rage","Armaments","Thunderclap"],"picked":"Second Wind","floor":31}],"player_experience":1748893,"relics_obtained":[{"floor":7,"key":"Matryoshka"},{"floor":9,"key":"StrikeDummy"},{"floor":9,"key":"PreservedInsect"},{"floor":10,"key":"Orichalcum"},{"floor":11,"key":"MawBank"},{"floor":11,"key":"HornCleat"},{"floor":12,"key":"TungstenRod"},{"floor":23,"key":"Centennial Puzzle"},{"floor":26,"key":"Red Skull"},{"floor":28,"key":"Juzu Bracelet"},{"floor":31,"key":"Ice Cream"}],"event_choices":[{"damage_healed":0,"gold_gain":0,"player_choice":"Lose Max HP","damage_taken":0,"relics_obtained":["Golden Idol"],"max_hp_gain":0,"max_hp_loss":7,"event_name":"Golden Idol","floor":2,"gold_loss":0},{"cards_removed":["Strike_R"],"damage_healed":0,"gold_gain":0,"player_choice":"Card Removal","damage_taken":7,"max_hp_gain":0,"max_hp_loss":0,"event_name":"Golden Wing","floor":3,"gold_loss":0},{"damage_healed":0,"gold_gain":150,"player_choice":"AGREE","damage_taken":0,"max_hp_gain":0,"max_hp_loss":0,"event_name":"Liars Game","floor":5,"gold_loss":0,"cards_obtained":["Doubt"]},{"damage_healed":0,"gold_gain":0,"player_choice":"Ignored","damage_taken":0,"max_hp_gain":0,"max_hp_loss":0,"event_name":"Shining Light","floor":8,"gold_loss":0},{"damage_healed":0,"gold_gain":0,"player_choice":"Success","damage_taken":18,"relics_obtained":["Question Card"],"max_hp_gain":0,"max_hp_loss":0,"event_name":"Scrap Ooze","floor":14,"gold_loss":0},{"damage_healed":0,"gold_gain":0,"player_choice":"CARD ","damage_taken":12,"max_hp_gain":0,"max_hp_loss":0,"event_name":"Knowing Skull","floor":21,"potions_obtained":[],"gold_loss":0,"cards_obtained":["Jack Of All Trades"]},{"damage_healed":0,"gold_gain":0,"player_choice":"Gave Idol","damage_taken":0,"relics_obtained":["Bloody Idol"],"max_hp_gain":0,"max_hp_loss":0,"event_name":"Forgotten Altar","floor":29,"relics_lost":["Golden Idol"],"gold_loss":0}],"is_beta":true,"boss_relics":[{"not_picked":["Calling Bell","Empty Cage"],"picked":"Philosopher\u0027s Stone"}],"items_purged_floors":[19],"is_endless":false,"potions_floor_spawned":[4,10,12,18,22,25,28,30],"killed_by":"Collector","ascension_level":20}}