{"host":"ttx8tv95o5vka1nm","time":1611206206,"event":{"mods":["AchievementEnabler","BaseMod","Colored Map","Downfall","Infinite Spire","Minty Spire (QoL Compilation)","Shop Mod","StSLib","The Jungle"],"gold_per_floor":[110,125,135,149,149,149,183,183,183,183,183,218,24,51,51,150,150,166,65,79,98,116,116,116],"floor_reached":23,"language":"ENG","playtime":1176,"items_purged":[],"score":261,"play_id":"f378cf49-6f14-4604-bf12-bce12c92d5ab","local_time":"20210121151646","is_ascension_mode":true,"campfire_choices":[{"data":"Hologram","floor":6,"key":"SMITH"},{"data":"Echo Form","floor":8,"key":"SMITH"},{"floor":11,"key":"REST"},{"data":"Defragment","floor":15,"key":"SMITH"}],"circlet_count":0,"master_deck":["Strike_B","Strike_B","Strike_B","Strike_B","Defend_B","Defend_B","Defend_B","Defend_B","Zap+1","Dualcast","Streamline","Melter","Undo","Hologram+1","Echo Form+1","Defragment+1","Turbo","Fission","Cold Snap","BootSequence","Fusion","CurseOfTheBell"],"relics":["Cracked Core","Blood Vial","Lizard Tail","Bottled Lightning","Darkstone Periapt","HandDrill","Art of War","Philosopher\u0027s Stone","MerchantsRug","Calling Bell","Ginger","HornCleat","Toy Ornithopter"],"acts_visited":["Exordium","TheCity"],"potions_floor_usage":[7],"damage_taken":[{"damage":2,"enemies":"2 Louse","floor":1,"turns":2},{"damage":7,"enemies":"Jaw Worm","floor":2,"turns":3},{"damage":0,"enemies":"Small Slimes","floor":3,"turns":2},{"damage":6,"enemies":"2 Fungi Beasts","floor":4,"turns":3},{"damage":21,"enemies":"Gremlin Nob","floor":7,"turns":4},{"damage":2,"enemies":"Lagavulin","floor":12,"turns":6},{"damage":41,"enemies":"Hexaghost","floor":16,"turns":8},{"damage":7,"enemies":"Chosen","floor":18,"turns":5},{"damage":41,"enemies":"2 Thieves","floor":20,"turns":5},{"damage":35,"enemies":"Shelled Parasite and Fungi","floor":21,"turns":6},{"damage":34,"enemies":"Snecko","floor":22,"turns":5}],"seed_played":"-7466304342220427973","potions_obtained":[{"floor":1,"key":"FocusPotion"},{"floor":2,"key":"Strength Potion"},{"floor":4,"key":"BlessingOfTheForge"},{"floor":18,"key":"AttackPotion"},{"floor":20,"key":"FairyPotion"}],"is_trial":false,"path_per_floor":["M","M","M","M","?","R","E","R","T","?","R","E","$","T","R","B",null,"M","$","M","M","M","AVR"],"character_chosen":"DEFECT","items_purchased":["Turbo","HandDrill","MerchantsRug"],"campfire_rested":1,"item_purchase_floors":[13,13,19],"current_hp_per_floor":[73,66,66,60,53,53,34,34,34,34,58,58,58,58,58,19,66,61,61,22,24,41,47,47],"gold":116,"neow_bonus":"TEN_PERCENT_HP_BONUS","is_daily":false,"chose_seed":false,"campfire_upgraded":3,"win_rate":0.0,"timestamp":1611206206,"path_taken":["M","M","M","M","?","R","E","R","T","?","R","E","?","?","R","BOSS","M","$","M","M","M","AVR"],"items_purchased_type":["Card","Relic","Relic"],"build_version":"2020-12-22","purchased_purges":0,"victory":false,"max_hp_per_floor":[82,82,82,82,82,82,82,82,82,82,82,82,82,82,82,82,82,82,82,82,82,82,88,88],"card_choices":[{"not_picked":["Leap","Recycle"],"picked":"Streamline","floor":1},{"not_picked":["Ball Lightning","Gash"],"picked":"Melter","floor":2},{"not_picked":["Compile Driver","Cold Snap"],"picked":"Undo","floor":3},{"not_picked":["Sunder","Go for the Eyes"],"picked":"Hologram","floor":4},{"not_picked":["Steam","Sweeping Beam"],"picked":"Echo Form","floor":7},{"not_picked":["Hello World","Steam Power"],"picked":"Defragment","floor":12},{"not_picked":["Thunder Strike","Buffer"],"picked":"Fission","floor":16},{"not_picked":["Hello World+1","Skim+1"],"picked":"Cold Snap","floor":18},{"not_picked":["Streamline+1","Double Energy"],"picked":"BootSequence","floor":20},{"not_picked":["Skim+1","Turbo","All For One"],"picked":"SKIP","floor":21},{"not_picked":["Go for the Eyes+1","Chill"],"picked":"Fusion","floor":22}],"player_experience":776226,"relics_obtained":[{"floor":7,"key":"Lizard Tail"},{"floor":9,"key":"Bottled Lightning"},{"floor":12,"key":"Darkstone Periapt"},{"floor":14,"key":"Art of War"},{"floor":23,"key":"Ginger"},{"floor":23,"key":"HornCleat"},{"floor":23,"key":"Toy Ornithopter"}],"event_choices":[{"damage_healed":0,"gold_gain":0,"player_choice":"Success","damage_taken":7,"relics_obtained":["Blood Vial"],"max_hp_gain":0,"max_hp_loss":0,"event_name":"Scrap Ooze","floor":5,"gold_loss":0},{"damage_healed":0,"gold_gain":0,"player_choice":"Grow","damage_taken":0,"max_hp_gain":0,"max_hp_loss":0,"event_name":"Living Wall","floor":10,"gold_loss":0,"cards_upgraded":["Zap"]}],"is_beta":false,"boss_relics":[{"not_picked":["infinitespire:Cupcake","Nuclear Battery"],"picked":"Philosopher\u0027s Stone"}],"items_purged_floors":[],"is_endless":false,"potions_floor_spawned":[1,2,4,18,20],"ascension_level":6}}