{"host":"p4zwdb2o9iawjdqa","time":1611210180,"event":{"mods":["BaseMod","BetterRewards","Hubris","Minty Spire (QoL Compilation)","Replay The Spire","Shop Mod","StSLib","The Animator"],"gold_per_floor":[118,131,206,206,5,5,33,46,70,85,85,2,37,47,47,47,47],"floor_reached":16,"language":"ENG","playtime":557,"items_purged":[],"score":230,"play_id":"161728db-6730-4d6b-8b86-d1355cb07d9a","local_time":"20210120222300","is_ascension_mode":true,"campfire_choices":[{"data":"Bash","floor":6,"key":"SMITH"},{"data":"Iron Wave","floor":11,"key":"SMITH"}],"circlet_count":0,"master_deck":["AscendersBane","Strike_R","Strike_R","Strike_R","Strike_R","Defend_R","Defend_R","Defend_R","Bash+1","Iron Wave+1","ReplayTheSpireMod:Stacked","Clash","Iron Wave","Spot Weakness","Dual Wield","Madness","ReplayTheSpireMod:Limb From Limb","Clothesline","Ghostly Armor"],"relics":["Burning Blood","NeowsBlessing","Sling","hubris:TenFootPole","Centennial Puzzle","Anchor"],"acts_visited":["Exordium"],"potions_floor_usage":[8,13],"damage_taken":[{"damage":0,"enemies":"Small Slimes","floor":1,"turns":1},{"damage":0,"enemies":"2 Louse","floor":2,"turns":2},{"damage":0,"enemies":"Lagavulin","floor":7,"turns":1},{"damage":3,"enemies":"Jaw Worm","floor":8,"turns":4},{"damage":23,"enemies":"Exordium Thugs","floor":10,"turns":5},{"damage":10,"enemies":"3 Sentries","floor":13,"turns":6},{"damage":8,"enemies":"Large Slime","floor":14,"turns":6},{"damage":80,"enemies":"Fading Forest","floor":16,"turns":9}],"seed_played":"-3877143509026534981","potions_obtained":[{"floor":2,"key":"LiquidMemories"},{"floor":8,"key":"Fruit Juice"}],"is_trial":false,"path_per_floor":["M","M","?","?","$","R","E","M","T","M","R","$","E","M","R","B"],"character_chosen":"IRONCLAD","items_purchased":["Sling","Clash","Madness"],"campfire_rested":0,"item_purchase_floors":[5,5,12],"current_hp_per_floor":[74,75,64,64,64,64,70,78,78,61,61,61,57,55,55,0,0],"gold":47,"neow_bonus":"THREE_ENEMY_KILL","is_daily":false,"chose_seed":false,"campfire_upgraded":2,"win_rate":0.0,"timestamp":1611210180,"path_taken":["M","M","?","?","$","R","E","M","T","M","R","?","E","M","R","BOSS"],"items_purchased_type":["Relic","Card","Card"],"build_version":"2020-12-22","purchased_purges":0,"victory":false,"max_hp_per_floor":[75,75,75,75,75,75,75,80,80,80,80,80,80,80,80,80,80],"card_choices":[{"not_picked":["Replay:Undeath\u0027s Touch","Abandon"],"picked":"Iron Wave","floor":1},{"not_picked":["Clothesline","Reaper"],"picked":"ReplayTheSpireMod:Stacked","floor":2},{"not_picked":["Armaments","Shrug It Off"],"picked":"Iron Wave","floor":7},{"not_picked":["Clothesline","Demonic Infusion"],"picked":"Spot Weakness","floor":8},{"not_picked":["Carnage","Perfected Strike"],"picked":"Dual Wield","floor":10},{"not_picked":["Heavy Blade","Sever Soul"],"picked":"ReplayTheSpireMod:Limb From Limb","floor":13},{"not_picked":["Feel No Pain","ReplayTheSpireMod:Strike From Hell"],"picked":"Clothesline","floor":14}],"player_experience":349267,"relics_obtained":[{"floor":7,"key":"hubris:TenFootPole"},{"floor":9,"key":"Centennial Puzzle"},{"floor":13,"key":"Anchor"}],"event_choices":[{"damage_healed":0,"gold_gain":75,"player_choice":"Gather Gold","damage_taken":11,"max_hp_gain":0,"max_hp_loss":0,"event_name":"World of Goop","floor":3,"gold_loss":0},{"cards_removed":["Defend_R"],"damage_healed":0,"gold_gain":0,"player_choice":"Forget","damage_taken":0,"max_hp_gain":0,"max_hp_loss":0,"event_name":"Living Wall","floor":4,"gold_loss":0}],"is_beta":false,"boss_relics":[],"items_purged_floors":[],"is_endless":false,"potions_floor_spawned":[2,8],"killed_by":"Fading Forest","ascension_level":14}}