{"host":"vyjryxuuuxkt43k4","time":1611207927,"event":{"mods":["AchievementEnabler","BaseMod","Colored Map","DeckTracker","Keyboard Shortcuts","Minty Spire (QoL Compilation)","Permanent Neow","Quick Restart","StSLib","SuperFastMode","everything is the same but u backflip on backflip"],"gold_per_floor":[115,40,51,101,121,154,154,154,154,154,164,181,181,193,193,193,193],"floor_reached":16,"language":"KOR","playtime":614,"items_purged":["Writhe"],"score":189,"play_id":"b9666fb8-12da-48db-ab6a-ba992426ba44","local_time":"20210121144527","is_ascension_mode":true,"campfire_choices":[{"data":"Uppercut","floor":7,"key":"SMITH"},{"data":"Seeing Red","floor":10,"key":"SMITH"},{"floor":13,"key":"REST"},{"data":"Shrug It Off","floor":15,"key":"SMITH"}],"circlet_count":0,"master_deck":["AscendersBane","Strike_R","Strike_R","Strike_R","Strike_R","Defend_R","Defend_R","Defend_R","Defend_R","Bash","Uppercut+1","Seeing Red+1","Shrug It Off+1","Second Wind","Dark Embrace+1","Inflame+1"],"relics":["Burning Blood","Torii","WingedGreaves","Frozen Egg 2"],"acts_visited":["Exordium"],"potions_floor_usage":[11],"damage_taken":[{"damage":7,"enemies":"Cultist","floor":1,"turns":4},{"damage":14,"enemies":"Small Slimes","floor":3,"turns":4},{"damage":9,"enemies":"Jaw Worm","floor":5,"turns":4},{"damage":25,"enemies":"3 Sentries","floor":6,"turns":12},{"damage":29,"enemies":"Lots of Slimes","floor":11,"turns":8},{"damage":2,"enemies":"Blue Slaver","floor":12,"turns":4},{"damage":10,"enemies":"Red Slaver","floor":14,"turns":4},{"damage":40,"enemies":"Hexaghost","floor":16,"turns":14}],"seed_played":"166991738415782111","potions_obtained":[{"floor":5,"key":"Energy Potion"}],"is_trial":false,"path_per_floor":["M","$","M","?","M","E","R","?","T","R","M","M","R","M","R","B"],"character_chosen":"IRONCLAD","items_purchased":[],"campfire_rested":1,"item_purchase_floors":[],"current_hp_per_floor":[67,67,59,59,56,37,37,37,37,37,14,18,40,36,36,0,0],"gold":193,"neow_bonus":"ONE_RARE_RELIC","is_daily":false,"chose_seed":false,"campfire_upgraded":3,"win_rate":0.0,"timestamp":1611207927,"path_taken":["M","?","M","?","?","E","R","?","T","R","M","M","R","M","R","BOSS"],"items_purchased_type":[],"build_version":"2020-12-22","purchased_purges":1,"victory":false,"max_hp_per_floor":[75,75,75,75,75,75,75,75,75,75,75,75,75,75,75,75,75],"card_choices":[{"not_picked":["Spot Weakness","Anger"],"picked":"Uppercut","floor":1},{"not_picked":["Flex","Warcry"],"picked":"Seeing Red","floor":3},{"not_picked":["Second Wind","Disarm"],"picked":"Shrug It Off","floor":5},{"not_picked":["Havoc","Clash"],"picked":"Second Wind","floor":6},{"not_picked":["Pommel Strike","True Grit"],"picked":"Dark Embrace+1","floor":11},{"not_picked":["Clothesline","Perfected Strike","Cleave"],"picked":"SKIP","floor":12},{"not_picked":["Body Slam","Shrug It Off"],"picked":"Inflame+1","floor":14}],"player_experience":192429,"relics_obtained":[{"floor":6,"key":"WingedGreaves"},{"floor":9,"key":"Frozen Egg 2"}],"event_choices":[{"damage_healed":0,"gold_gain":50,"player_choice":"Pray","damage_taken":0,"max_hp_gain":0,"max_hp_loss":0,"event_name":"Golden Shrine","floor":4,"gold_loss":0},{"cards_removed":["Strike_R"],"damage_healed":0,"gold_gain":0,"player_choice":"Purged","damage_taken":0,"max_hp_gain":0,"max_hp_loss":0,"event_name":"Purifier","floor":8,"gold_loss":0}],"is_beta":false,"boss_relics":[],"items_purged_floors":[2],"is_endless":false,"potions_floor_spawned":[5],"killed_by":"Hexaghost","ascension_level":17}}