{"host":"pec1bvkeldr5yzx1","time":1611244105,"event":{"mods":["ATMod(°¢èªMod)","AchievementEnabler","Act Like it!","Aspiration","BaseMod","Better Altar","Better Match","Better Sensory Stone","Better Skull","Better Vampires","BetterRewards","Conspire","Dota2Spire","Energized Spire","Friendly Minions","GifTheSpireLib","Hubris","Minty Spire (QoL Compilation)","Replay The Spire","Spicy Shops","StSLib","Stuff the Spire","SuperFastMode","vexMod","óô»ðÖ¸ÄÏ"],"gold_per_floor":[114,164,289,289,314,314,314],"floor_reached":6,"language":"ZHS","playtime":276,"items_purged":[],"score":43,"play_id":"ea9c461c-4f29-4bab-a402-ca8d49a85f10","local_time":"20210121234825","is_ascension_mode":true,"campfire_choices":[],"circlet_count":0,"master_deck":["Strike_R","Strike_R","Strike_R","Strike_R","Strike_R","Defend_R","Defend_R","Defend_R","Defend_R","Bash","conspire:HitWhereItHurts","Cleave","Warcry","Warcry","Seeing Red","AT_ChampionStep","Uppercut","StuffTheSpire:Slingshot"],"relics":["Burning Blood","AT_ATBox","Membership Card","Eternal Feather","aspiration:Nostalgia","Replay:M_StaffOfTheSnake","StuffTheSpire:BottledHeartBeat","SsserpentHead","Durian","hubris:Towel","AT_BellDemon"],"acts_visited":["Exordium"],"potions_floor_usage":[],"damage_taken":[{"damage":0.0,"enemies":"2 Louse","floor":1.0,"turns":2.0},{"damage":8.0,"enemies":"Small Slimes","floor":4.0,"turns":2.0},{"damage":56,"enemies":"Gremlin Nob","floor":6,"turns":3}],"seed_played":"-4322229082585987471","potions_obtained":[{"floor":1.0,"key":"Ancient Potion"}],"is_trial":false,"path_per_floor":["M","?","?","M","?","E"],"character_chosen":"IRONCLAD","items_purchased":["Membership Card","Eternal Feather","aspiration:Nostalgia","conspire:HitWhereItHurts","Cleave","Warcry","Seeing Red"],"campfire_rested":0,"item_purchase_floors":[0,0,0,0,0,0,0],"current_hp_per_floor":[55,55,44,42,42,0,0],"gold":314,"neow_bonus":"","is_daily":false,"chose_seed":false,"campfire_upgraded":0,"win_rate":0.0,"timestamp":1611244105,"path_taken":["M","?","?","M","?","E"],"items_purchased_type":["Relic","Relic","Relic","Card","Card","Card","Card"],"build_version":"2020-12-22","purchased_purges":0,"victory":false,"max_hp_per_floor":[85,85,85,85,85,85,85],"card_choices":[{"not_picked":["ThirdEye","Anger"],"picked":"Uppercut","floor":1.0},{"not_picked":["StuffTheSpire:RockThrow","AT_IchimonjiDouble"],"picked":"StuffTheSpire:Slingshot","floor":4.0}],"player_experience":93535,"relics_obtained":[],"event_choices":[{"damage_healed":0.0,"max_hp_gain":0.0,"max_hp_loss":0.0,"gold_gain":75.0,"event_name":"World of Goop","player_choice":"Gather Gold","floor":3.0,"gold_loss":0.0,"damage_taken":11.0}],"is_beta":false,"boss_relics":[],"items_purged_floors":[],"is_endless":false,"potions_floor_spawned":[1],"killed_by":"Gremlin Nob","ascension_level":5}}