{"host":"q0ahhcf6jhp3yzzb","time":1611261253,"event":{"mods":["BaseMod","Downfall","Minty Spire (QoL Compilation)","Relic Stats","StSLib"],"gold_per_floor":[99,118,128,128,143,154,154,165,165,190,210,227,227,246,258,363,363,363,380,390,401,412,133,185,185,185,185,185],"floor_reached":26,"language":"ENG","playtime":2642,"items_purged":["hexamod:Strike"],"score":216,"play_id":"35660a66-58ef-4370-9dab-b70b06837bcd","local_time":"20210121133413","is_ascension_mode":false,"campfire_choices":[{"data":"hexamod:Float","floor":1.0,"key":"SMITH"},{"data":"hexamod:ThermalTransfer","floor":9.0,"key":"SMITH"},{"data":"hexamod:FlameSwitch","floor":13.0,"key":"SMITH"},{"data":"hexamod:GhostflameInferno","floor":18.0,"key":"SMITH"},{"floor":25,"key":"REST"}],"circlet_count":0,"master_deck":["hexamod:Strike","hexamod:Strike+1","hexamod:Defend+1","hexamod:Defend","hexamod:Defend","hexamod:Defend+1","hexamod:Sear","hexamod:Float+1","hexamod:SwordOfDarkness","hexamod:ShieldOfDarkness","hexamod:CatchUp","hexamod:HeatMetal","hexamod:ThermalTransfer+1","hexamod:SkipABeat","hexamod:FlameSwitch+1","hexamod:Incineration","hexamod:ThirdSeal","hexamod:EmpoweredFlame","hexamod:NightmareGuise","hexamod:GhostflameInferno+1","hexamod:SpectersWail+1","hexamod:SoulSteal","hexamod:FastForward","hexamod:Rewind","hexamod:Again+1","hexamod:PhantomCloak","hexamod:PhantomFireball","hexamod:StepThrough"],"relics":["hexamod:SpiritBrand","Turnip","Mango","Empty Cage","Vajra"],"acts_visited":["Exordium","TheCity"],"potions_floor_usage":[26],"damage_taken":[{"damage":0.0,"enemies":"Small Slimes","floor":2.0,"turns":3.0},{"damage":0.0,"enemies":"2 Louse","floor":3.0,"turns":3.0},{"damage":0.0,"enemies":"Cultist","floor":5.0,"turns":3.0},{"damage":6.0,"enemies":"Exordium Thugs","floor":6.0,"turns":6.0},{"damage":2.0,"enemies":"2 Fungi Beasts","floor":8.0,"turns":4.0},{"damage":2.0,"enemies":"Gremlin Nob","floor":10.0,"turns":4.0},{"damage":0.0,"enemies":"Gremlin Gang","floor":11.0,"turns":4.0},{"damage":1.0,"enemies":"Lots of Slimes","floor":12.0,"turns":4.0},{"damage":8.0,"enemies":"Exordium Wildlife","floor":14.0,"turns":4.0},{"damage":0.0,"enemies":"3 Louse","floor":15.0,"turns":4.0},{"damage":51.0,"enemies":"DF_ARCHETYPE_STREAMLINE","floor":16.0,"turns":14.0},{"damage":28.0,"enemies":"3 Byrds","floor":19.0,"turns":7.0},{"damage":7.0,"enemies":"Shell Parasite","floor":20.0,"turns":5.0},{"damage":15,"enemies":"3 Cultists","floor":21,"turns":7},{"damage":4,"enemies":"Snecko","floor":22,"turns":5},{"damage":0,"enemies":"downfall:FleeingMerchant","floor":23,"turns":4},{"damage":56,"enemies":"Gremlin Leader","floor":26,"turns":7}],"seed_played":"-2646416191439560241","potions_obtained":[{"floor":0.0,"key":"Fire Potion"},{"floor":0.0,"key":"Ancient Potion"},{"floor":0.0,"key":"hexamod:InfernoChargePotion"},{"floor":2.0,"key":"DuplicationPotion"},{"floor":10.0,"key":"sneckomod:MuddlingPotion"},{"floor":11.0,"key":"LiquidBronze"},{"floor":12.0,"key":"Ancient Potion"},{"floor":21,"key":"BlessingOfTheForge"}],"is_trial":false,"path_per_floor":["R","M","M","?","M","M","T","M","R","E","M","M","R","M","M","B",null,"R","M","M","M","M","$","T","R","E"],"character_chosen":"THE_SPIRIT","items_purchased":["hexamod:PhantomCloak","hexamod:PhantomFireball","hexamod:StepThrough"],"campfire_rested":1,"item_purchase_floors":[23,23,23],"current_hp_per_floor":[70,70,70,70,70,64,64,62,62,74,74,73,73,65,65,14,84,84,56,49,34,30,30,30,55,0,0,0],"gold":185,"neow_bonus":"THREE_SMALL_POTIONS","is_daily":false,"chose_seed":false,"campfire_upgraded":4,"win_rate":0.0,"timestamp":1611261253,"path_taken":["R","M","M","?","M","M","T","M","R","E","M","M","R","M","M","BOSS","R","M","M","M","M","$","T","R","E"],"items_purchased_type":["Card","Card","Card"],"build_version":"2020-12-22","purchased_purges":1,"victory":false,"max_hp_per_floor":[70,70,70,70,70,70,70,70,70,84,84,84,84,84,84,84,84,84,84,84,84,84,84,84,84,84,84,84],"relic_stats":{"counters":[17,88],"Turnip":[0],"obtain_stats":[{"Vajra":24,"Mango":10,"Turnip":7,"Empty Cage":17,"hexamod:SpiritBrand":0},{"Vajra":16,"Mango":6,"Turnip":4,"Empty Cage":11,"hexamod:SpiritBrand":0},{"Vajra":81,"Mango":23,"Turnip":15,"Empty Cage":53,"hexamod:SpiritBrand":0}]},"card_choices":[{"not_picked":["hexamod:NightmareGuise","hexamod:Firestarter"],"picked":"hexamod:SwordOfDarkness","floor":2.0},{"not_picked":["hexamod:SpectersWail","hexamod:GhostShield"],"picked":"hexamod:ShieldOfDarkness","floor":3.0},{"not_picked":["hexamod:Firestarter","hexamod:AdvancingGuard"],"picked":"hexamod:CatchUp","floor":5.0},{"not_picked":["hexamod:BacktrackSmack","hexamod:InspiringFlames"],"picked":"hexamod:HeatMetal","floor":6.0},{"not_picked":["hexamod:FlamesFromBeyond","hexamod:BurningTouch"],"picked":"hexamod:ThermalTransfer","floor":8.0},{"not_picked":["hexamod:RetreatToShadows","hexamod:PhantomCloak"],"picked":"hexamod:SkipABeat","floor":10.0},{"not_picked":["hexamod:NightmareStrike","hexamod:DynamicBlow"],"picked":"hexamod:FlameSwitch","floor":11.0},{"not_picked":["hexamod:AdvancingGuard","hexamod:GhostOfSpireFuture"],"picked":"hexamod:Incineration","floor":12.0},{"not_picked":["hexamod:Firestarter","hexamod:Hexaguard"],"picked":"hexamod:ThirdSeal","floor":14.0},{"not_picked":["hexamod:RetreatToShadows","hexamod:RainOfEmbers"],"picked":"hexamod:EmpoweredFlame","floor":15.0},{"not_picked":["hexamod:GhostShield","hexamod:EmpoweredFlame"],"picked":"hexamod:NightmareGuise","floor":15.0},{"not_picked":["hexamod:GiftsFromTheDead","hexamod:FifthSeal"],"picked":"hexamod:GhostflameInferno","floor":16.0},{"not_picked":["hexamod:GhostShield","hexamod:BurningTouch"],"picked":"hexamod:SpectersWail+1","floor":19.0},{"not_picked":["hexamod:SpectersWail","hexamod:RecurringNightmare+1"],"picked":"hexamod:SoulSteal","floor":20},{"not_picked":["hexamod:ExtraCrispy","hexamod:GhostLash"],"picked":"hexamod:FastForward","floor":21},{"not_picked":["hexamod:Firestarter+1","hexamod:GhostShield","hexamod:SpectralAdrenaline"],"picked":"SKIP","floor":21},{"not_picked":["hexamod:PowerFromBeyond","hexamod:FastForward"],"picked":"hexamod:Rewind","floor":22},{"not_picked":["hexamod:NightmareGuise","hexamod:HauntingEcho"],"picked":"hexamod:Again+1","floor":23},{"not_picked":["hexamod:Haunt","hexamod:Firestarter","hexamod:SecondSeal"],"picked":"SKIP","floor":23}],"player_experience":814326,"relics_obtained":[{"floor":7.0,"key":"Turnip"},{"floor":10.0,"key":"Mango"},{"floor":24,"key":"Vajra"}],"event_choices":[],"is_beta":false,"boss_relics":[{"not_picked":["Philosopher\u0027s Stone","Fusion Hammer"],"picked":"Empty Cage"}],"items_purged_floors":[23],"is_endless":false,"potions_floor_spawned":[2,10,11,12,15,21,22],"killed_by":"Gremlin Leader","ascension_level":0}}