{"host":"p4zwdb2o9iawjdqa","time":1611212629,"event":{"mods":["BaseMod","BetterRewards","Hubris","Minty Spire (QoL Compilation)","Replay The Spire","Shop Mod","StSLib","The Animator"],"gold_per_floor":[119,30,71,71,82,108,108,141,141,141,106,106,141,158,158,232,232,243,52,65,82,97,97,97],"floor_reached":23,"language":"ENG","playtime":1132,"items_purged":[],"score":433,"play_id":"b59cdad5-5bdf-4829-a832-19dc86945a29","local_time":"20210120230349","is_ascension_mode":true,"campfire_choices":[{"data":"Neutralize","floor":7,"key":"SMITH"},{"data":"Envenom","floor":10,"key":"SMITH"},{"data":"Hidden Blade","floor":12,"key":"SMITH"},{"data":"Footwork","floor":15,"key":"SMITH"}],"circlet_count":0,"master_deck":["AscendersBane","Strike_G+1","Strike_G","Strike_G","Strike_G+1","Strike_G","Defend_G","Defend_G","Defend_G","Defend_G","Defend_G","Survivor","Neutralize+1","Cloak And Dagger","Footwork+1","ReplayTheSpireMod:The Works","Envenom+1","Heel Hook","Hidden Blade+1","A Thousand Cuts","Cloak And Dagger","Quick Slash","Tools of the Trade","Heel Hook+1","Fluid Movement","ReplayTheSpireMod:From All Sides","Hidden Blade","Sneak Up"],"relics":["Ring of the Serpent","NeowsBlessing","Letter Opener","hubris:Icosahedron","Fusion Hammer","Philosopher\u0027s Stone","MerchantsRug","ClockworkSouvenir"],"acts_visited":["Exordium","TheCity"],"potions_floor_usage":[8,14,16,21],"damage_taken":[{"damage":0,"enemies":"2 Louse","floor":1,"turns":1},{"damage":0,"enemies":"Jaw Worm","floor":5,"turns":1},{"damage":0,"enemies":"Lagavulin","floor":6,"turns":1},{"damage":31,"enemies":"Gremlin Nob","floor":8,"turns":5},{"damage":20,"enemies":"Lagavulin","floor":13,"turns":8},{"damage":0,"enemies":"Small Slimes","floor":14,"turns":2},{"damage":13,"enemies":"The Guardian","floor":16,"turns":11},{"damage":9,"enemies":"Shell Parasite","floor":18,"turns":5},{"damage":0,"enemies":"Spheric Guardian","floor":20,"turns":5},{"damage":27,"enemies":"Snake Plant","floor":21,"turns":4},{"damage":0,"enemies":"Chosen and Byrds","floor":22,"turns":5},{"damage":22,"enemies":"Slavers","floor":23,"turns":2}],"seed_played":"-6956913355478081154","potions_obtained":[{"floor":6,"key":"Weak Potion"},{"floor":8,"key":"SteroidPotion"},{"floor":14,"key":"Flashbang"},{"floor":16,"key":"Reflective Coating"},{"floor":20,"key":"AttackPotion"},{"floor":22,"key":"Elixir"}],"is_trial":false,"path_per_floor":["M","$","?","?","M","E","R","E","T","R","?","R","E","M","R","B",null,"M","$","M","M","M","E"],"character_chosen":"THE_SILENT","items_purchased":["Footwork","MerchantsRug","Fluid Movement","ClockworkSouvenir","ReplayTheSpireMod:From All Sides"],"campfire_rested":0,"item_purchase_floors":[2,19,19,19,19],"current_hp_per_floor":[59,59,59,59,59,59,59,28,28,28,44,44,24,24,24,11,52,43,43,43,16,16,0,0],"gold":97,"neow_bonus":"THREE_ENEMY_KILL","is_daily":false,"chose_seed":false,"campfire_upgraded":4,"win_rate":0.0,"timestamp":1611212629,"path_taken":["M","$","?","?","M","E","R","E","T","R","?","R","E","M","R","BOSS","M","$","M","M","M","E"],"items_purchased_type":["Card","Relic","Card","Relic","Card"],"build_version":"2020-12-22","purchased_purges":0,"victory":false,"max_hp_per_floor":[66,66,66,66,66,66,66,66,66,66,66,66,66,66,66,66,66,66,66,66,66,66,66,66],"card_choices":[{"not_picked":["Slice","hubris:SlightOfHand"],"picked":"Cloak And Dagger","floor":1},{"not_picked":["Eviscerate","Dagger Throw"],"picked":"ReplayTheSpireMod:The Works","floor":3},{"not_picked":["Deflect","hubris:SlightOfHand"],"picked":"Envenom","floor":3},{"not_picked":["PiercingWail","Quick Slash"],"picked":"Heel Hook","floor":5},{"not_picked":["Sucker Punch","Choke"],"picked":"Hidden Blade","floor":6},{"not_picked":["Deflect","Dodge and Roll"],"picked":"A Thousand Cuts","floor":8},{"not_picked":["Bouncing Flask","Acrobatics"],"picked":"Cloak And Dagger","floor":13},{"not_picked":["Flying Knee","hubris:Sniper"],"picked":"Quick Slash","floor":14},{"not_picked":["Phantasmal Killer","Corpse Explosion"],"picked":"Tools of the Trade","floor":16},{"not_picked":["Slice","Outmaneuver"],"picked":"Heel Hook+1","floor":18},{"not_picked":["Finisher","Dodge and Roll"],"picked":"Hidden Blade","floor":20},{"not_picked":["Poisoned Stab","Blade Dance","Eviscerate"],"picked":"SKIP","floor":21},{"not_picked":["Noxious Fumes","Cloak And Dagger"],"picked":"Sneak Up","floor":22}],"player_experience":351069,"relics_obtained":[{"floor":3,"key":"Letter Opener"},{"floor":6,"key":"Blue Candle"},{"floor":8,"key":"hubris:AncientText"},{"floor":9,"key":"Darkstone Periapt"},{"floor":13,"key":"Whetstone"}],"event_choices":[{"damage_healed":16,"gold_gain":0,"player_choice":"Healed","damage_taken":0,"max_hp_gain":0,"max_hp_loss":0,"event_name":"The Cleric","floor":11,"gold_loss":35}],"is_beta":false,"boss_relics":[{"not_picked":["hubris:Stopwatch","Replay:Drink Me"],"picked":"Replay:Grab Bag"},{"not_picked":["Busted Crown","Ectoplasm"],"picked":"Fusion Hammer"},{"not_picked":["hubris:VirtuousBlindfold","ReplayTheSpireMod:Onyx Gauntlets"],"picked":"Philosopher\u0027s Stone"},{"not_picked":["Empty Cage","hubris:BlackHole"],"picked":"Ring of the Serpent"}],"items_purged_floors":[],"is_endless":false,"potions_floor_spawned":[6,8,14,16,20,22],"killed_by":"Slavers","ascension_level":17}}