{"host":"0vobf7lgf552vogm","time":1611196292,"event":{"mods":["AchievementEnabler","Act Like it!","BaseMod","Better Sensory Stone","Colored Map","DeckTracker","Downfall","Jorbs\u0027s Wanderer Trilogy","Minty Spire (QoL Compilation)","Pale of the Ancients","Rare Cards Sparkle","Relic Stats","StSLib","Synergy Search","The Blackbeard","The Marked","Unceasing Turn Reminder"],"gold_per_floor":[118,118,134,134,134,134,59,59,59,59,74,98,112,128,128,248,248,261,186,186,199,217,217,235,269,269,285,200,216,231,255,255,378,441,462,462,462,462,462],"floor_reached":37,"language":"ENG","playtime":2837,"items_purged":["blackbeard:BlackbeardDefend"],"score":410,"play_id":"c7fa6bd1-1c82-450d-bf38-36490af16216","local_time":"20210121033132","is_ascension_mode":false,"campfire_choices":[{"data":"blackbeard:Cutlass","floor":6,"key":"SMITH"},{"data":"blackbeard:IntimidatingStrike","floor":8,"key":"SMITH"},{"data":"blackbeard:Sword","floor":15,"key":"SMITH"},{"data":"blackbeard:CaptainsHat","floor":23,"key":"SMITH"},{"floor":32,"key":"REST"}],"circlet_count":0,"master_deck":["blackbeard:BlackbeardStrike","blackbeard:BlackbeardStrike","blackbeard:BlackbeardStrike","blackbeard:IntimidatingStrike+1","blackbeard:BlackbeardDefend","blackbeard:BlackbeardDefend","blackbeard:Cutlass+1","blackbeard:TacticalRetreat","blackbeard:DelayedPain","Good Instincts","blackbeard:Sword+1","blackbeard:TacticalRetreat","blackbeard:Dagger","blackbeard:DeadlyArsenal","blackbeard:CaptainsHat+1","blackbeard:Upgrade+1","blackbeard:WeaponProficiency","blackbeard:SwordDance","blackbeard:ArmorUp","blackbeard:Scrap+1","blackbeard:PiratesWill+1","blackbeard:Toast+1","blackbeard:WeaponMastery","blackbeard:Parrot","blackbeard:Anchor+1"],"relics":["blackbeard:LoadTheCannons","Golden Idol","Letter Opener","SlaversCollar","Art of War","Bottled Lightning","Happy Flower","Tiny House"],"acts_visited":["Exordium","TheCity","TheBeyond"],"potions_floor_usage":[16,21,25,27,33,37,37],"damage_taken":[{"damage":0,"enemies":"Small Slimes","floor":1,"turns":3},{"damage":0,"enemies":"Cultist","floor":3,"turns":3},{"damage":0,"enemies":"2 Louse","floor":11,"turns":2},{"damage":11,"enemies":"Exordium Wildlife","floor":12,"turns":5},{"damage":2,"enemies":"Looter","floor":13,"turns":3},{"damage":4,"enemies":"Blue Slaver","floor":14,"turns":2},{"damage":10,"enemies":"Slime Boss","floor":16,"turns":8},{"damage":5,"enemies":"Spheric Guardian","floor":18,"turns":6},{"damage":1,"enemies":"Chosen","floor":21,"turns":5},{"damage":4,"enemies":"Shelled Parasite and Fungi","floor":22,"turns":8},{"damage":8,"enemies":"Centurion and Healer","floor":24,"turns":7},{"damage":0,"enemies":"Book of Stabbing","floor":25,"turns":5},{"damage":11,"enemies":"Snecko","floor":27,"turns":6},{"damage":19,"enemies":"Snake Plant","floor":29,"turns":4},{"damage":8,"enemies":"Sentry and Sphere","floor":30,"turns":5},{"damage":2,"enemies":"Chosen and Byrds","floor":31,"turns":6},{"damage":20,"enemies":"Automaton","floor":33,"turns":10},{"damage":27,"enemies":"3 Darklings","floor":35,"turns":5},{"damage":60,"enemies":"2 Orb Walkers","floor":37,"turns":5}],"seed_played":"-3135056027277669591","potions_obtained":[{"floor":12,"key":"SteroidPotion"},{"floor":13,"key":"DistilledChaos"},{"floor":14,"key":"FearPotion"},{"floor":16,"key":"blackbeard:OrangeJuicePotion"},{"floor":22,"key":"BlessingOfTheForge"},{"floor":29,"key":"Dexterity Potion"},{"floor":31,"key":"SkillPotion"},{"floor":34,"key":"Dexterity Potion"}],"is_trial":false,"path_per_floor":["M","?","M","?","?","R","$","R","T","$","M","M","M","M","R","B",null,"M","?","?","M","M","R","M","E","T","M","?","M","M","M","R","B",null,"M","?","?"],"character_chosen":"BLACKBEARD_CLASS","items_purchased":[],"campfire_rested":1,"item_purchase_floors":[],"current_hp_per_floor":[82,82,82,62,62,62,62,62,62,62,62,51,49,45,45,35,82,77,77,77,76,72,72,64,64,64,61,61,42,34,32,56,36,87,60,60,0,0,0],"gold":462,"neow_bonus":"TEN_PERCENT_HP_BONUS","is_daily":false,"chose_seed":false,"campfire_upgraded":4,"win_rate":0.0,"timestamp":1611196292,"path_taken":["M","?","?","?","?","R","?","R","T","$","M","M","M","M","R","BOSS","M","?","?","M","M","R","M","E","T","M","?","?","M","M","R","BOSS","M","?","?"],"items_purchased_type":[],"build_version":"2020-12-22","purchased_purges":1,"victory":false,"max_hp_per_floor":[82,82,82,82,82,82,82,82,82,82,82,82,82,82,82,82,82,82,82,82,82,82,82,82,82,82,82,82,82,82,82,82,82,87,87,87,87,87,87],"relic_stats":{"Happy Flower":[11],"counters":[19,98],"Golden Idol":128,"Art of War":[8],"Letter Opener":[413],"obtain_stats":[{"SlaversCollar":17,"Tiny House":34,"Happy Flower":28,"Golden Idol":4,"blackbeard:LoadTheCannons":0,"Art of War":25,"Letter Opener":9,"Bottled Lightning":26},{"SlaversCollar":7,"Tiny House":17,"Happy Flower":13,"Golden Idol":2,"blackbeard:LoadTheCannons":0,"Art of War":12,"Letter Opener":2,"Bottled Lightning":12},{"SlaversCollar":26,"Tiny House":88,"Happy Flower":63,"Golden Idol":6,"blackbeard:LoadTheCannons":0,"Art of War":57,"Letter Opener":6,"Bottled Lightning":57}]},"card_choices":[{"not_picked":["blackbeard:CannonBarrage","blackbeard:DelayedPain"],"picked":"blackbeard:TacticalRetreat","floor":1},{"not_picked":["blackbeard:SwordDance","blackbeard:BlindAttacks","blackbeard:DeadlyArsenal"],"picked":"SKIP","floor":3},{"not_picked":["Magnetism","Secret Technique"],"picked":"Good Instincts","floor":5},{"not_picked":["blackbeard:Fencing","blackbeard:DeadlyArsenal"],"picked":"blackbeard:Sword","floor":11},{"not_picked":["blackbeard:CloakAndCannonball","blackbeard:BeatUp"],"picked":"blackbeard:TacticalRetreat","floor":12},{"not_picked":["blackbeard:Scrap","blackbeard:VengefulSpirit"],"picked":"blackbeard:Dagger","floor":13},{"not_picked":["blackbeard:GoldenStrike","blackbeard:Dagger"],"picked":"blackbeard:DeadlyArsenal","floor":14},{"not_picked":["blackbeard:UndeadForm","blackbeard:HumongousCannonball"],"picked":"blackbeard:CaptainsHat","floor":16},{"not_picked":["blackbeard:AgileStrike","blackbeard:Shrapnel"],"picked":"blackbeard:Upgrade+1","floor":18},{"not_picked":["blackbeard:Dagger","blackbeard:GoldenDefense"],"picked":"blackbeard:WeaponProficiency","floor":21},{"not_picked":["blackbeard:WoodenLeg","blackbeard:Fencing"],"picked":"blackbeard:SwordDance","floor":22},{"not_picked":["blackbeard:RemoveScurvy+1","blackbeard:InfiniteBarrage+1"],"picked":"blackbeard:ArmorUp","floor":24},{"not_picked":["blackbeard:BeatUp","blackbeard:DelayedPain","blackbeard:DeadlyArsenal"],"picked":"SKIP","floor":25},{"not_picked":["blackbeard:FieryDefense","blackbeard:ArmorUp"],"picked":"blackbeard:Scrap+1","floor":27},{"not_picked":["blackbeard:Dagger","blackbeard:GoldenStrike"],"picked":"blackbeard:PiratesWill","floor":29},{"not_picked":["blackbeard:Fencing","blackbeard:BlindAttacks"],"picked":"blackbeard:Toast+1","floor":30},{"not_picked":["blackbeard:Spear","blackbeard:Sharpening"],"picked":"blackbeard:WeaponMastery","floor":31},{"not_picked":["blackbeard:HumongousCannonball","blackbeard:Salvager"],"picked":"blackbeard:Parrot","floor":33},{"not_picked":["blackbeard:RearmingStrike","blackbeard:Dagger+1"],"picked":"blackbeard:Anchor+1","floor":34},{"not_picked":["blackbeard:GoldenDefense+1","blackbeard:WiseDefense","blackbeard:Scrap"],"picked":"SKIP","floor":35}],"player_experience":918319,"relics_obtained":[{"floor":9,"key":"Letter Opener"},{"floor":25,"key":"Art of War"},{"floor":26,"key":"Bottled Lightning"}],"event_choices":[{"damage_healed":0,"gold_gain":0,"cards_transformed":["blackbeard:BlackbeardDefend"],"player_choice":"Transformed","damage_taken":0,"max_hp_gain":0,"max_hp_loss":0,"event_name":"Transmorgrifier","floor":2,"gold_loss":0,"cards_obtained":["blackbeard:DelayedPain"]},{"damage_healed":0,"gold_gain":0,"player_choice":"Take Damage","damage_taken":20,"relics_obtained":["Golden Idol"],"max_hp_gain":0,"max_hp_loss":0,"event_name":"Golden Idol","floor":4,"gold_loss":0},{"damage_healed":0,"gold_gain":1,"player_choice":"1","damage_taken":0,"max_hp_gain":0,"max_hp_loss":0,"event_name":"betterStone:BetterStone","floor":5,"gold_loss":0},{"cards_removed":["blackbeard:BlackbeardStrike"],"damage_healed":0,"gold_gain":0,"player_choice":"Gave Gold","damage_taken":0,"max_hp_gain":0,"max_hp_loss":0,"event_name":"Beggar","floor":19,"gold_loss":75},{"damage_healed":0,"gold_gain":0,"player_choice":"Ignored","damage_taken":0,"max_hp_gain":0,"max_hp_loss":0,"event_name":"Ghosts","floor":20,"gold_loss":0},{"damage_healed":0,"gold_gain":0,"player_choice":"Obtained Relic","damage_taken":0,"relics_obtained":["Happy Flower"],"max_hp_gain":0,"max_hp_loss":0,"event_name":"Addict","floor":28,"gold_loss":85},{"damage_healed":0,"gold_gain":0,"player_choice":"Ignored","damage_taken":0,"max_hp_gain":0,"max_hp_loss":0,"event_name":"Tomb of Lord Red Mask","floor":36,"gold_loss":0},{"damage_healed":0,"gold_gain":0,"player_choice":"Fight","damage_taken":0,"max_hp_gain":0,"max_hp_loss":0,"event_name":"Mysterious Sphere","floor":37,"gold_loss":0}],"is_beta":false,"boss_relics":[{"not_picked":["Pandora\u0027s Box","Snecko Eye"],"picked":"SlaversCollar"},{"not_picked":["Fusion Hammer","Philosopher\u0027s Stone"],"picked":"Tiny House"}],"items_purged_floors":[7],"is_endless":false,"potions_floor_spawned":[12,13,14,16,22,24,29,31],"killed_by":"2 Orb Walkers","ascension_level":0}}