{"host":"a3oe3gstxz77c7qu","time":1611229675,"event":{"mods":["2.2 Compatiblity","Act Like it!","Astrologer","BaseMod","Bestiary","Better Altar","Better Match","Better Note","Better Skull","Better Third Choice","Block Reminder","Curses Come First","Custom Start","Dark Map","Downfall","Fox Events","Friendly Minions","GifTheSpireLib","Hallownest","Hermit","Jorbs\u0027s Wanderer Trilogy","Lobotomy","LobotomyExtend","Marisa????????","Minty Spire (QoL Compilation)","Permanent Neow","Quick Restart","Relic Stats","Spire Arcade","StSLib","The Bug Knight","The Cursed","The Disciple","The Jungle","Uncapped","Unknown Chances","Wandering Minibosses"],"gold_per_floor":[118,118,43,43,63,97,97,197,246,260,285,104,114,70,70,167,167,167,187,197,209,228,228,511,544,544,564,564,70,213,227,227,378,378,415,427,427,427,445,541,541,559,559,559,635,635,700,714,714,864,864],"floor_reached":52,"language":"ENG","playtime":3590,"items_purged":["Regret"],"score":1206,"play_id":"c54623bc-3579-42a2-a681-e9d91f3655c6","local_time":"20210121114755","is_ascension_mode":true,"campfire_choices":[{"data":"Perseverance","floor":7.0,"key":"SMITH"},{"data":"astrologer:CrystalBall","floor":15.0,"key":"SMITH"},{"data":"astrologer:CosmicExpanse","floor":23.0,"key":"SMITH"},{"data":"astrologer:Glimpse","floor":28.0,"key":"SMITH"},{"data":"astrologer:TheSun","floor":32.0,"key":"SMITH"},{"data":"astrologer:FadingStar","floor":41,"key":"SMITH"},{"data":"astrologer:Glimpse","floor":44,"key":"SMITH"},{"data":"astrologer:ReadTheStars","floor":49,"key":"SMITH"}],"circlet_count":0,"master_deck":["astrologer:NorthStar","astrologer:TheFool","astrologer:TheHierophant","Perseverance+1","astrologer:TheHighPriestess","Hallownest:curseDreamersLament","Normality","Normality","astrologer:Starfield","downfall:Bewildered","downfall:Bewildered","astrologer:MeteorShower","astrologer:SpaceDust","MeatLantern","astrologer:Glimpse+1","astrologer:CrystalBall+1","astrologer:Opposition","astrologer:MeteorShower","astrologer:MeteorShower","astrologer:SpaceDust","astrologer:Conjunction","astrologer:TheStar","astrologer:CosmicExpanse+1","astrologer:TheSun+1","astrologer:Conjunction","SpiderBud","astrologer:Temperance+1","astrologer:Glimpse+1","astrologer:ReadTheStars","astrologer:ReadTheStars","astrologer:Prismatic+1","astrologer:Nova+1","Flash of Steel+1","astrologer:Trine","astrologer:ReadTheStars+1","astrologer:FadingStar+1","astrologer:Stardust+1","astrologer:Stardust+1","Parasite","RedShoes"],"relics":["astrologer:SkyMirror","CogitoBucket","RabbitCall","LetterFromLob","FossilizedHelix","Art of War","Guardian:PocketSentry","Du-Vu Doll","Centennial Puzzle","Matryoshka","BehaviorAdjustment","betterThird:SlimedRelic","Pandora\u0027s Box","LuminousBracelet","Ornamental Fan","Molten Egg 2","Frozen Egg 2","hexamod:CandleOfCauterizing","wanderingMiniBosses:LockLocket","AtMidnight","ChangeAnything","SlaversCollar","Blue Candle","Dream Catcher","Kunai","Bag of Preparation"],"acts_visited":["Exordium","TheCity","TheBeyond"],"potions_floor_usage":[],"damage_taken":[{"damage":0.0,"enemies":"Small Slimes","floor":1.0,"turns":4.0},{"damage":0.0,"enemies":"2 Louse","floor":5.0,"turns":2.0},{"damage":0.0,"enemies":"HollowMod:MossKnight","floor":6.0,"turns":14.0},{"damage":0.0,"enemies":"Jaw Worm","floor":10.0,"turns":2.0},{"damage":4.0,"enemies":"Gremlin Nob","floor":11.0,"turns":4.0},{"damage":2.0,"enemies":"Large Slime","floor":13.0,"turns":5.0},{"damage":22.0,"enemies":"Slime Boss","floor":16.0,"turns":8.0},{"damage":5.0,"enemies":"3 Byrds","floor":19.0,"turns":4.0},{"damage":8.0,"enemies":"Chosen","floor":20.0,"turns":4.0},{"damage":5.0,"enemies":"Snake Plant","floor":21.0,"turns":3.0},{"damage":5.0,"enemies":"Shelled Parasite and Fungi","floor":22.0,"turns":3.0},{"damage":23.0,"enemies":"Centurion and Healer","floor":24.0,"turns":7.0},{"damage":18.0,"enemies":"Slavers","floor":25.0,"turns":4.0},{"damage":5.0,"enemies":"Cultist and Chosen","floor":27.0,"turns":4.0},{"damage":10.0,"enemies":"Chosen and Byrds","floor":30.0,"turns":5.0},{"damage":43.0,"enemies":"Snake Plant","floor":31.0,"turns":9.0},{"damage":17.0,"enemies":"Collector","floor":33.0,"turns":6.0},{"damage":6,"enemies":"Orb Walker","floor":35,"turns":3},{"damage":6,"enemies":"3 Shapes","floor":36,"turns":4},{"damage":16,"enemies":"3 Darklings","floor":39,"turns":5},{"damage":38,"enemies":"Nemesis","floor":40,"turns":7},{"damage":6,"enemies":"Maw","floor":42,"turns":6},{"damage":11,"enemies":"Reptomancer","floor":45,"turns":6},{"damage":14,"enemies":"Writhing Mass","floor":47,"turns":6},{"damage":11,"enemies":"Sphere and 2 Shapes","floor":48,"turns":4},{"damage":151,"enemies":"Donu and Deca","floor":50,"turns":16}],"seed_played":"-4986042736017076906","potions_obtained":[{"floor":5.0,"key":"bronze:BurnAndBuffPotion"},{"floor":10.0,"key":"Weak Potion"},{"floor":13.0,"key":"FearPotion"},{"floor":19.0,"key":"ColorlessPotion"},{"floor":22.0,"key":"Swift Potion"},{"floor":31.0,"key":"PowerPotion"},{"floor":39,"key":"Dexterity Potion"},{"floor":42,"key":"DuplicationPotion"}],"is_trial":false,"path_per_floor":["M","?","$","?","M","E","R","?","T","M","E","$","M","?","R","B",null,"M","M","M","M","M","R","M","E","T","M","R","$","M","M","R","B",null,"M","M","?","$","M","E","R","M","T","R","E","?","M","M","R","B",null,null],"character_chosen":"ASTROLOGER","items_purchased":["astrologer:Glimpse","astrologer:CrystalBall","astrologer:Opposition","astrologer:Nova+1","Flash of Steel+1","hexamod:CandleOfCauterizing"],"campfire_rested":0,"item_purchase_floors":[12,12,12,29,29,29],"current_hp_per_floor":[70,70,70,53,53,53,53,58,58,58,54,54,52,41,41,19,75,75,70,62,57,67,67,90,81,81,84,84,84,79,90,90,85,90,90,88,88,88,84,84,84,87,87,87,90,100,100,100,100,91,91],"gold":864,"neow_bonus":"","is_daily":false,"chose_seed":false,"campfire_upgraded":8,"win_rate":0.0,"timestamp":1611229675,"path_taken":["M","?","$","?","M","E","R","?","T","M","E","$","M","?","R","BOSS","M","M","M","M","M","R","M","E","T","M","R","$","M","M","R","BOSS","M","M","?","$","M","E","R","M","T","R","E","?","M","?","R","BOSS"],"items_purchased_type":["Card","Card","Card","Card","Card","Relic"],"build_version":"2020-12-22","purchased_purges":1,"victory":true,"max_hp_per_floor":[70,70,70,70,70,70,70,75,75,75,75,75,75,75,75,75,75,75,75,75,75,90,90,90,90,90,90,90,90,90,90,90,90,90,90,90,90,90,90,90,90,90,90,90,90,100,100,100,100,100,100],"relic_stats":{"Centennial Puzzle":[66],"Dream Catcher":0,"counters":[30,146],"Ornamental Fan":[60],"Blue Candle":[0],"Pandora\u0027s Box":["astrologer:MeteorShower","astrologer:SpaceDust","astrologer:Conjunction","astrologer:TheStar","astrologer:CosmicExpanse","astrologer:TheSun","astrologer:Starfield"],"Art of War":[17],"Bag of Preparation":[6],"Kunai":[10],"obtain_stats":[{"RabbitCall":0,"LuminousBracelet":22,"Bag of Preparation":45,"CogitoBucket":0,"Centennial Puzzle":9,"Dream Catcher":43,"Matryoshka":11,"astrologer:SkyMirror":0,"Kunai":43,"wanderingMiniBosses:LockLocket":30,"hexamod:CandleOfCauterizing":29,"Blue Candle":40,"Guardian:PocketSentry":6,"Frozen Egg 2":26,"Du-Vu Doll":8,"SlaversCollar":34,"Ornamental Fan":25,"betterThird:SlimedRelic":14,"AtMidnight":31,"Pandora\u0027s Box":17,"Molten Egg 2":26,"BehaviorAdjustment":13,"LetterFromLob":1,"Art of War":4,"ChangeAnything":31,"FossilizedHelix":2},{"RabbitCall":0,"LuminousBracelet":13,"Bag of Preparation":26,"CogitoBucket":0,"Centennial Puzzle":3,"Dream Catcher":25,"Matryoshka":5,"astrologer:SkyMirror":0,"Kunai":25,"wanderingMiniBosses:LockLocket":17,"hexamod:CandleOfCauterizing":16,"Blue Candle":24,"Guardian:PocketSentry":3,"Frozen Egg 2":15,"Du-Vu Doll":3,"SlaversCollar":20,"Ornamental Fan":15,"betterThird:SlimedRelic":7,"AtMidnight":19,"Pandora\u0027s Box":8,"Molten Egg 2":15,"BehaviorAdjustment":7,"LetterFromLob":1,"Art of War":1,"ChangeAnything":19,"FossilizedHelix":1},{"RabbitCall":0,"LuminousBracelet":53,"Bag of Preparation":119,"CogitoBucket":0,"Centennial Puzzle":20,"Dream Catcher":113,"Matryoshka":25,"astrologer:SkyMirror":0,"Kunai":113,"wanderingMiniBosses:LockLocket":73,"hexamod:CandleOfCauterizing":68,"Blue Candle":107,"Guardian:PocketSentry":20,"Frozen Egg 2":64,"Du-Vu Doll":20,"SlaversCollar":89,"Ornamental Fan":64,"betterThird:SlimedRelic":31,"AtMidnight":83,"Pandora\u0027s Box":38,"Molten Egg 2":64,"BehaviorAdjustment":31,"LetterFromLob":4,"Art of War":4,"ChangeAnything":83,"FossilizedHelix":4}]},"card_choices":[{"not_picked":["astrologer:Eclipse","astrologer:Opposition"],"picked":"astrologer:TheHierophant","floor":1.0},{"not_picked":["WhitesApple","LittlePrince","MeatLantern"],"picked":"Singing Bowl","floor":1.0},{"not_picked":["astrologer:Conjunction","astrologer:HeatDeath"],"picked":"astrologer:TheHighPriestess","floor":5.0},{"not_picked":["WallGazer","CherryBlossoms","MeatLantern"],"picked":"Singing Bowl","floor":5.0},{"not_picked":["OldLady","Freischutz","VoidDream"],"picked":"Singing Bowl","floor":6.0},{"not_picked":["astrologer:Shine","astrologer:TheDevil","astrologer:SpaceDust"],"picked":"SKIP","floor":6.0},{"not_picked":["astrologer:Radiance","astrologer:TheDevil"],"picked":"astrologer:MeteorShower","floor":10.0},{"not_picked":["Scarecrow","CherryBlossoms","Rudolta"],"picked":"Singing Bowl","floor":10.0},{"not_picked":["astrologer:Radiance","astrologer:Still"],"picked":"astrologer:SpaceDust","floor":11.0},{"not_picked":["Yin","OSAHOGD","Alriune"],"picked":"Singing Bowl","floor":11.0},{"not_picked":["HeroicMonk","FairyFestival"],"picked":"MeatLantern","floor":11.0},{"not_picked":["astrologer:Still","astrologer:Moonlight"],"picked":"astrologer:MeteorShower","floor":13.0},{"not_picked":["DespairKnight","CherryBlossoms","OSAHOGD"],"picked":"Singing Bowl","floor":13.0},{"not_picked":["GreedKing","MHz","Mercenary"],"picked":"Singing Bowl","floor":16.0},{"not_picked":["astrologer:Radiance","astrologer:SpaceDust+1"],"picked":"astrologer:Conjunction","floor":19.0},{"not_picked":["Freischutz","MHz","CherryBlossoms"],"picked":"Singing Bowl","floor":19.0},{"not_picked":["OldLady","Alriune"],"picked":"SpiderBud","floor":19.0},{"not_picked":["HeroicMonk","SnowQueen","WallGazer"],"picked":"Singing Bowl","floor":20.0},{"not_picked":["astrologer:TheMagician","astrologer:Eclipse","astrologer:Cataclysm"],"picked":"SKIP","floor":20.0},{"not_picked":["astrologer:Prestidigitation","astrologer:Eclipse"],"picked":"astrologer:Temperance+1","floor":21.0},{"not_picked":["Bloodbath","OldLady","Scorched"],"picked":"Singing Bowl","floor":21.0},{"not_picked":["astrologer:Prestidigitation+1","astrologer:TheMagician"],"picked":"astrologer:Glimpse","floor":22.0},{"not_picked":["LittlePrince","CrumblingArmor","BigBird"],"picked":"Singing Bowl","floor":22.0},{"not_picked":["astrologer:TheDevil+1","astrologer:Still+1"],"picked":"astrologer:ReadTheStars","floor":24.0},{"not_picked":["CrumblingArmor","FairyFestival","Bloodbath"],"picked":"Singing Bowl","floor":24.0},{"not_picked":["astrologer:Strength","astrologer:Stardust"],"picked":"astrologer:ReadTheStars","floor":25.0},{"not_picked":["OldLady","FairyFestival","Murderer"],"picked":"Singing Bowl","floor":25.0},{"not_picked":["astrologer:TheMagician+1","astrologer:TheDevil+1"],"picked":"astrologer:Prismatic+1","floor":27.0},{"not_picked":["BodiesMountain","BigBadWolf","Woodsman"],"picked":"Singing Bowl","floor":27.0},{"not_picked":["Variant","OldLady","CherryBlossoms"],"picked":"Singing Bowl","floor":30.0},{"not_picked":["astrologer:TheMoon","astrologer:Prestidigitation+1","astrologer:Conjunction"],"picked":"SKIP","floor":30.0},{"not_picked":["PunishingBird","WhitesApple","LongBird"],"picked":"Singing Bowl","floor":31.0},{"not_picked":["astrologer:Opposition+1","astrologer:CosmicExpanse+1","astrologer:SolarFlare"],"picked":"SKIP","floor":31.0},{"not_picked":["astrologer:Premonition+1","astrologer:Wish"],"picked":"astrologer:Trine","floor":33.0},{"not_picked":["HeroicMonk","BodiesMountain","Variant"],"picked":"Singing Bowl","floor":33.0},{"not_picked":["astrologer:TheEmpress+1","astrologer:Moonlight+1"],"picked":"astrologer:ReadTheStars","floor":35},{"not_picked":["Laetitia","MHz","NothingThere"],"picked":"Singing Bowl","floor":35},{"not_picked":["astrologer:StarOfRegret+1","astrologer:WheelofFortune"],"picked":"astrologer:FadingStar","floor":36},{"not_picked":["MeltingLove","CherryBlossoms","RedShoes"],"picked":"Singing Bowl","floor":36},{"not_picked":["astrologer:TheMagician+1","astrologer:TheMoon"],"picked":"astrologer:Stardust+1","floor":39},{"not_picked":["Murderer","DreamingCurrent","BlueStar"],"picked":"Singing Bowl","floor":39},{"not_picked":["astrologer:Conjunction","astrologer:SpaceDust"],"picked":"astrologer:Stardust+1","floor":40},{"not_picked":["GreedKing","NothingThere","Bloodbath"],"picked":"Singing Bowl","floor":40},{"not_picked":["BigBird","QueenBee","SilentOrchestra"],"picked":"Singing Bowl","floor":42},{"not_picked":["astrologer:Observe+1","astrologer:Still+1","astrologer:Shine"],"picked":"SKIP","floor":42},{"not_picked":["FieryBird","SnowQueen","Alriune"],"picked":"Singing Bowl","floor":45},{"not_picked":["astrologer:TheLovers","astrologer:NeutronStar+1","astrologer:Death+1"],"picked":"SKIP","floor":45},{"not_picked":["LittleHelper","SingingMachine"],"picked":"RedShoes","floor":47},{"not_picked":["astrologer:Conjunction+1","astrologer:Judgement+1","astrologer:Eclipse+1"],"picked":"SKIP","floor":47},{"not_picked":["astrologer:Eclipse+1","astrologer:SpaceDust","astrologer:StarOfRegret+1"],"picked":"SKIP","floor":48},{"not_picked":["QueenBee","SnowQueen","NakedNest"],"picked":"Singing Bowl","floor":48},{"not_picked":["astrologer:Eclipse+1","astrologer:SpaceDust","astrologer:StarOfRegret+1"],"picked":"SKIP","floor":48}],"player_experience":1068104,"relics_obtained":[{"floor":1.0,"key":"LetterFromLob"},{"floor":6.0,"key":"Guardian:PocketSentry"},{"floor":9.0,"key":"Centennial Puzzle"},{"floor":11.0,"key":"Matryoshka"},{"floor":25.0,"key":"Ornamental Fan"},{"floor":26.0,"key":"Molten Egg 2"},{"floor":26.0,"key":"Frozen Egg 2"},{"floor":30.0,"key":"wanderingMiniBosses:LockLocket"},{"floor":31.0,"key":"AtMidnight"},{"floor":40,"key":"Blue Candle"},{"floor":43,"key":"Dream Catcher"},{"floor":43,"key":"Kunai"},{"floor":45,"key":"Bag of Preparation"}],"event_choices":[{"damage_healed":0.0,"max_hp_gain":0.0,"max_hp_loss":0.0,"gold_gain":0.0,"event_name":"Big Fish","player_choice":"Box","floor":2.0,"gold_loss":0.0,"damage_taken":0.0,"relics_obtained":["FossilizedHelix"],"cards_obtained":["Regret"]},{"damage_healed":0.0,"max_hp_gain":0.0,"max_hp_loss":0.0,"gold_gain":0.0,"event_name":"betterThird:BetterGoop","player_choice":"Slimed","floor":14.0,"gold_loss":44.0,"damage_taken":11.0},{"cards_removed":["astrologer:Starfield"],"damage_healed":0,"gold_gain":0,"player_choice":"Offered Rare","damage_taken":0,"max_hp_gain":10,"max_hp_loss":0,"event_name":"Bonfire Elementals","floor":46,"gold_loss":0}],"is_beta":false,"boss_relics":[{"not_picked":["Empty Cage","Coffee Dripper"],"picked":"Pandora\u0027s Box"},{"not_picked":["Black Star","Runic Pyramid"],"picked":"SlaversCollar"}],"items_purged_floors":[3],"is_endless":false,"potions_floor_spawned":[5,10,13,19,22,30,31,39,42,45],"ascension_level":2}}