{"host":"g2kelmgng7xf1xjg","time":1611200412,"event":{"mods":["BaseMod","Bestiary","Highlight Path","Minty Spire (QoL Compilation)","Relic Stats","StSLib"],"gold_per_floor":[210,226,236,236,105,105,135,135,135,153,169,179,179,212,212,316,316,332,349,349,367,381,410,410,34,34,48,65,94,4,22,22,122,122,134,134,22,32,52,52,52,102,102,133,133,161,173,185,197,209],"floor_reached":51,"language":"ENG","playtime":4800,"items_purged":["Strike_B","Parasite"],"score":1056,"play_id":"39a472f9-694d-449a-8017-fda95890dde5","local_time":"20210120214012","is_ascension_mode":true,"campfire_choices":[{"data":"Defragment","floor":6.0,"key":"SMITH"},{"floor":8.0,"key":"DIG"},{"floor":13.0,"key":"REST"},{"data":"Defragment","floor":15.0,"key":"SMITH"},{"data":"Buffer","floor":24,"key":"SMITH"},{"data":"1","floor":32,"key":"LIFT"},{"data":"Capacitor","floor":40,"key":"SMITH"},{"floor":47,"key":"DIG"},{"data":"2","floor":49,"key":"LIFT"}],"circlet_count":0,"master_deck":["Strike_B","Defend_B","Defend_B","Defend_B","Defend_B","Zap","Dualcast+1","Defragment+1","Undo","Cold Snap","Ball Lightning","Defragment+1","Buffer+1","Cold Snap","Genetic Algorithm+1","Leap+1","Undo+1","FTL","Streamline","Capacitor+1","Go for the Eyes+1","Seek","Coolheaded","Seek","Skim","Darkness+1","Electrodynamics","Glacier+1"],"relics":["FrozenCore","Shovel","Darkstone Periapt","Mercury Hourglass","Girya","Shuriken","Cursed Key","Pen Nib","Membership Card","Eternal Feather","Ornamental Fan","Meat on the Bone","Strawberry","Bird Faced Urn","War Paint","MawBank","Oddly Smooth Stone"],"acts_visited":["Exordium","TheCity","TheBeyond"],"potions_floor_usage":[22,29,33,42,50,50],"damage_taken":[{"damage":2.0,"enemies":"2 Louse","floor":1.0,"turns":3.0},{"damage":1.0,"enemies":"Cultist","floor":2.0,"turns":4.0},{"damage":0.0,"enemies":"Small Slimes","floor":3.0,"turns":3.0},{"damage":29.0,"enemies":"3 Sentries","floor":7.0,"turns":7.0},{"damage":4.0,"enemies":"2 Fungi Beasts","floor":10.0,"turns":3.0},{"damage":0.0,"enemies":"Blue Slaver","floor":11.0,"turns":3.0},{"damage":29.0,"enemies":"Gremlin Gang","floor":12.0,"turns":5.0},{"damage":8.0,"enemies":"Lagavulin","floor":14.0,"turns":6.0},{"damage":8.0,"enemies":"Hexaghost","floor":16.0,"turns":8.0},{"damage":2.0,"enemies":"Chosen","floor":18.0,"turns":4.0},{"damage":9,"enemies":"3 Byrds","floor":19,"turns":4},{"damage":5,"enemies":"Centurion and Healer","floor":21,"turns":8},{"damage":0,"enemies":"Snecko","floor":22,"turns":4},{"damage":10,"enemies":"Book of Stabbing","floor":23,"turns":5},{"damage":0,"enemies":"Cultist and Chosen","floor":27,"turns":5},{"damage":7,"enemies":"Snake Plant","floor":28,"turns":5},{"damage":23,"enemies":"Slavers","floor":29,"turns":7},{"damage":0,"enemies":"Centurion and Healer","floor":31,"turns":6},{"damage":0,"enemies":"Automaton","floor":33,"turns":13},{"damage":0,"enemies":"Orb Walker","floor":35,"turns":8},{"damage":7,"enemies":"3 Darklings","floor":38,"turns":6},{"damage":0,"enemies":"Spire Growth","floor":39,"turns":6},{"damage":0,"enemies":"Mind Bloom Boss Battle","floor":42,"turns":10},{"damage":3,"enemies":"Nemesis","floor":44,"turns":7},{"damage":23,"enemies":"Reptomancer","floor":46,"turns":12},{"damage":21,"enemies":"Awakened One","floor":50,"turns":25}],"seed_played":"1962749813667114734","potions_obtained":[{"floor":2.0,"key":"SteroidPotion"},{"floor":10.0,"key":"GamblersBrew"},{"floor":11.0,"key":"Strength Potion"},{"floor":12.0,"key":"AttackPotion"},{"floor":23,"key":"BlessingOfTheForge"},{"floor":27,"key":"Block Potion"},{"floor":28,"key":"Swift Potion"},{"floor":29,"key":"DuplicationPotion"},{"floor":42,"key":"AttackPotion"},{"floor":44,"key":"PowerPotion"}],"is_trial":false,"path_per_floor":["M","M","M","?","?","R","E","R","T","M","M","M","R","E","R","B",null,"M","M","?","M","M","E","R","$","T","M","M","E","$","M","R","B",null,"M","?","$","M","M","R","?","?","T","E","$","E","R","?","R","B",null],"character_chosen":"DEFECT","items_purchased":["Membership Card","Streamline","Eternal Feather","Strength Potion","Seek","FTL","Strawberry"],"campfire_rested":1,"item_purchase_floors":[25,25,25,25,30,37,37],"current_hp_per_floor":[66,65,65,65,65,65,36,36,36,32,32,3,25,17,17,9,59,57,48,48,43,43,33,33,33,39,39,32,9,9,21,33,45,70,70,70,77,70,70,81,81,81,81,81,81,66,81,81,81,68],"gold":221,"neow_bonus":"HUNDRED_GOLD","is_daily":false,"chose_seed":false,"campfire_upgraded":4,"win_rate":0.0,"timestamp":1611200412,"path_taken":["M","M","M","?","?","R","E","R","T","M","?","M","R","E","R","BOSS","M","M","?","M","M","E","R","$","T","M","?","E","$","M","R","BOSS","M","?","$","M","M","R","?","?","T","E","$","E","R","?","R","BOSS"],"items_purchased_type":["Relic","Card","Relic","Potion","Card","Card","Relic"],"build_version":"2020-12-22","purchased_purges":2,"victory":true,"max_hp_per_floor":[75,75,75,75,75,75,75,75,75,75,75,75,75,75,75,75,75,75,75,75,75,75,75,75,75,81,81,81,81,78,78,78,78,78,78,74,81,81,81,81,81,81,81,81,81,81,81,81,81,81],"relic_stats":{"Darkstone Periapt":6,"counters":[26,177],"Eternal Feather":38,"Pen Nib":[16],"War Paint":["Dualcast","Undo"],"Cursed Key":1,"MawBank":60,"FrozenCore":[18],"Mercury Hourglass":[643],"Shovel":2,"Shuriken":[31],"Ornamental Fan":[104],"Bird Faced Urn":[19],"obtain_stats":[{"Darkstone Periapt":7,"Girya":9,"Oddly Smooth Stone":47,"Eternal Feather":25,"Pen Nib":23,"War Paint":44,"Cursed Key":17,"MawBank":46,"Mercury Hourglass":8,"FrozenCore":34,"Shovel":5,"Shuriken":14,"Ornamental Fan":26,"Strawberry":37,"Bird Faced Urn":42,"Membership Card":25,"Cracked Core":0,"Meat on the Bone":29},{"Darkstone Periapt":4,"Girya":4,"Oddly Smooth Stone":25,"Eternal Feather":14,"Pen Nib":14,"War Paint":24,"Cursed Key":9,"MawBank":25,"Mercury Hourglass":4,"FrozenCore":19,"Shovel":3,"Shuriken":8,"Ornamental Fan":14,"Strawberry":20,"Bird Faced Urn":23,"Membership Card":14,"Cracked Core":0,"Meat on the Bone":17},{"Darkstone Periapt":17,"Girya":17,"Oddly Smooth Stone":152,"Eternal Feather":67,"Pen Nib":67,"War Paint":140,"Cursed Key":42,"MawBank":152,"Mercury Hourglass":17,"FrozenCore":103,"Shovel":10,"Shuriken":34,"Ornamental Fan":67,"Strawberry":111,"Bird Faced Urn":133,"Membership Card":67,"Cracked Core":0,"Meat on the Bone":84}],"Meat on the Bone":24},"card_choices":[{"not_picked":["Conserve Battery","Turbo"],"picked":"Defragment","floor":1.0},{"not_picked":["Darkness","Steam"],"picked":"Undo","floor":2.0},{"not_picked":["Hologram","Turbo","Auto Shields"],"picked":"SKIP","floor":3.0},{"not_picked":["Steam","Conserve Battery","Force Field"],"picked":"SKIP","floor":7.0},{"not_picked":["Auto Shields","Reprogram","Aggregate"],"picked":"SKIP","floor":10.0},{"not_picked":["Storm","Beam Cell"],"picked":"Cold Snap","floor":11.0},{"not_picked":["Hologram","Steam"],"picked":"Ball Lightning","floor":12.0},{"not_picked":["Cold Snap","Scrape"],"picked":"Defragment","floor":14.0},{"not_picked":["Reboot","Core Surge"],"picked":"Buffer","floor":16.0},{"not_picked":["Hologram","White Noise"],"picked":"Cold Snap","floor":18},{"not_picked":["Barrage","Go for the Eyes"],"picked":"Genetic Algorithm+1","floor":19},{"not_picked":["Thunder Strike","Rebound+1"],"picked":"Leap+1","floor":21},{"not_picked":["Fusion+1","Coolheaded+1"],"picked":"Undo","floor":22},{"not_picked":["Compile Driver","Steam"],"picked":"FTL","floor":23},{"not_picked":["Defragment","Static Discharge"],"picked":"Capacitor","floor":27},{"not_picked":["Streamline+1","Leap"],"picked":"Go for the Eyes+1","floor":28},{"not_picked":["Beam Cell","Double Energy+1","Storm"],"picked":"SKIP","floor":29},{"not_picked":["Core Surge","Sweeping Beam"],"picked":"Coolheaded","floor":31},{"not_picked":["Rainbow","Amplify"],"picked":"Seek","floor":33},{"not_picked":["Gash+1","Sweeping Beam","Turbo+1"],"picked":"SKIP","floor":35},{"not_picked":["Lockon","Leap","Double Energy+1"],"picked":"SKIP","floor":38},{"not_picked":["Reprogram","Reinforced Body+1"],"picked":"Skim","floor":39},{"not_picked":["Hologram+1","Redo"],"picked":"Darkness+1","floor":42},{"not_picked":["Steam","Undo+1"],"picked":"Electrodynamics","floor":44},{"not_picked":["Coolheaded+1","Stack+1"],"picked":"Glacier+1","floor":46}],"player_experience":1003287,"relics_obtained":[{"floor":7.0,"key":"Darkstone Periapt"},{"floor":8.0,"key":"Mercury Hourglass"},{"floor":9.0,"key":"Girya"},{"floor":14.0,"key":"Shuriken"},{"floor":23,"key":"Pen Nib"},{"floor":26,"key":"Ornamental Fan"},{"floor":29,"key":"Meat on the Bone"},{"floor":42,"key":"Bird Faced Urn"},{"floor":44,"key":"War Paint"},{"floor":46,"key":"MawBank"},{"floor":47,"key":"Oddly Smooth Stone"}],"event_choices":[{"cards_removed":["Strike_B"],"damage_healed":0.0,"max_hp_gain":0.0,"max_hp_loss":0.0,"gold_gain":0.0,"event_name":"Living Wall","player_choice":"Forget","floor":4.0,"gold_loss":0.0,"damage_taken":0.0},{"damage_healed":0.0,"max_hp_gain":0.0,"max_hp_loss":0.0,"gold_gain":0.0,"event_name":"WeMeetAgain","player_choice":"Paid Gold","floor":5.0,"gold_loss":131.0,"damage_taken":0.0,"relics_obtained":["Shovel"]},{"cards_removed":["Strike_B"],"damage_healed":0,"gold_gain":0,"player_choice":"Purged","damage_taken":0,"max_hp_gain":0,"max_hp_loss":0,"event_name":"Purifier","floor":20,"gold_loss":0},{"damage_healed":0,"gold_gain":0,"player_choice":"Max HP","damage_taken":0,"max_hp_gain":0,"max_hp_loss":4,"event_name":"Winding Halls","floor":36,"gold_loss":0},{"cards_removed":["FTL"],"damage_healed":0,"gold_gain":0,"player_choice":"Removed Attack","damage_taken":0,"max_hp_gain":0,"max_hp_loss":0,"event_name":"Falling","floor":41,"gold_loss":0},{"damage_healed":0,"gold_gain":0,"player_choice":"Fight","damage_taken":0,"max_hp_gain":0,"max_hp_loss":0,"event_name":"MindBloom","floor":42,"gold_loss":0},{"damage_healed":0,"gold_gain":0,"player_choice":"Memory 1","damage_taken":0,"max_hp_gain":0,"max_hp_loss":0,"event_name":"SensoryStone","floor":48,"gold_loss":0}],"is_beta":false,"boss_relics":[{"not_picked":["Velvet Choker","Runic Dome"],"picked":"Cursed Key"},{"not_picked":["Empty Cage","Busted Crown"],"picked":"FrozenCore"}],"items_purged_floors":[25,30],"is_endless":false,"potions_floor_spawned":[2,10,11,12,23,27,28,29,42,44],"ascension_level":7}}