{"host":"och2iitg9ibgz06n","time":1611272793,"event":{"mods":["Abigail Mod","AchievementEnabler","Aspiration","BaseMod","Colored Powertips","Dio Mod","Hubris","Hyrulean Relics","Infinite Spire","Minty Spire (QoL Compilation)","Replay The Spire","Small Relic Pack","StSLib","The Animator","The Bug Knight","The Hierophant","The Jungle","The Saiyan","TheHero","Wandering Minibosses","everything is the same but u backflip on backflip","slay the spire mod where everything is the same but ironclad has a cowboy hat","vexMod"],"gold_per_floor":[116,322,43,54,65,91,91,103,130,130,142,152,184,204,204,304,304,316,316,309,328,340,340,340],"floor_reached":23,"language":"ENG","playtime":1011,"items_purged":[],"score":248,"play_id":"90742543-479d-4c77-b749-64920be296bc","local_time":"20210121174633","is_ascension_mode":true,"campfire_choices":[{"floor":7,"key":"REST"},{"floor":15,"key":"REST"}],"circlet_count":0,"master_deck":["animeID:Deku+1","animeID:Bakugo+1","animeID:Smash","animeID:Smash","animeID:Smash","animeID:Smash","animeID:DefendMH","animeID:DefendMH","animeID:DefendMH","animeID:DefendMH","animeID:ToruHagakure","animeID:TodorokiShoto","animeID:Iida","animeID:ShootStyle","animeID:EraserHead","animeID:Tomura","animeID:FatGum+1","animeID:ShootStyle","animeID:Tomura","animeID:FatGum","animeID:DelawareSmash","animeID:ProminenceBurn","animeID:TodorokiShoto","animeID:Ojiro","animeID:ToruHagakure","animeID:Rappa"],"relics":["animeID:HeroCostume","aspiration:ArtOfWarUpgrade","infinitespire:Magic Flask","Dream Catcher","vexMod:MysteryBossChallenge","Fusion Hammer"],"acts_visited":["Exordium","TheCity"],"potions_floor_usage":[23],"damage_taken":[{"damage":4,"enemies":"Jaw Worm","floor":1,"turns":4},{"damage":0,"enemies":"2 Louse","floor":4,"turns":2},{"damage":10,"enemies":"Small Slimes","floor":5,"turns":2},{"damage":33,"enemies":"3 Sentries","floor":6,"turns":5},{"damage":8,"enemies":"Gremlin Gang","floor":8,"turns":4},{"damage":27,"enemies":"Red Slaver","floor":11,"turns":5},{"damage":4,"enemies":"2 Fungi Beasts","floor":12,"turns":4},{"damage":23,"enemies":"Lagavulin","floor":13,"turns":7},{"damage":21,"enemies":"Looter","floor":14,"turns":5},{"damage":62,"enemies":"Hexaghost","floor":16,"turns":12},{"damage":25,"enemies":"Spheric Guardian","floor":18,"turns":4},{"damage":18,"enemies":"2 Thieves","floor":20,"turns":4},{"damage":3,"enemies":"3 Cultists","floor":21,"turns":3},{"damage":79,"enemies":"Cultist and Chosen","floor":22,"turns":8},{"damage":16,"enemies":"Slavers","floor":23,"turns":1}],"seed_played":"7593137285348136242","potions_obtained":[{"floor":4,"key":"Dexterity Potion"},{"floor":11,"key":"Swift Potion"},{"floor":12,"key":"Strength Potion"},{"floor":16,"key":"Elixir"},{"floor":22,"key":"PowerPotion"}],"is_trial":false,"path_per_floor":["M","?","$","M","M","E","R","M","T","?","M","M","E","M","R","B",null,"M","?","M","M","M","E"],"character_chosen":"THE_HERO","items_purchased":["Art of War","animeID:Iida","animeID:ShootStyle"],"campfire_rested":2,"item_purchase_floors":[3,3,3],"current_hp_per_floor":[73,73,73,73,65,34,56,55,55,55,36,39,34,24,46,73,75,56,56,48,55,12,0,0],"gold":340,"neow_bonus":"RANDOM_EVENT","is_daily":false,"chose_seed":false,"campfire_upgraded":0,"win_rate":0.0,"timestamp":1611272793,"path_taken":["M","?","$","M","M","E","R","M","T","?","M","M","E","M","R","BOSS","M","?","M","M","M","E"],"items_purchased_type":["Relic","Card","Card"],"build_version":"2020-12-22","purchased_purges":0,"victory":false,"max_hp_per_floor":[75,75,75,75,75,75,75,75,75,75,75,75,75,75,75,75,75,75,75,75,75,75,75,75],"card_choices":[{"not_picked":["animeID:Thirteen","animeID:TodorokiShoto"],"picked":"animeID:ToruHagakure","floor":1},{"not_picked":["animeID:GranTorino","animeID:Kaminari"],"picked":"animeID:TodorokiShoto","floor":2},{"not_picked":["animeID:Tamaki","animeID:ToruHagakure"],"picked":"animeID:EraserHead","floor":4},{"not_picked":["animeID:Kendo","animeID:TodorokiShoto"],"picked":"animeID:Tomura","floor":5},{"not_picked":["animeID:ProminenceBurn","animeID:Ojiro"],"picked":"animeID:FatGum","floor":6},{"not_picked":["animeID:Aoyama","animeID:Kaminari"],"picked":"animeID:ShootStyle","floor":8},{"not_picked":["animeID:Chisaki","animeID:Kirishima","animeID:Tsuyu"],"picked":"SKIP","floor":11},{"not_picked":["animeID:Aoyama","animeID:Kirishima"],"picked":"animeID:Tomura","floor":12},{"not_picked":["animeID:Mina","animeID:AllForOne"],"picked":"animeID:FatGum","floor":13},{"not_picked":["animeID:DetroitDelaware","animeID:Uraraka","animeID:DetroitSmash"],"picked":"SKIP","floor":14},{"not_picked":["animeID:Iida","animeID:Tsuyu"],"picked":"animeID:DelawareSmash","floor":15},{"not_picked":["animeID:Endeavor","animeID:RedRiot"],"picked":"animeID:ProminenceBurn","floor":16},{"not_picked":["animeID:Tomura","animeID:Iida+1"],"picked":"animeID:TodorokiShoto","floor":18},{"not_picked":["animeID:Mineta","animeID:Tsuyu"],"picked":"animeID:Ojiro","floor":20},{"not_picked":["animeID:HighFive+1","animeID:HowitzerImpact"],"picked":"animeID:ToruHagakure","floor":21},{"not_picked":["animeID:Tomura","animeID:Mina"],"picked":"animeID:Rappa","floor":22}],"player_experience":448026,"relics_obtained":[{"floor":6,"key":"infinitespire:Magic Flask"},{"floor":13,"key":"Dream Catcher"}],"event_choices":[{"damage_healed":0,"gold_gain":0,"player_choice":"Grow","damage_taken":0,"max_hp_gain":0,"max_hp_loss":0,"event_name":"Living Wall","floor":0,"gold_loss":0,"cards_upgraded":["animeID:Deku"]},{"damage_healed":0,"gold_gain":0,"player_choice":"Forge","damage_taken":0,"max_hp_gain":0,"max_hp_loss":0,"event_name":"Accursed Blacksmith","floor":19,"gold_loss":0,"cards_upgraded":["animeID:FatGum"]}],"is_beta":false,"boss_relics":[{"not_picked":["SlaversCollar","relicPack:StarArrow"],"picked":"vexMod:MysteryBossChallenge"}],"items_purged_floors":[],"is_endless":false,"potions_floor_spawned":[4,11,12,16,22],"killed_by":"Slavers","ascension_level":4}}