{"host":"70zhvo5nwrhp1mbg","time":1611271190,"event":{"mods":["BaseMod","Colored Map","Colored Powertips","Highlight Path","Minty Spire (QoL Compilation)","Rare Cards Sparkle","StSLib"],"gold_per_floor":[113,130,141,141,39,39,49,78,78,112,112,135,135,151,151,252,252,264,43,55,55,68,68,101,101,151,151,151],"floor_reached":27,"language":"ENG","playtime":1191,"items_purged":[],"score":346,"play_id":"09a8280e-9d47-48a1-a7a4-adaece156d9a","local_time":"20210121181950","is_ascension_mode":true,"campfire_choices":[{"data":"Shrug It Off","floor":6,"key":"SMITH"},{"data":"Immolate","floor":11,"key":"SMITH"},{"data":"Clothesline","floor":13,"key":"SMITH"},{"data":"Carnage","floor":15,"key":"SMITH"},{"floor":23,"key":"REST"},{"data":"Reaper","floor":25,"key":"SMITH"}],"circlet_count":0,"master_deck":["Strike_R+1","Strike_R+1","Strike_R+1","Strike_R+1","Strike_R+1","Defend_R+1","Defend_R+1","Defend_R+1","Defend_R+1","Bash","Uppercut","Burning Pact","Clothesline+1","Shrug It Off+1","Carnage+1","Twin Strike","Immolate+1","Spot Weakness+1","Armaments+1","Impervious+1","Shrug It Off+1","Reaper+1","Heavy Blade+1","Whirlwind","Evolve"],"relics":["Burning Blood","NeowsBlessing","HornCleat","InkBottle","Toxic Egg 2","Lantern","Nunchaku","Black Star","Oddly Smooth Stone","MealTicket","Happy Flower","Bag of Preparation"],"acts_visited":["Exordium","TheCity"],"potions_floor_usage":[7,16,24,24],"damage_taken":[{"damage":0,"enemies":"Small Slimes","floor":1,"turns":1},{"damage":0,"enemies":"Cultist","floor":2,"turns":1},{"damage":0,"enemies":"2 Louse","floor":3,"turns":1},{"damage":0,"enemies":"Looter","floor":7,"turns":3},{"damage":18,"enemies":"Gremlin Nob","floor":8,"turns":4},{"damage":0,"enemies":"3 Sentries","floor":10,"turns":6},{"damage":0,"enemies":"2 Fungi Beasts","floor":14,"turns":3},{"damage":12,"enemies":"The Guardian","floor":16,"turns":10},{"damage":11,"enemies":"Chosen","floor":18,"turns":5},{"damage":35,"enemies":"3 Byrds","floor":20,"turns":6},{"damage":3,"enemies":"Snake Plant","floor":22,"turns":3},{"damage":33,"enemies":"Gremlin Leader","floor":24,"turns":7},{"damage":75,"enemies":"Book of Stabbing","floor":27,"turns":7}],"seed_played":"-6330281986843729345","potions_obtained":[{"floor":3,"key":"AttackPotion"},{"floor":7,"key":"Fruit Juice"},{"floor":8,"key":"BloodPotion"},{"floor":10,"key":"Fire Potion"},{"floor":20,"key":"HeartOfIron"},{"floor":22,"key":"ColorlessPotion"}],"is_trial":false,"path_per_floor":["M","M","M","?","$","R","M","E","T","E","R","T","R","M","R","B",null,"M","$","M","?","M","R","E","R","T","E"],"character_chosen":"IRONCLAD","items_purchased":["Shrug It Off","Carnage","Oddly Smooth Stone","Reaper"],"campfire_rested":1,"item_purchase_floors":[5,5,19,19],"current_hp_per_floor":[78,80,80,80,80,80,85,73,73,79,79,79,79,85,85,79,84,79,79,60,60,63,85,75,75,75,0,0],"gold":151,"neow_bonus":"THREE_ENEMY_KILL","is_daily":false,"chose_seed":false,"campfire_upgraded":5,"win_rate":0.0,"timestamp":1611271190,"path_taken":["M","M","M","?","$","R","?","E","T","E","R","?","R","M","R","BOSS","M","$","M","?","M","R","E","R","T","E"],"items_purchased_type":["Card","Card","Relic","Card"],"build_version":"2020-12-22","purchased_purges":0,"victory":false,"max_hp_per_floor":[80,80,80,80,80,80,85,85,85,85,85,85,85,85,85,85,85,85,85,85,85,85,85,85,85,85,85,85],"card_choices":[{"not_picked":["Warcry","Sword Boomerang"],"picked":"Uppercut","floor":1},{"not_picked":["Intimidate","Reckless Charge"],"picked":"Burning Pact","floor":2},{"not_picked":["Clash","Rupture"],"picked":"Clothesline","floor":3},{"not_picked":["Body Slam","Clash"],"picked":"Twin Strike","floor":7},{"not_picked":["Flex","Warcry"],"picked":"Immolate","floor":8},{"not_picked":["Cleave","Bloodletting+1"],"picked":"Spot Weakness+1","floor":10},{"not_picked":["Wild Strike","Cleave"],"picked":"Armaments+1","floor":14},{"not_picked":["Fiend Fire","Exhume+1"],"picked":"Impervious+1","floor":16},{"not_picked":["Thunderclap","Clothesline"],"picked":"Shrug It Off+1","floor":18},{"not_picked":["Body Slam","Rupture"],"picked":"Heavy Blade+1","floor":20},{"not_picked":["Pommel Strike","Havoc+1"],"picked":"Whirlwind","floor":22},{"not_picked":["Pommel Strike","Blood for Blood"],"picked":"Evolve","floor":24}],"player_experience":424076,"relics_obtained":[{"floor":8,"key":"InkBottle"},{"floor":9,"key":"Toxic Egg 2"},{"floor":10,"key":"Lantern"},{"floor":12,"key":"Nunchaku"},{"floor":24,"key":"MealTicket"},{"floor":24,"key":"Happy Flower"},{"floor":26,"key":"Bag of Preparation"}],"event_choices":[{"damage_healed":0,"gold_gain":0,"player_choice":"Gave Potion","damage_taken":0,"relics_obtained":["HornCleat"],"max_hp_gain":0,"max_hp_loss":0,"event_name":"WeMeetAgain","floor":4,"gold_loss":0},{"damage_healed":0,"gold_gain":0,"player_choice":"Simplicity","damage_taken":0,"max_hp_gain":0,"max_hp_loss":0,"event_name":"Back to Basics","floor":21,"gold_loss":0,"cards_upgraded":["Strike_R","Strike_R","Strike_R","Strike_R","Strike_R","Defend_R","Defend_R","Defend_R","Defend_R"]}],"is_beta":false,"boss_relics":[{"not_picked":["Ectoplasm","Mark of Pain"],"picked":"Black Star"}],"items_purged_floors":[],"is_endless":false,"potions_floor_spawned":[3,7,8,10,20,22],"killed_by":"Book of Stabbing","ascension_level":6}}