{"host":"p8f0otjoacyb9giz","time":1611250164,"event":{"mods":["AchievementEnabler","BaseMod","Downfall","Minty Spire (QoL Compilation)","StSLib"],"gold_per_floor":[99,115,126,126,276,326,326,326,356,376,403,122,122,115,137,243,243,243,258,258,258,258,258,329,254,254,254,254],"floor_reached":26,"language":"ENG","playtime":1314,"items_purged":["Pride"],"score":256,"play_id":"ebf56013-556e-44b2-8f67-c1cf5577cad7","local_time":"20210121202924","is_ascension_mode":true,"campfire_choices":[{"floor":8.0,"key":"REST"},{"data":"sneckomod:CheapStock","floor":13,"key":"SMITH"},{"data":"sneckomod:UnknownRarePower","floor":18,"key":"SMITH"},{"floor":23,"key":"RECALL"}],"circlet_count":0,"master_deck":["sneckomod:Strike","sneckomod:Strike+1","sneckomod:Strike","sneckomod:Defend","sneckomod:Defend","sneckomod:Defend","sneckomod:TailWhip+1","sneckomod:SnekBite+1","sneckomod:Unknown","sneckomod:PureSnecko","downfall:Icky","sneckomod:ImprovisedGuard+1","sneckomod:WideSting","sneckomod:ImprovisedGuard","sneckomod:SoulDraw","sneckomod:CheapStock+1","sneckomod:SnakeSap","sneckomod:MixItUp","sneckomod:UnknownRarePower+1","Caltrops+1","hexamod:SixthSeal","Ghostly+1","Ghostly","Ghostly","Ghostly","Ghostly","Necronomicurse","sneckomod:PureSnecko+1"],"relics":["sneckomod:SuperSneckoSoul","Bird Faced Urn","sneckomod:LoadedDie","Nunchaku","FossilizedHelix","The Courier","Meat on the Bone","hexamod:TheBrokenSeal","Necronomicon","White Beast Statue"],"acts_visited":["Exordium","TheCity"],"potions_floor_usage":[25,25,26],"damage_taken":[{"damage":12.0,"enemies":"Cultist","floor":2.0,"turns":5.0},{"damage":22.0,"enemies":"2 Louse","floor":3.0,"turns":4.0},{"damage":52.0,"enemies":"Lagavulin","floor":6.0,"turns":11.0},{"damage":42.0,"enemies":"Gremlin Nob","floor":9.0,"turns":6.0},{"damage":2.0,"enemies":"Small Slimes","floor":10.0,"turns":6.0},{"damage":34.0,"enemies":"Lagavulin","floor":11.0,"turns":12.0},{"damage":8.0,"enemies":"downfall:FleeingMerchant","floor":12.0,"turns":4.0},{"damage":0,"enemies":"downfall:FleeingMerchant","floor":14,"turns":4},{"damage":27,"enemies":"2 Fungi Beasts","floor":15,"turns":5},{"damage":33,"enemies":"IC_STATUS_ARCHETYPE","floor":16,"turns":9},{"damage":11,"enemies":"3 Byrds","floor":19,"turns":4},{"damage":0,"enemies":"downfall:FleeingMerchant","floor":25,"turns":4},{"damage":45,"enemies":"Gremlin Leader","floor":26,"turns":6}],"seed_played":"-5308431036726919757","potions_obtained":[{"floor":2.0,"key":"Swift Potion"},{"floor":6.0,"key":"FairyPotion"},{"floor":9.0,"key":"FairyPotion"},{"floor":9.0,"key":"Slimebound:ThreeZeroPotion"},{"floor":11.0,"key":"SteroidPotion"},{"floor":14,"key":"CultistPotion"},{"floor":25,"key":"Fruit Juice"}],"is_trial":false,"path_per_floor":["R","M","M","?","?","E","T","R","E","M","E","$","R","$","M","B",null,"R","M","?","?","?","R","T","$","E"],"character_chosen":"THE_SNECKO","items_purchased":["sneckomod:CheapStock","Meat on the Bone"],"campfire_rested":1,"item_purchase_floors":[12,12],"current_hp_per_floor":[81,69,53,53,53,11,11,35,24,32,25,34,34,53,91,58,91,91,80,45,29,29,29,29,37,0,0,0],"gold":254,"neow_bonus":"ONE_RARE_RELIC","is_daily":false,"chose_seed":false,"campfire_upgraded":2,"win_rate":0.0,"timestamp":1611250164,"path_taken":["R","M","M","?","?","E","T","R","E","M","E","$","R","$","M","BOSS","R","M","?","?","?","R","T","$","E"],"items_purchased_type":["Card","Relic"],"build_version":"2020-12-22","purchased_purges":1,"victory":false,"max_hp_per_floor":[81,81,81,81,81,81,81,81,81,81,81,81,81,81,91,91,91,91,91,45,45,45,45,45,45,50,50,50],"card_choices":[{"not_picked":["hexamod:SecondSeal","hexamod:FourthSeal"],"picked":"hexamod:SixthSeal","floor":2.0},{"not_picked":["sneckomod:QuickBite","sneckomod:UnknownUncommonSkill"],"picked":"sneckomod:UnknownUncommonPower","floor":2.0},{"not_picked":["hexamod:ThirdSeal","hexamod:SixthSeal"],"picked":"hexamod:FourthSeal","floor":3.0},{"not_picked":["sneckomod:DiceBlock","sneckomod:Memorize"],"picked":"sneckomod:PureSnecko","floor":3.0},{"not_picked":["sneckomod:Transmogrify","sneckomod:UnknownCommonSkill","sneckomod:DiceBoulder"],"picked":"SKIP","floor":6.0},{"not_picked":["hexamod:SixthSeal","hexamod:FourthSeal"],"picked":"hexamod:ThirdSeal","floor":9.0},{"not_picked":["sneckomod:UnknownCommonAttack","sneckomod:QuickBite"],"picked":"sneckomod:ImprovisedGuard","floor":9.0},{"not_picked":["hexamod:ThirdSeal","hexamod:SixthSeal"],"picked":"hexamod:FirstSeal","floor":10.0},{"not_picked":["sneckomod:UnknownRareSkill","sneckomod:DiceCrush"],"picked":"sneckomod:WideSting","floor":10.0},{"not_picked":["sneckomod:QuickBite","sneckomod:UnknownCommonSkill","sneckomod:UnknownCommonAttack"],"picked":"SKIP","floor":10.0},{"not_picked":["sneckomod:UnknownExhaust","sneckomod:ImprovisedAttack"],"picked":"sneckomod:ImprovisedGuard","floor":11.0},{"not_picked":["hexamod:FourthSeal","hexamod:ThirdSeal"],"picked":"hexamod:SecondSeal","floor":11.0},{"not_picked":["sneckomod:QuickMove","sneckomod:IronFang","sneckomod:GlitteringGambit"],"picked":"SKIP","floor":11.0},{"not_picked":["sneckomod:DiceBlock","sneckomod:UnknownStrength"],"picked":"sneckomod:SoulDraw","floor":12.0},{"not_picked":["hexamod:FirstSeal","hexamod:SixthSeal","hexamod:ThirdSeal"],"picked":"SKIP","floor":12.0},{"not_picked":["sneckomod:SnekBeam","sneckomod:Nope","sneckomod:DiceBlock"],"picked":"SKIP","floor":12.0},{"not_picked":["sneckomod:Mudshield","sneckomod:UnknownClassRED"],"picked":"sneckomod:SnakeSap","floor":14},{"not_picked":["hexamod:ThirdSeal","hexamod:FirstSeal","hexamod:SixthSeal"],"picked":"SKIP","floor":14},{"not_picked":["sneckomod:QuickBite","sneckomod:UnknownStrike","sneckomod:SoulRoll"],"picked":"SKIP","floor":14},{"not_picked":["sneckomod:SnekBeam","sneckomod:UnknownStrength"],"picked":"sneckomod:MixItUp","floor":15},{"not_picked":["sneckomod:DangerNoodle","sneckomod:GlitteringGambit"],"picked":"sneckomod:UnknownRarePower","floor":16},{"not_picked":["hexamod:FirstSeal","hexamod:SecondSeal"],"picked":"hexamod:SixthSeal","floor":19},{"not_picked":["sneckomod:DiceCrush","sneckomod:UnknownCommonSkill+1","sneckomod:SoulCleanse"],"picked":"SKIP","floor":19},{"not_picked":["sneckomod:SoulDraw","sneckomod:Unknown1Cost+1"],"picked":"sneckomod:PureSnecko+1","floor":25}],"player_experience":388444,"relics_obtained":[{"floor":6.0,"key":"sneckomod:LoadedDie"},{"floor":7.0,"key":"Nunchaku"},{"floor":9.0,"key":"FossilizedHelix"},{"floor":11.0,"key":"The Courier"},{"floor":21,"key":"Necronomicon"}],"event_choices":[{"damage_healed":0,"gold_gain":0,"player_choice":"Became a Ghost","damage_taken":0,"max_hp_gain":0,"max_hp_loss":46,"event_name":"Ghosts","floor":20,"gold_loss":0,"cards_obtained":["Ghostly","Ghostly","Ghostly","Ghostly","Ghostly"]},{"damage_healed":0,"gold_gain":0,"player_choice":"Stole Relic","damage_taken":0,"relics_obtained":["White Beast Statue"],"max_hp_gain":0,"max_hp_loss":0,"event_name":"Addict","floor":22,"gold_loss":0,"cards_obtained":["Pride"]}],"is_beta":false,"boss_relics":[{"not_picked":["Pandora\u0027s Box","Calling Bell"],"picked":"sneckomod:SuperSneckoSoul"}],"items_purged_floors":[25],"is_endless":false,"potions_floor_spawned":[2,3,9,11,15,16,19,25],"killed_by":"Gremlin Leader","ascension_level":1}}