{"host":"22s5scuj7mu87reg","time":1611271566,"event":{"mods":["BaseMod","Better Third Choice","Colored Powertips","Dota2Spire","Downfall","Duelist Mod","GungeonMod","Halation","Hubris","Infinite Spire","Koishi","KomeijiMod","Minty Spire (QoL Compilation)","Quick Restart","Replay The Spire","Shop Mod","StSLib","SuperFastMode","The Jungle","The Mystic","The Necromancer","Wandering Minibosses"],"gold_per_floor":[119,119,119,119,139,139,64,64,64,82,95,131,144,159,159,288,288,307,307,326,345,361,395,420,420,447,447,475,527,527,568,568,706,706,735,642,160,181,220,220,263,263,287,319,344,381,405,456,456,462],"floor_reached":51,"language":"POL","playtime":2667,"items_purged":["Strike_B","Strike_B","Defend_B"],"score":930,"play_id":"ac11ebc6-26ec-4554-8149-13b64bc42d0e","local_time":"20210122002606","is_ascension_mode":true,"campfire_choices":[{"data":"Dualcast","floor":6.0,"key":"SMITH"},{"data":"Coolheaded","floor":8.0,"key":"SMITH"},{"floor":27,"key":"REST"},{"floor":32,"key":"REST"},{"data":"hubris:Fate","floor":40,"key":"SMITH"},{"data":"ReplayTheSpireMod:Calculation Training","floor":42,"key":"SMITH"},{"floor":49,"key":"REST"}],"circlet_count":0,"master_deck":["Strike_B+1","Defend_B","Defend_B","Zap+1","Dualcast+1","Beam Cell","Coolheaded+1","ReplayTheSpireMod:Calculation Training+1","Coolheaded","Chill","Compile Driver","ReplayTheSpireMod:Omega Cannon","Cold Snap+1","expansioncontent:Flail","FIFO Queue","hubris:Fate+1","ReplayGash","Hologram","Rainbow","Doom and Gloom","Pot Of Greed","Pot Of Greed","Mayhem","Consume+1","ReplayTheSpireMod:Calculation Training","Pot Of Greed","wanderingMiniBosses:FinaleOfPromise","Cold Snap+1","Self Repair"],"relics":["Cracked Core","NeowsBlessing","Golden Idol","DemoMod:ChaffGrenade","Centennial Puzzle","Lizard Tail","hubris:Backtick","Dota2Spire:Butterfly","Replay:Bandana","Replay:Kaleidoscope","Strawberry","Painkiller Herb","Grinning Jar","Dota2Spire:LinkenSphere","ReplayTheSpireMod:ShopPack","Bronze Scales","infinitespire:Lucky Rock","wanderingMiniBosses:Blackblade"],"acts_visited":["Exordium","TheCity","TheBeyond"],"potions_floor_usage":[23,48,50,50,50],"damage_taken":[{"damage":0.0,"enemies":"2 Louse","floor":1.0,"turns":1.0},{"damage":0.0,"enemies":"Jaw Worm","floor":5.0,"turns":1.0},{"damage":0.0,"enemies":"Small Slimes","floor":10.0,"turns":1.0},{"damage":12.0,"enemies":"Exordium Wildlife","floor":11.0,"turns":4.0},{"damage":9.0,"enemies":"Gremlin Nob","floor":12.0,"turns":3.0},{"damage":20.0,"enemies":"Lots of Slimes","floor":13.0,"turns":4.0},{"damage":10.0,"enemies":"Red Slaver","floor":14.0,"turns":1.0},{"damage":31.0,"enemies":"Slime Boss","floor":16.0,"turns":12.0},{"damage":9.0,"enemies":"2 Thieves","floor":18.0,"turns":3.0},{"damage":8.0,"enemies":"Spheric Guardian","floor":20.0,"turns":6.0},{"damage":5.0,"enemies":"Cultist and Chosen","floor":21.0,"turns":4.0},{"damage":20.0,"enemies":"Shelled Parasite and Fungi","floor":22.0,"turns":7.0},{"damage":0,"enemies":"Slavers","floor":23,"turns":1},{"damage":2,"enemies":"Centurion and Healer","floor":24,"turns":11},{"damage":4,"enemies":"Snecko","floor":28,"turns":4},{"damage":3,"enemies":"3 Cultists","floor":29,"turns":3},{"damage":13,"enemies":"Centurion and Healer","floor":31,"turns":8},{"damage":43,"enemies":"hubris:MusketHawk","floor":33,"turns":7},{"damage":0,"enemies":"Orb Walker","floor":35,"turns":2},{"damage":0,"enemies":"3 Shapes","floor":38,"turns":1},{"damage":17,"enemies":"Writhing Mass","floor":39,"turns":5},{"damage":28,"enemies":"Nightmare","floor":41,"turns":8},{"damage":31,"enemies":"Spire Growth","floor":44,"turns":5},{"damage":0,"enemies":"Transient","floor":45,"turns":10},{"damage":9,"enemies":"Sphere and 2 Shapes","floor":46,"turns":3},{"damage":0,"enemies":"Maw","floor":47,"turns":2},{"damage":0,"enemies":"3 Darklings","floor":48,"turns":1},{"damage":23,"enemies":"Time Eater","floor":50,"turns":14}],"seed_played":"5664332736813117351","potions_obtained":[{"floor":5.0,"key":"JyouchiReiPotion"},{"floor":14.0,"key":"Weak Potion"},{"floor":21.0,"key":"hexamod:EctoCoolerPotion"},{"floor":22.0,"key":"DuplicationPotion"},{"floor":29,"key":"FearPotion"},{"floor":31,"key":"Dota2Spire:HealingSalve"},{"floor":35,"key":"DistilledChaos"},{"floor":47,"key":"Adrenaline Potion"},{"floor":48,"key":"Reflective Coating"}],"is_trial":false,"path_per_floor":["M","?","?","?","M","R","$","R","T","M","M","E","M","M","R","B",null,"M","?","M","M","M","E","M","AVR","T","R","M","M","?","M","R","B",null,"?","?","T","?","?","T","NM","T","T","?","?","?","?","?","T","B",null],"character_chosen":"DEFECT","items_purchased":["Dota2Spire:LinkenSphere","ReplayTheSpireMod:ShopPack"],"campfire_rested":3,"item_purchase_floors":[37,37],"current_hp_per_floor":[75,57,57,42,42,42,42,42,42,42,30,21,1,37,37,6,58,49,37,29,24,4,4,2,2,9,33,29,26,26,28,52,9,64,64,64,64,64,47,47,34,34,34,18,18,9,9,9,33,35],"gold":462,"neow_bonus":"THREE_ENEMY_KILL","is_daily":false,"chose_seed":false,"campfire_upgraded":4,"win_rate":0.0,"timestamp":1611271566,"path_taken":["M","?","?","?","M","R","$","R","T","?","?","E","M","M","R","BOSS","M","?","?","M","?","E","M","AVR","T","R","M","M","?","M","R","BOSS","?","?","T","?","?","T","NM","T","T","?","?","?","?","?","T","BOSS"],"items_purchased_type":["Relic","Relic"],"build_version":"2020-12-13","purchased_purges":3,"victory":true,"max_hp_per_floor":[75,75,75,75,75,75,75,75,75,75,75,75,75,75,75,75,75,75,75,75,75,75,75,75,75,82,82,82,82,82,82,82,82,82,82,82,82,82,82,82,82,82,82,82,82,82,82,82,82,82],"card_choices":[{"not_picked":["Undo","Leap"],"picked":"Beam Cell","floor":1.0},{"not_picked":["Gash","Redo"],"picked":"Coolheaded","floor":5.0},{"not_picked":["Gash","Streamline"],"picked":"ReplayTheSpireMod:Calculation Training","floor":10.0},{"not_picked":["Gash","Leap","Rebound"],"picked":"SKIP","floor":11.0},{"not_picked":["Turbo","Gash"],"picked":"Coolheaded","floor":12.0},{"not_picked":["Conserve Battery","hubris:Ukulele","Beam Cell"],"picked":"SKIP","floor":13.0},{"not_picked":["Chaos","Sunder"],"picked":"Chill","floor":14.0},{"not_picked":["Buffer","hubris:SpecializedCircuitry"],"picked":"ReplayTheSpireMod:Omega Cannon","floor":16.0},{"not_picked":["Conserve Battery","Rebound"],"picked":"Cold Snap+1","floor":18.0},{"not_picked":["Redo","Beam Cell","Steam"],"picked":"SKIP","floor":20.0},{"not_picked":["Stack+1","BootSequence","Gash"],"picked":"SKIP","floor":21.0},{"not_picked":["Stack+1","Redo","Streamline"],"picked":"SKIP","floor":22.0},{"not_picked":["BasicCrystalCard","Beam Cell"],"picked":"FIFO Queue","floor":23},{"not_picked":["Reprogram","Rip and Tear","BasicCrystalCard"],"picked":"SKIP","floor":24},{"not_picked":["Sweeping Beam","Compile Driver+1","Storm"],"picked":"SKIP","floor":28},{"not_picked":["Gash","Hello World","Conserve Battery"],"picked":"SKIP","floor":29},{"not_picked":["Leap","Beam Cell"],"picked":"Hologram","floor":31},{"not_picked":["ReplayTheSpireMod:Omega Cannon","hubris:DoWhile"],"picked":"Rainbow","floor":33},{"not_picked":["Capacitor","Steam+1"],"picked":"Doom and Gloom","floor":35},{"not_picked":["Replay:SS_fish_2","expansioncontent:CaCaw"],"picked":"Mayhem","floor":37},{"not_picked":["Reinforced Body+1","Conserve Battery"],"picked":"Consume+1","floor":38},{"not_picked":["Steam","Cold Snap"],"picked":"ReplayTheSpireMod:Calculation Training","floor":39},{"not_picked":["Biased Cognition","Beam Cell","Go for the Eyes"],"picked":"SKIP","floor":41},{"not_picked":["Ball Lightning+1","ReplayTheSpireMod:Repulse+1","Steam Power+1"],"picked":"SKIP","floor":44},{"not_picked":[],"picked":"wanderingMiniBosses:FinaleOfPromise","floor":45},{"not_picked":["Sweeping Beam","Hello World+1","BasicCrystalCard+1"],"picked":"SKIP","floor":45},{"not_picked":["Conserve Battery+1","ReplaySolidLightProjector+1","Stack+1"],"picked":"SKIP","floor":46},{"not_picked":["Coolheaded","Ball Lightning"],"picked":"Cold Snap+1","floor":47},{"not_picked":["Reinforced Body+1","Gash"],"picked":"Self Repair","floor":48}],"player_experience":163487,"relics_obtained":[{"floor":3.0,"key":"DemoMod:ChaffGrenade"},{"floor":9.0,"key":"Centennial Puzzle"},{"floor":12.0,"key":"Lizard Tail"},{"floor":23,"key":"Replay:Bandana"},{"floor":26,"key":"Strawberry"},{"floor":41,"key":"Bronze Scales"},{"floor":43,"key":"infinitespire:Lucky Rock"},{"floor":45,"key":"wanderingMiniBosses:Blackblade"}],"event_choices":[{"damage_healed":0.0,"max_hp_gain":0.0,"max_hp_loss":0.0,"gold_gain":0.0,"event_name":"Golden Idol","player_choice":"Take Damage","floor":2.0,"gold_loss":0.0,"damage_taken":18.0,"relics_obtained":["Golden Idol"]},{"damage_healed":57.0,"max_hp_gain":0.0,"max_hp_loss":75.0,"gold_gain":0.0,"event_name":"betterThird:BetterShining","player_choice":"Upgrade","floor":4.0,"gold_loss":0.0,"damage_taken":15.0,"cards_upgraded":["Strike_B","Zap"]},{"damage_healed":0.0,"max_hp_gain":0.0,"max_hp_loss":0.0,"gold_gain":0.0,"event_name":"Knowing Skull","player_choice":"CARD ","floor":19.0,"potions_obtained":[],"gold_loss":0.0,"damage_taken":12.0,"cards_obtained":["expansioncontent:Flail"]},{"damage_healed":0,"gold_gain":0,"cards_transformed":["Defend_B"],"player_choice":"Transformed","damage_taken":0,"max_hp_gain":0,"max_hp_loss":0,"event_name":"Transmorgrifier","floor":30,"gold_loss":0,"cards_obtained":["ReplayGash"]},{"damage_healed":0,"gold_gain":0,"player_choice":"Paid Gold","damage_taken":0,"relics_obtained":["Grinning Jar"],"max_hp_gain":0,"max_hp_loss":0,"event_name":"WeMeetAgain","floor":36,"gold_loss":93}],"is_beta":false,"boss_relics":[{"not_picked":["halation:PlatinumPhoenix","halation:MonkeysPaw"],"picked":"hubris:Backtick"},{"not_picked":["Replay:Bronze Core","Replay:Fungal Core"],"picked":"Painkiller Herb"}],"items_purged_floors":[7,25,37],"is_endless":false,"potions_floor_spawned":[5,14,21,22,29,31,35,44,45,47,48],"ascension_level":5}}