{"host":"snn1c4qsf0fj7fzf","time":1611224815,"event":{"mods":["AchievementEnabler","Act Like it!","Aspiration","Astrologer","Bard","BaseMod","Colored Powertips","Gensokyo","Gremlin Mod","Hallownest","Hermit","HololiveMod","Hubris","Infinite Spire","Lobotomy","LobotomyExtend","Marisa????????","Minty Spire (QoL Compilation)","Random Character Button","Rare Cards Sparkle","Reimu??????","Replay The Spire","Shop Mod","StSLib","The Administrix","The Animator","The Bug Knight","The Cursed","The Gatherer","The Hierophant","The Poker Player"],"gold_per_floor":[113,133,58,70,70,104,104,116,142,142,167,183,1,12,12,117,167,485,485,485,504,91,124,124,149,228,228,228],"floor_reached":27,"language":"ENG","playtime":1480,"items_purged":["Strike_B"],"score":286,"play_id":"432afde7-b557-4266-afc2-d2d4584e25b5","local_time":"20210121182655","is_ascension_mode":false,"campfire_choices":[{"data":"Aggregate","floor":24,"key":"SMITH"}],"circlet_count":0,"master_deck":["Defend_B","Defend_B","Defend_B","Defend_B","Zap","Dualcast+1","Ball Lightning","Steam","Compile Driver","Streamline","Chill","Redo+1","hubris:PowerSurge","Rainbow+1","Lockon+1","Aggregate+1","Blizzard"],"relics":["Black Star","LetterFromLob","Strawberry","infinitespire:Beetle Shell","Bird Faced Urn","Pen Nib","Solar Panel","Torii","infinitespire:PuzzleCube","TentaclePot:ReiMu","Tiny House","hubris:Towel","Bottled Lightning","MerchantsRug","aspiration:HiddenCompartment","Peace Pipe","Happy Flower","RuthlessExorcism:ReiMu","infinitespire:SolderingIron"],"acts_visited":["Gensokyo:Gensokyo","TheCity"],"potions_floor_usage":[16,16,16,23,23,27,27],"damage_taken":[{"damage":4,"enemies":"Gensokyo:2_Kodama","floor":1,"turns":6},{"damage":0,"enemies":"Gensokyo:Python","floor":2,"turns":4},{"damage":4,"enemies":"Gensokyo:Gryphon","floor":4,"turns":5},{"damage":10,"enemies":"Gensokyo:Cirno","floor":6,"turns":6},{"damage":0,"enemies":"Gensokyo:LivingMonolith","floor":8,"turns":3},{"damage":5,"enemies":"Gensokyo:Mamizou","floor":11,"turns":7},{"damage":0,"enemies":"Gensokyo:Kitsune","floor":12,"turns":4},{"damage":0,"enemies":"Gensokyo:2_Rabbits","floor":14,"turns":3},{"damage":52,"enemies":"Gensokyo:Kokoro","floor":16,"turns":15},{"damage":0,"enemies":"3 Byrds","floor":18,"turns":4},{"damage":1,"enemies":"Shell Parasite","floor":21,"turns":4},{"damage":0,"enemies":"Gremlin Leader","floor":23,"turns":4},{"damage":14,"enemies":"Slavers","floor":25,"turns":5},{"damage":110,"enemies":"Slavers","floor":27,"turns":3}],"seed_played":"-5208228598599085543","potions_obtained":[{"floor":1,"key":"Languid Potion"},{"floor":8,"key":"MagicPotion:ReiMu"},{"floor":14,"key":"PotionOfCapacity"},{"floor":17,"key":"GrandPatriotsElixir:ReiMu"},{"floor":18,"key":"Strength Potion"},{"floor":21,"key":"Strength Potion"},{"floor":25,"key":"Dexterity Potion"}],"is_trial":false,"path_per_floor":["M","M","$","M","?","E","?","M","T","T","E","M","COS","M","R","B",null,"M","?","?","M","$","E","R","E","T","?"],"character_chosen":"DEFECT","items_purchased":["Bottled Lightning","MerchantsRug"],"campfire_rested":0,"item_purchase_floors":[22,22],"current_hp_per_floor":[71,71,71,67,64,54,22,22,22,22,23,25,25,29,53,11,87,87,87,87,87,87,87,87,79,79,0,0],"gold":228,"neow_bonus":"BOSS_RELIC","is_daily":false,"chose_seed":false,"campfire_upgraded":1,"win_rate":0.0,"timestamp":1611224815,"path_taken":["M","?","$","M","?","E","?","M","T","?","E","M","COS","M","R","BOSS","M","?","?","M","?","E","R","E","T","?"],"items_purchased_type":["Relic","Relic"],"build_version":"2020-12-22","purchased_purges":1,"victory":false,"max_hp_per_floor":[75,75,75,75,82,82,82,82,82,82,82,82,82,82,82,82,87,87,87,87,87,87,87,87,87,87,87,87],"card_choices":[{"not_picked":["Coolheaded","Compile Driver"],"picked":"Ball Lightning","floor":1},{"not_picked":["Auto Shields","BasicCrystalCard"],"picked":"Steam","floor":2},{"not_picked":["Conserve Battery","Amplify"],"picked":"Compile Driver","floor":4},{"not_picked":["Blizzard","Steam"],"picked":"Streamline","floor":6},{"not_picked":["Coolheaded","Leap"],"picked":"Chill","floor":8},{"not_picked":["Stack","Hologram"],"picked":"Redo","floor":11},{"not_picked":["Coolheaded","Panic Button","Compile Driver"],"picked":"SKIP","floor":12},{"not_picked":["Skim","Redo"],"picked":"hubris:PowerSurge","floor":14},{"not_picked":["ReplayRNGCard","Mirror Shield"],"picked":"Rainbow","floor":16},{"not_picked":["Rip and Tear","Force Field+1","Melter+1"],"picked":"SKIP","floor":18},{"not_picked":["Steam","Double Energy"],"picked":"Lockon+1","floor":21},{"not_picked":["Go for the Eyes","Hologram"],"picked":"Aggregate","floor":23},{"not_picked":["Beam Cell","Biased Cognition"],"picked":"Blizzard","floor":25}],"player_experience":351908,"relics_obtained":[{"floor":1,"key":"LetterFromLob"},{"floor":6,"key":"infinitespire:Beetle Shell"},{"floor":6,"key":"Bird Faced Urn"},{"floor":9,"key":"Pen Nib"},{"floor":10,"key":"Solar Panel"},{"floor":11,"key":"Torii"},{"floor":11,"key":"infinitespire:PuzzleCube"},{"floor":23,"key":"aspiration:HiddenCompartment"},{"floor":23,"key":"Peace Pipe"},{"floor":25,"key":"Happy Flower"},{"floor":25,"key":"RuthlessExorcism:ReiMu"},{"floor":26,"key":"infinitespire:SolderingIron"}],"event_choices":[],"is_beta":false,"boss_relics":[{"not_picked":["Abe\u0027s Treasure","infinitespire:Cupcake"],"picked":"Tiny House"}],"items_purged_floors":[3],"is_endless":false,"potions_floor_spawned":[1,8,14,18,21,25],"killed_by":"Slavers","ascension_level":0}}