{"host":"3xls0xm49ftugio7","time":1611226977,"event":{"mods":["2.2 Compatiblity","AchievementEnabler","Act Like it!","BaseMod","Bestiary","Downfall","Minty Spire (QoL Compilation)","Quick Restart","StSLib"],"gold_per_floor":[0,0,15,28,43,43,92,127,25,42,42,42,57,68,87,87,87,87],"floor_reached":16,"language":"ENG","playtime":790,"items_purged":[],"score":104,"play_id":"0692ec6d-dd5a-4dfd-aea3-0ae2fe7c5ce4","local_time":"20210121130257","is_ascension_mode":false,"campfire_choices":[{"data":"bronze:CloningBeam","floor":1,"key":"SMITH"},{"data":"bronze:BuggyMess","floor":6,"key":"SMITH"},{"floor":12,"key":"REST"}],"circlet_count":0,"master_deck":["bronze:Strike","bronze:Defend","bronze:Defend","bronze:Defend","bronze:Defend","bronze:Replicate","bronze:Goto","bronze:CloningBeam+1","bronze:Overheat","bronze:ChildClass","bronze:CutThrough","bronze:ForceShield","bronze:BuggyMess+1","bronze:ChosenStrike","bronze:ForLoop","expansioncontent:LastStand","bronze:FindAndReplace","bronze:DelayedGuard","bronze:MaxOutput","bronze:DarkDash"],"relics":["bronze:BronzeCore","Pen Nib","Ancient Tea Set"],"acts_visited":["Exordium"],"potions_floor_usage":[16],"damage_taken":[{"damage":4,"enemies":"downfall:FleeingMerchant","floor":2,"turns":4},{"damage":0,"enemies":"Cultist","floor":3,"turns":3},{"damage":0,"enemies":"Small Slimes","floor":4,"turns":3},{"damage":6,"enemies":"Jaw Worm","floor":5,"turns":2},{"damage":33,"enemies":"3 Sentries","floor":8,"turns":9},{"damage":3,"enemies":"downfall:FleeingMerchant","floor":9,"turns":4},{"damage":15,"enemies":"Exordium Thugs","floor":10,"turns":4},{"damage":0,"enemies":"3 Louse","floor":13,"turns":2},{"damage":4,"enemies":"Gremlin Gang","floor":14,"turns":3},{"damage":1,"enemies":"2 Fungi Beasts","floor":15,"turns":2},{"damage":25,"enemies":"SI_SHIV_ARCHETYPE","floor":16,"turns":3}],"seed_played":"4601898521676457592","potions_obtained":[{"floor":3,"key":"LiquidBronze"},{"floor":5,"key":"LiquidMemories"},{"floor":8,"key":"SteroidPotion"},{"floor":14,"key":"DistilledChaos"}],"is_trial":false,"path_per_floor":["R","$","M","M","M","R","T","E","$","M","?","R","M","M","M","B"],"character_chosen":"THE_AUTOMATON","items_purchased":["expansioncontent:LastStand"],"campfire_rested":1,"item_purchase_floors":[9],"current_hp_per_floor":[70,66,66,66,60,60,60,27,24,9,9,30,30,26,25,0,0,0],"gold":87,"neow_bonus":"TRANSFORM_TWO_CARDS","is_daily":false,"chose_seed":false,"campfire_upgraded":2,"win_rate":0.0,"timestamp":1611226977,"path_taken":["R","?","?","M","M","R","T","E","$","M","?","R","M","M","M","BOSS"],"items_purchased_type":["Card"],"build_version":"2020-12-22","purchased_purges":0,"victory":false,"max_hp_per_floor":[70,70,70,70,70,70,70,70,70,70,70,70,70,70,70,70,70,70],"card_choices":[{"not_picked":["bronze:BuggyMess","bronze:BitShift"],"picked":"bronze:ChildClass","floor":2},{"not_picked":["bronze:BugBarrage","bronze:Overheat"],"picked":"bronze:CutThrough","floor":3},{"not_picked":["bronze:BugBarrage","bronze:Turbo"],"picked":"bronze:ForceShield","floor":4},{"not_picked":["bronze:FineTuning","bronze:Turbo"],"picked":"bronze:BuggyMess","floor":5},{"not_picked":["bronze:FindAndReplace","bronze:Overload"],"picked":"bronze:ChosenStrike","floor":8},{"not_picked":["bronze:ForceShield","bronze:Branch"],"picked":"bronze:ForLoop","floor":9},{"not_picked":["bronze:Turbo","bronze:Philosophize","bronze:BugBarrage"],"picked":"SKIP","floor":10},{"not_picked":["bronze:DelayedSlice","bronze:DarkDash"],"picked":"bronze:DelayedGuard","floor":13},{"not_picked":["bronze:BitShift","bronze:WildBeam"],"picked":"bronze:MaxOutput","floor":14},{"not_picked":["bronze:Iterate","bronze:Philosophize"],"picked":"bronze:DarkDash","floor":15}],"player_experience":948224,"relics_obtained":[{"floor":7,"key":"Pen Nib"},{"floor":8,"key":"Ancient Tea Set"}],"event_choices":[],"is_beta":false,"boss_relics":[],"items_purged_floors":[],"is_endless":false,"potions_floor_spawned":[3,5,8,13,14,15],"killed_by":"SI_SHIV_ARCHETYPE","ascension_level":0}}