{"host":"qyjrmrr57odine7m","time":1611259404,"event":{"mods":["AchievementEnabler","BaseMod","Bestiary","Block Reminder","Card Forge","Highlight Path","Minty Spire (QoL Compilation)","Permanent Neow","Rare Cards Sparkle","StSLib"],"gold_per_floor":[112,112,88,104,121,150,170,195,195,211,239,253,288,298,298,403,403,420,420,432,432,449,449,484,484,484,515,515,227,252,271,271,369,369,384,0,0,0,0,0,27,41,41,72,72,98,98,124,124,124],"floor_reached":51,"language":"ENG","playtime":4545,"items_purged":[],"score":1538,"play_id":"03b224d2-1e62-40ef-b163-77e5eedd5d63","local_time":"20210121200324","is_ascension_mode":true,"campfire_choices":[{"floor":15.0,"key":"REST"},{"floor":23.0,"key":"REST"},{"floor":32.0,"key":"REST"},{"floor":40.0,"key":"REST"},{"floor":47.0,"key":"REST"},{"floor":49,"key":"REST"}],"circlet_count":0,"master_deck":["Glacier+1","Cold Snap+1","Chill+1","Loop+1","Coolheaded+1","Loop+1","Redo+1","Consume+1","Leap+1","Blizzard+1","Gash+1","Madness+1","Reinforced Body+1","Loop+1","Steam Power+1"],"relics":["Hammer of Thor","Seething Fire","Anvil of the Gods","Inserter","Letter Opener","Sundial","Bottled Flame","Eternal Feather","Frozen Egg 2","War Paint","Sozu","Cables","Bottled Tornado","Calipers","Centennial Puzzle","Cursed Key","Red Mask","Singing Bowl","Mercury Hourglass","Ancient Tea Set","Nunchaku","Question Card"],"acts_visited":["Exordium","TheCity","TheBeyond"],"potions_floor_usage":[],"damage_taken":[{"damage":4.0,"enemies":"Jaw Worm","floor":1.0,"turns":2.0},{"damage":0.0,"enemies":"2 Louse","floor":4.0,"turns":1.0},{"damage":0.0,"enemies":"Small Slimes","floor":5.0,"turns":3.0},{"damage":4.0,"enemies":"3 Sentries","floor":6.0,"turns":5.0},{"damage":0.0,"enemies":"Exordium Thugs","floor":7.0,"turns":4.0},{"damage":12.0,"enemies":"Gremlin Nob","floor":8.0,"turns":5.0},{"damage":0.0,"enemies":"Looter","floor":10.0,"turns":3.0},{"damage":0.0,"enemies":"Lagavulin","floor":11.0,"turns":10.0},{"damage":0.0,"enemies":"Blue Slaver","floor":12.0,"turns":4.0},{"damage":8.0,"enemies":"3 Sentries","floor":13.0,"turns":13.0},{"damage":4.0,"enemies":"Exordium Wildlife","floor":14.0,"turns":4.0},{"damage":3.0,"enemies":"Hexaghost","floor":16.0,"turns":20.0},{"damage":0.0,"enemies":"3 Byrds","floor":18.0,"turns":10.0},{"damage":0.0,"enemies":"Chosen","floor":20.0,"turns":6.0},{"damage":0.0,"enemies":"3 Cultists","floor":22.0,"turns":5.0},{"damage":0.0,"enemies":"Gremlin Leader","floor":24.0,"turns":15.0},{"damage":6.0,"enemies":"Slavers","floor":27.0,"turns":16.0},{"damage":8.0,"enemies":"Book of Stabbing","floor":30.0,"turns":7.0},{"damage":8.0,"enemies":"Snake Plant","floor":31.0,"turns":4.0},{"damage":0.0,"enemies":"Collector","floor":33.0,"turns":50.0},{"damage":0.0,"enemies":"3 Shapes","floor":35.0,"turns":6.0},{"damage":0.0,"enemies":"Giant Head","floor":41.0,"turns":10.0},{"damage":0.0,"enemies":"Orb Walker","floor":42.0,"turns":6.0},{"damage":0.0,"enemies":"Nemesis","floor":44.0,"turns":15.0},{"damage":0.0,"enemies":"Reptomancer","floor":46.0,"turns":11.0},{"damage":0,"enemies":"Giant Head","floor":48,"turns":11},{"damage":7,"enemies":"Time Eater","floor":50,"turns":17}],"seed_played":"-7242350845414468178","potions_obtained":[{"floor":5.0,"key":"Fire Potion"},{"floor":6.0,"key":"Weak Potion"},{"floor":10.0,"key":"Energy Potion"},{"floor":11.0,"key":"SpeedPotion"},{"floor":13.0,"key":"PowerPotion"},{"floor":16.0,"key":"SmokeBomb"}],"is_trial":false,"path_per_floor":["M","?","$","M","M","E","M","E","T","M","E","M","E","M","R","B",null,"M","?","M","?","M","R","E","?","T","E","?","$","E","M","R","B",null,"M","?","?","?","$","R","E","M","T","E","?","E","R","E","R","B",null],"character_chosen":"DEFECT","items_purchased":["Ball Lightning","Calipers"],"campfire_rested":6,"item_purchase_floors":[3,29],"current_hp_per_floor":[64,39,39,39,39,35,35,23,23,23,23,23,15,11,39,36,65,65,65,65,65,65,75,75,75,75,69,63,63,55,47,75,75,75,75,75,66,66,66,75,75,77,77,79,79,79,79,81,81,74],"gold":124,"neow_bonus":"BOSS_RELIC","is_daily":false,"chose_seed":false,"campfire_upgraded":0,"win_rate":0.0,"timestamp":1611259404,"path_taken":["M","?","$","M","M","E","M","E","T","M","E","M","E","M","R","BOSS","M","?","M","?","M","R","E","?","T","E","?","$","E","M","R","BOSS","M","?","?","?","?","R","E","?","T","E","?","E","R","E","R","BOSS"],"items_purchased_type":["Card","Relic"],"build_version":"2020-12-22","purchased_purges":0,"victory":true,"max_hp_per_floor":[75,75,75,75,75,75,75,75,75,75,75,75,75,75,75,75,75,75,75,75,75,75,75,75,75,75,75,75,75,75,75,75,75,75,75,75,75,75,75,75,75,77,77,79,79,79,79,81,81,81],"card_choices":[{"not_picked":["Go for the Eyes","Tempest","Beam Cell"],"picked":"SKIP","floor":1.0},{"not_picked":["Streamline","Heatsinks"],"picked":"Conserve Battery","floor":4.0},{"not_picked":["Static Discharge","Double Energy"],"picked":"Conserve Battery","floor":5.0},{"not_picked":["BootSequence","Barrage"],"picked":"Glacier","floor":6.0},{"not_picked":["BootSequence","Steam"],"picked":"Gash","floor":7.0},{"not_picked":["Beam Cell","Genetic Algorithm"],"picked":"Cold Snap","floor":8.0},{"not_picked":["Hologram","Chill"],"picked":"Leap","floor":10.0},{"not_picked":["Fusion","Aggregate"],"picked":"Loop+1","floor":11.0},{"not_picked":["Force Field","Scrape","Tempest"],"picked":"SKIP","floor":12.0},{"not_picked":["Sunder","Force Field"],"picked":"Coolheaded","floor":13.0},{"not_picked":["Steam","Rebound"],"picked":"Loop+1","floor":14.0},{"not_picked":["Sweeping Beam","Conserve Battery"],"picked":"Streamline","floor":18.0},{"not_picked":["Conserve Battery","Double Energy"],"picked":"Redo","floor":20.0},{"not_picked":["Coolheaded+1","Turbo"],"picked":"Consume","floor":22.0},{"not_picked":["Compile Driver+1","Ball Lightning+1"],"picked":"Leap+1","floor":24.0},{"not_picked":["Barrage","Force Field+1","Beam Cell"],"picked":"SKIP","floor":27.0},{"not_picked":["Chill","Recycle"],"picked":"Blizzard+1","floor":30.0},{"not_picked":["Chaos","Genetic Algorithm+1"],"picked":"Gash+1","floor":31.0},{"not_picked":["Ball Lightning+1","Blizzard+1","Hologram"],"picked":"SKIP","floor":35.0},{"not_picked":["Streamline","Coolheaded"],"picked":"Reinforced Body+1","floor":41.0},{"not_picked":["Gash","Sweeping Beam+1","Steam+1"],"picked":"Singing Bowl","floor":42.0},{"not_picked":["Sunder+1","Double Energy","Tempest+1"],"picked":"Singing Bowl","floor":44.0},{"not_picked":["Barrage+1","Beam Cell+1"],"picked":"Steam Power","floor":46.0},{"not_picked":["Sweeping Beam+1","Storm+1","Compile Driver+1"],"picked":"Singing Bowl","floor":48}],"player_experience":1260318,"relics_obtained":[{"floor":6.0,"key":"Sundial"},{"floor":8.0,"key":"Bottled Flame"},{"floor":9.0,"key":"Eternal Feather"},{"floor":11.0,"key":"Frozen Egg 2"},{"floor":13.0,"key":"War Paint"},{"floor":26.0,"key":"Cables"},{"floor":27.0,"key":"Bottled Tornado"},{"floor":30.0,"key":"Centennial Puzzle"},{"floor":41.0,"key":"Singing Bowl"},{"floor":43.0,"key":"Mercury Hourglass"},{"floor":44.0,"key":"Ancient Tea Set"},{"floor":46.0,"key":"Nunchaku"},{"floor":48,"key":"Question Card"}],"event_choices":[{"damage_healed":0.0,"max_hp_gain":0.0,"max_hp_loss":0.0,"gold_gain":0.0,"event_name":"Scrap Ooze","player_choice":"Success","floor":2.0,"gold_loss":0.0,"damage_taken":25.0,"relics_obtained":["Letter Opener"]},{"damage_healed":0.0,"max_hp_gain":0.0,"max_hp_loss":0.0,"gold_gain":0.0,"event_name":"Ghosts","player_choice":"Ignored","floor":19.0,"gold_loss":0.0,"damage_taken":0.0},{"damage_healed":0.0,"max_hp_gain":0.0,"max_hp_loss":0.0,"gold_gain":0.0,"event_name":"Vampires","player_choice":"Ignored","floor":21.0,"gold_loss":0.0,"damage_taken":0.0},{"damage_healed":0.0,"max_hp_gain":0.0,"max_hp_loss":0.0,"gold_gain":0.0,"event_name":"The Library","player_choice":"Read","floor":25.0,"gold_loss":0.0,"damage_taken":0.0,"cards_obtained":["Gash"]},{"damage_healed":0.0,"max_hp_gain":0.0,"max_hp_loss":0.0,"gold_gain":0.0,"event_name":"Knowing Skull","player_choice":"","floor":28.0,"potions_obtained":[],"gold_loss":0.0,"damage_taken":6.0,"cards_obtained":[]},{"damage_healed":0.0,"max_hp_gain":0.0,"max_hp_loss":0.0,"gold_gain":0.0,"event_name":"Tomb of Lord Red Mask","player_choice":"Paid","floor":36.0,"gold_loss":384.0,"damage_taken":0.0,"relics_obtained":["Red Mask"]},{"damage_healed":0.0,"max_hp_gain":0.0,"max_hp_loss":0.0,"gold_gain":0.0,"event_name":"Winding Halls","player_choice":"Embrace Madness","floor":37.0,"gold_loss":0.0,"damage_taken":9.0,"cards_obtained":["Madness","Madness"]},{"cards_removed":["Gash"],"damage_healed":0.0,"max_hp_gain":0.0,"max_hp_loss":0.0,"gold_gain":0.0,"event_name":"Falling","player_choice":"Removed Attack","floor":38.0,"gold_loss":0.0,"damage_taken":0.0},{"damage_healed":0.0,"max_hp_gain":0.0,"max_hp_loss":0.0,"gold_gain":0.0,"event_name":"Duplicator","player_choice":"Copied","floor":45.0,"gold_loss":0.0,"damage_taken":0.0,"cards_obtained":["Loop"]}],"is_beta":false,"boss_relics":[{"not_picked":["Pandora\u0027s Box","Runic Pyramid"],"picked":"Sozu"},{"not_picked":["Runic Dome","Snecko Eye"],"picked":"Cursed Key"}],"items_purged_floors":[],"is_endless":false,"potions_floor_spawned":[5,6,10,11,13,16,22,27,30,31,33,41,46],"ascension_level":9}}