{"host":"roto7j7840a50pxh","time":1611222683,"event":{"mods":["Act Like it!","BaseMod","Better Altar","Better Note","Better Sensory Stone","Better Skull","Better Third Choice","BetterRewards","Colored Map","Colored Powertips","Downfall","Hermit","Highlight Path","Hubris","Infinite Spire","Minty Spire (QoL Compilation)","Robot Space Explorer","Shade Mod","Spicy Shops","StSLib","The Cursed","The Dragon Tamer","The Hierophant","The Necromancer","The Runesmith","The Servant 0.9.4","TheVacant"],"gold_per_floor":[117,127,127,140,151,151,163,189,189,201,201,211,211,227,227,331,331,349,364,381,398,398,431,96,131,180,33,33,46,46,94,94,191,191,204,204,217,217,217,217,245,245,245,265,405,405,437,465,465,465],"floor_reached":51,"language":"ENG","playtime":5612,"items_purged":["DTMod:Strike","DTMod:Strike"],"score":1126,"play_id":"981b33ac-1f8b-4f65-9150-a3a01db3c9e7","local_time":"20210121045123","is_ascension_mode":true,"metric_token":1747,"campfire_choices":[{"floor":6.0,"key":"REST"},{"data":"DTMod:Training","floor":11.0,"key":"SMITH"},{"data":"DTMod:CleansingStrike","floor":13.0,"key":"SMITH"},{"data":"DTMod:CleansingStrike","floor":15.0,"key":"SMITH"},{"floor":30.0,"key":"REST"},{"floor":32.0,"key":"REST"},{"data":"Apotheosis","floor":40.0,"key":"SMITH"},{"floor":42.0,"key":"REST"},{"floor":49,"key":"REST"}],"dtmod_dragon_data":[33,50,1,1,12,11],"circlet_count":0,"master_deck":["DTMod:Strike","DTMod:TargetDefense","DTMod:TargetDefense","DTMod:SwitchingTactic","DTMod:HeatWave","DTMod:MasterPlan","DTMod:DeepFocus","DTMod:HeatWave","DTMod:Dissolve","DTMod:DragonDance","DTMod:TagTeam","DTMod:CleansingStrike+1","DTMod:FlameSlash","DTMod:CalculatedDefense","DTMod:Threaten","DTMod:StarRain","DTMod:HeatWave","DTMod:Astonish","DTMod:Training+1","DTMod:MasterPlan","DTMod:Multitask","DTMod:CleansingStrike+1","DTMod:BlazingStrike","DTMod:BlueScale","DTMod:StunTrap","DTMod:ComboAttack","DTMod:Astonish","DTMod:RunningTactic","DTMod:TagTeam","DTMod:Prediction","DTMod:ShieldDrain+1","DTMod:Dissolve","DTMod:ComboAttack","DTMod:SneakAttack","DTMod:MasterPlan+1","DTMod:Hide","DTMod:Safeguard","DTMod:Training+1","DTMod:CrossStep","DTMod:ResonanceForm","DTMod:RunningTactic","Trip","Apotheosis+1","DTMod:ComboAttack+1","infinitespire:Execution","DTMod:TauntingStrike+1","DTMod:CleansingStrike+1","DTMod:BlueScale","Parasite","DTMod:ForkedFire","DTMod:MasterPlan+1"],"relics":["DTMod:PactStone","Lee\u0027s Waffle","Membership Card","infinitespire:WardingShard","DTMod:AncientBone","hubris:VirtuousBlindfold","Bird Faced Urn","DTMod:OddArmor","Calipers","Bag of Marbles","Smiling Mask","Bronze Scales","hubris:TerracottaHorce","hubris:Icosahedron","infinitespire:PuzzleCube","hubris:SlimyHat","CeramicFish","hubris:Towel"],"acts_visited":["Exordium","TheCity","TheBeyond"],"potions_floor_usage":[45,50,50,50],"damage_taken":[{"damage":0.0,"enemies":"2 Louse","floor":1.0,"turns":4.0},{"damage":0.0,"enemies":"Cultist","floor":2.0,"turns":4.0},{"damage":0.0,"enemies":"Jaw Worm","floor":4.0,"turns":5.0},{"damage":24.0,"enemies":"Large Slime","floor":5.0,"turns":7.0},{"damage":0.0,"enemies":"2 Fungi Beasts","floor":7.0,"turns":2.0},{"damage":6.0,"enemies":"Lagavulin","floor":8.0,"turns":7.0},{"damage":0.0,"enemies":"3 Louse","floor":10.0,"turns":3.0},{"damage":0.0,"enemies":"Gremlin Gang","floor":12.0,"turns":2.0},{"damage":0.0,"enemies":"Exordium Thugs","floor":14.0,"turns":3.0},{"damage":1.0,"enemies":"Slime Boss","floor":16.0,"turns":12.0},{"damage":0.0,"enemies":"Chosen","floor":18.0,"turns":7.0},{"damage":0.0,"enemies":"Spheric Guardian","floor":19.0,"turns":4.0},{"damage":0.0,"enemies":"Snecko","floor":20.0,"turns":8.0},{"damage":0.0,"enemies":"Shelled Parasite and Fungi","floor":21.0,"turns":5.0},{"damage":7.0,"enemies":"Gremlin Leader","floor":23.0,"turns":9.0},{"damage":46.0,"enemies":"Nightmare","floor":25.0,"turns":17.0},{"damage":0.0,"enemies":"3 Cultists","floor":29.0,"turns":5.0},{"damage":0.0,"enemies":"Champ","floor":33.0,"turns":13.0},{"damage":0.0,"enemies":"3 Darklings","floor":35.0,"turns":6.0},{"damage":0.0,"enemies":"3 Shapes","floor":37.0,"turns":3.0},{"damage":25.0,"enemies":"Nightmare","floor":41.0,"turns":10.0},{"damage":0.0,"enemies":"Sphere and 2 Shapes","floor":44.0,"turns":6.0},{"damage":0,"enemies":"Giant Head","floor":45,"turns":8},{"damage":16,"enemies":"Writhing Mass","floor":47,"turns":4},{"damage":0,"enemies":"Spire Growth","floor":48,"turns":6},{"damage":39,"enemies":"hubris:GrandSnecko","floor":50,"turns":8}],"seed_played":"-2728669375787757708","potions_obtained":[{"floor":2.0,"key":"Weak Potion"},{"floor":4.0,"key":"Dexterity Potion"},{"floor":8.0,"key":"Swift Potion"},{"floor":23.0,"key":"Dexterity Potion"},{"floor":29.0,"key":"SteroidPotion"},{"floor":33.0,"key":"Weak Potion"},{"floor":41.0,"key":"Dexterity Potion"},{"floor":47,"key":"Dexterity Potion"}],"is_trial":false,"path_per_floor":["M","M","?","M","M","R","M","E","T","M","R","M","R","M","R","B",null,"M","M","M","M","?","E","$","NM","T","$","?","M","R","T","R","B",null,"M","?","M","?","?","R","NM","R","T","M","E","?","M","M","R","B",null],"character_chosen":"THE_DT","items_purchased":["Lee\u0027s Waffle","DTMod:HeatWave","DTMod:MasterPlan","DTMod:DeepFocus","DTMod:HeatWave","DTMod:Dissolve","Membership Card","DTMod:DragonDance","DTMod:TagTeam","DTMod:CleansingStrike","infinitespire:WardingShard","DTMod:FlameSlash","DTMod:Dissolve","DTMod:ComboAttack","DTMod:OddArmor","Calipers","DTMod:SneakAttack","DTMod:Hide","DTMod:Safeguard"],"campfire_rested":5,"item_purchase_floors":[0,0,0,0,0,0,0,0,0,0,0,0,24,24,24,24,24,27,27],"current_hp_per_floor":[52,52,52,52,28,43,43,37,37,37,37,37,37,37,37,36,52,52,52,52,52,52,45,45,7,7,7,7,7,22,22,37,51,52,52,52,52,52,39,39,29,44,44,52,52,52,38,48,52,15],"gold":465,"neow_bonus":"","is_daily":false,"chose_seed":false,"campfire_upgraded":4,"win_rate":0.0,"timestamp":1611222683,"path_taken":["M","M","?","M","M","R","M","E","T","?","R","M","R","M","R","BOSS","M","M","M","?","?","E","$","NM","T","$","?","?","R","?","R","BOSS","M","?","M","?","?","R","NM","R","T","M","E","?","M","M","R","BOSS"],"items_purchased_type":["Relic","Card","Card","Card","Card","Card","Relic","Card","Card","Card","Relic","Card","Card","Card","Relic","Relic","Card","Card","Card"],"build_version":"2020-12-22","purchased_purges":2,"victory":true,"max_hp_per_floor":[52,52,52,52,52,52,52,52,52,52,52,52,52,52,52,52,52,52,52,52,52,52,52,52,52,52,52,52,52,52,52,52,52,52,52,52,52,52,52,52,52,52,52,52,52,52,52,52,52,52],"card_choices":[{"not_picked":["DTMod:Weaken","DTMod:BuildUp"],"picked":"DTMod:StarRain","floor":1.0},{"not_picked":["DTMod:FlameSlash","DTMod:SealedStrike"],"picked":"DTMod:HeatWave","floor":2.0},{"not_picked":["DTMod:FlameSlash","DTMod:BurningEnergy"],"picked":"DTMod:Astonish","floor":4.0},{"not_picked":["DTMod:GearUp","DTMod:LastStand"],"picked":"DTMod:Training","floor":5.0},{"not_picked":["DTMod:Threaten","DTMod:Observe"],"picked":"DTMod:MasterPlan","floor":7.0},{"not_picked":["DTMod:BizarreTactic","DTMod:DragonDance"],"picked":"DTMod:Multitask","floor":8.0},{"not_picked":["DTMod:BreakAttack","DTMod:MagicField"],"picked":"DTMod:CleansingStrike","floor":10.0},{"not_picked":["DTMod:Feint","DTMod:BreakAttack"],"picked":"DTMod:BlazingStrike","floor":12.0},{"not_picked":["DTMod:Dissolve","DTMod:TauntingStrike"],"picked":"DTMod:BlueScale","floor":14.0},{"not_picked":["DTMod:ShadowImage","DTMod:FierySynthesis"],"picked":"DTMod:StunTrap","floor":16.0},{"not_picked":["DTMod:Hide","DTMod:Threaten"],"picked":"DTMod:ComboAttack","floor":18.0},{"not_picked":["DTMod:MagicField","DTMod:DragonDance"],"picked":"DTMod:Astonish","floor":19.0},{"not_picked":["DTMod:Overwhelm","DTMod:LastStand"],"picked":"DTMod:RunningTactic","floor":20.0},{"not_picked":["DTMod:Weaken","DTMod:SneakAttack"],"picked":"DTMod:TagTeam","floor":21.0},{"not_picked":["DTMod:MagicField","DTMod:BuildUp"],"picked":"DTMod:ShieldDrain+1","floor":23.0},{"not_picked":["DTMod:Threaten","DTMod:MagicField+1"],"picked":"DTMod:MasterPlan+1","floor":25.0},{"not_picked":["DTMod:LowKick","DTMod:HeadStart"],"picked":"DTMod:CrossStep","floor":29.0},{"not_picked":["DTMod:Inferno","DTMod:HeadStart"],"picked":"DTMod:ResonanceForm","floor":33.0},{"not_picked":["DTMod:BuildUp+1","DTMod:MagicField"],"picked":"DTMod:RunningTactic","floor":35.0},{"not_picked":["Jack Of All Trades","Secret Weapon"],"picked":"Trip","floor":36.0},{"not_picked":["Purity","Dark Shackles"],"picked":"Apotheosis","floor":36.0},{"not_picked":["DTMod:Weaken+1","DTMod:Coolant+1"],"picked":"DTMod:ComboAttack+1","floor":37.0},{"not_picked":["infinitespire:Oblivion","infinitespire:SealOfDarkness+"],"picked":"infinitespire:Execution","floor":39.0},{"not_picked":["DTMod:BreakAttack","DTMod:BurningEnergy+1"],"picked":"DTMod:TauntingStrike+1","floor":41.0},{"not_picked":["DTMod:HeatWave+1","DTMod:Conduct+1"],"picked":"DTMod:CleansingStrike+1","floor":44.0},{"not_picked":["DTMod:Overwhelm","DTMod:BurningEnergy+1"],"picked":"DTMod:BlueScale","floor":45},{"not_picked":["DTMod:LowKick","DTMod:QuickFly+1"],"picked":"DTMod:ForkedFire","floor":47},{"not_picked":["DTMod:Safeguard","DTMod:BurningEnergy+1"],"picked":"DTMod:MasterPlan+1","floor":48}],"player_experience":1576463,"relics_obtained":[{"floor":8.0,"key":"DTMod:AncientBone"},{"floor":23.0,"key":"Bird Faced Urn"},{"floor":25.0,"key":"Bag of Marbles"},{"floor":26.0,"key":"Smiling Mask"},{"floor":31.0,"key":"Bronze Scales"},{"floor":41.0,"key":"infinitespire:PuzzleCube"},{"floor":43.0,"key":"hubris:SlimyHat"},{"floor":45,"key":"CeramicFish"}],"event_choices":[{"damage_healed":3.0,"max_hp_gain":0.0,"max_hp_loss":0.0,"gold_gain":0.0,"event_name":"betterSkull:BetterSkull","player_choice":"LEAVE ","floor":3.0,"gold_loss":0.0,"damage_taken":0.0,"cards_upgraded":[],"relics_obtained":[]},{"damage_healed":0.0,"max_hp_gain":0.0,"max_hp_loss":0.0,"gold_gain":0.0,"cards_transformed":["DTMod:Strike"],"event_name":"Transmorgrifier","player_choice":"Transformed","floor":22.0,"gold_loss":0.0,"damage_taken":0.0,"cards_obtained":["DTMod:Prediction"]},{"damage_healed":0.0,"max_hp_gain":0.0,"max_hp_loss":0.0,"gold_gain":0.0,"event_name":"Duplicator","player_choice":"Copied","floor":28.0,"gold_loss":0.0,"damage_taken":0.0,"cards_obtained":["DTMod:Training"]},{"damage_healed":0.0,"max_hp_gain":0.0,"max_hp_loss":0.0,"gold_gain":3.0,"event_name":"betterStone:BetterStone","player_choice":"1","floor":36.0,"gold_loss":0.0,"damage_taken":0.0}],"is_beta":false,"boss_relics":[{"not_picked":["hubris:HollowSoul","SacredBark"],"picked":"hubris:VirtuousBlindfold"},{"not_picked":["bronze:MakeshiftBattery","Empty Cage"],"picked":"hubris:TerracottaHorce"}],"items_purged_floors":[24,27],"is_endless":false,"potions_floor_spawned":[2,4,8,10,14,23,29,33,41,47,48],"ascension_level":1}}