{"host":"TheShotgunBoss","time":1611256423,"event":{"mods":["AchievementEnabler","Always Whale","Aspiration","BaseMod","Beaked The Cultist","Colored Map","Colored Powertips","Colorless Booster Pack","Conspire","Downfall","Energized Spire","FetchMod","GifTheSpireLib","Halation","Hubris","Infinite Spire","Jedi Mod","Minty Spire (QoL Compilation)","Poor People Problems","Quick Restart","RNG!","Relic Sorter","SacredBarkPlus","Shop Mod","Spikes Relics","StSLib","Stuff the Spire","The Blue Laboratory","The Construct","Uncapped","Unceasing Turn Reminder","everything is the same but u backflip on backflip","vexMod","??????REMEMod"],"gold_per_floor":[99,116,26,26,38,38,62,96,196,215,230,260,53,63,74,176,176,176,187,23,8,0,0,25,25,35,35,65,76,76,89,105,105,105,105],"floor_reached":33,"language":"ENG","playtime":1664,"items_purged":["Slimebound:Strike_Slimebound"],"score":332,"play_id":"93da38ce-a1c9-4378-862a-39e9d74592fb","local_time":"20210121141343","is_ascension_mode":true,"campfire_choices":[{"data":"Slimebound:Split","floor":1,"key":"SMITH"},{"data":"Slimebound:MinionMaster","floor":18,"key":"SMITH"},{"data":"Slimebound:LeadByExample","floor":23,"key":"SMITH"},{"floor":25,"key":"RECALL"}],"circlet_count":0,"master_deck":["Slimebound:Strike_Slimebound","Slimebound:Strike_Slimebound","Slimebound:Tackle","Slimebound:Defend_Slimebound","Slimebound:Defend_Slimebound+1","Slimebound:Defend_Slimebound","Slimebound:Defend_Slimebound","Slimebound:Split+1","Slimebound:CorrosiveSpit+1","Slimebound:MinionMaster+1","Corpse Explosion","Slimebound:GoopSpray+1","Slimebound:PressTheAttack","Slimebound:LivingWall+1","expansioncontent:StudyTheSpire","Slimebound:PressTheAttack","Slimebound:Teamwork+1","Slimebound:LeadByExample+1","Slimebound:MassRepurpose+1","Slimebound:GoopSpray+1","Slimebound:LevelUp","Slimebound:SlimeSpikes+1","Slimebound:FirmFortitude+1","Master of Strategy+1"],"relics":["Slimebound:AbsorbEndCombat","REME_ComplimentaryCards","hubris:Towel","MealTicket","Toxic Egg 2","StuffTheSpire:Gunfinga","REME_LowDesire","Juzu Bracelet","War Paint","aspiration:Stabinomicon"],"acts_visited":["Exordium","TheCity"],"potions_floor_usage":[28,33],"damage_taken":[{"damage":18,"enemies":"Jaw Worm","floor":2,"turns":5},{"damage":0,"enemies":"downfall:FleeingMerchant","floor":3,"turns":4},{"damage":12,"enemies":"Small Slimes","floor":5,"turns":4},{"damage":20,"enemies":"3 Sentries","floor":8,"turns":6},{"damage":1,"enemies":"Cultist","floor":10,"turns":3},{"damage":20,"enemies":"Exordium Thugs","floor":11,"turns":4},{"damage":16,"enemies":"Lagavulin","floor":12,"turns":8},{"damage":10,"enemies":"downfall:FleeingMerchant","floor":13,"turns":4},{"damage":0,"enemies":"Lots of Slimes","floor":14,"turns":2},{"damage":0,"enemies":"Blue Slaver","floor":15,"turns":4},{"damage":35,"enemies":"WA_ARCHETYPE_RETAIN","floor":16,"turns":8},{"damage":19,"enemies":"3 Byrds","floor":19,"turns":3},{"damage":0,"enemies":"downfall:FleeingMerchant","floor":20,"turns":4},{"damage":0,"enemies":"downfall:FleeingMerchant","floor":21,"turns":4},{"damage":46,"enemies":"3 Cultists","floor":26,"turns":5},{"damage":14,"enemies":"Book of Stabbing","floor":28,"turns":8},{"damage":0,"enemies":"Centurion and Healer","floor":29,"turns":6},{"damage":11,"enemies":"Snake Plant","floor":31,"turns":5},{"damage":0,"enemies":"3 Cultists","floor":32,"turns":3},{"damage":21,"enemies":"IC_MUSHROOM_ARCHETYPE","floor":33,"turns":7}],"seed_played":"-992255255161381262","potions_obtained":[{"floor":2,"key":"blueLaboratory:CorrosionFlask"},{"floor":10,"key":"blueLaboratory:RecallPotion"},{"floor":11,"key":"blueLaboratory:AbyssPotion"},{"floor":14,"key":"Block Potion"},{"floor":19,"key":"Dexterity Potion"},{"floor":29,"key":"AttackPotion"},{"floor":30,"key":"CultistPotion"}],"is_trial":false,"path_per_floor":["R","M","$","?","M","?","T","E","?","M","M","E","$","M","M","B",null,"R","M","$","$","?","R","T","R","M","?","E","M","?","M","M","B"],"character_chosen":"SLIMEBOUND","items_purchased":["Slimebound:LivingWall+1","expansioncontent:StudyTheSpire","Slimebound:MassRepurpose+1"],"campfire_rested":0,"item_purchase_floors":[13,13,20],"current_hp_per_floor":[65,51,59,59,51,51,51,33,33,34,16,8,19,25,29,2,65,65,48,65,65,65,65,65,65,21,21,13,17,17,10,12,0,0,0],"gold":105,"neow_bonus":"ONE_RANDOM_RARE_CARD","is_daily":false,"chose_seed":false,"campfire_upgraded":3,"win_rate":0.0,"timestamp":1611256423,"path_taken":["R","M","$","?","M","?","T","E","?","M","?","E","?","?","M","BOSS","R","M","?","$","?","R","T","R","M","?","E","M","?","M","M","BOSS"],"items_purchased_type":["Card","Card","Card"],"build_version":"2020-12-18","purchased_purges":1,"victory":false,"max_hp_per_floor":[65,65,65,65,65,65,65,65,65,65,65,65,65,65,65,65,65,65,65,65,65,65,65,65,65,65,65,65,65,65,65,65,65,65,65],"card_choices":[{"not_picked":["Slimebound:LeechingTouch","Slimebound:PressTheAttack","Slimebound:Grow"],"picked":"SKIP","floor":2},{"not_picked":["Slimebound:Recollect","Slimebound:GrowthPunch","Slimebound:LivingWall"],"picked":"SKIP","floor":3},{"not_picked":["Slimebound:RainOfGoop","Slimebound:SpikyOuterGoop","Slimebound:RollThrough"],"picked":"SKIP","floor":5},{"not_picked":["Slimebound:Prepare+1","Slimebound:RejuvenatingLick+1","Slimebound:DivideAndConquer"],"picked":"SKIP","floor":8},{"not_picked":["Slimebound:RollThrough","Slimebound:LeechEnergy"],"picked":"Slimebound:GoopSpray+1","floor":10},{"not_picked":["Slimebound:ItLooksTasty","Slimebound:Chomp","Slimebound:ViciousTackle"],"picked":"SKIP","floor":11},{"not_picked":["Slimebound:Prepare+1","Slimebound:DisruptingSlam"],"picked":"Slimebound:PressTheAttack","floor":12},{"not_picked":["Slimebound:Prepare+1","Slimebound:DivideAndConquer","Slimebound:Gluttony"],"picked":"SKIP","floor":13},{"not_picked":["Slimebound:AcidTongue","Slimebound:SplitLeeching+1"],"picked":"Slimebound:PressTheAttack","floor":14},{"not_picked":["Slimebound:SplitAcid+1","Slimebound:PressTheAttack","Slimebound:Gluttony"],"picked":"SKIP","floor":15},{"not_picked":["Slimebound:WasteNot+1","Slimebound:Overexert"],"picked":"Slimebound:Teamwork+1","floor":16},{"not_picked":["Slimebound:Prepare+1","Slimebound:GoopTackle","Enlightenment+1"],"picked":"Slimebound:LeadByExample","floor":19},{"not_picked":["Slimebound:SplitLeeching+1","Slimebound:LeechEnergy","Slimebound:SplitBruiser+1","Panache"],"picked":"SKIP","floor":20},{"not_picked":["Slimebound:GrowthPunch","Slimebound:FinishingTackle+1","Slimebound:GoopSpray+1","Jack Of All Trades+1"],"picked":"SKIP","floor":21},{"not_picked":["Slimebound:Schlurp+1","Slimebound:Prepare+1","Thinking Ahead+1"],"picked":"Slimebound:GoopSpray+1","floor":26},{"not_picked":["Slimebound:SlimeTap+1","Slimebound:SplitBruiser+1","PlatinumSkin+1"],"picked":"Slimebound:LevelUp","floor":28},{"not_picked":["Slimebound:Nibble","Slimebound:TongueLash","Flash of Steel"],"picked":"Slimebound:SlimeSpikes+1","floor":29},{"not_picked":["Slimebound:FinishingTackle+1","Slimebound:GrowthPunch","The Bomb+1"],"picked":"Slimebound:FirmFortitude+1","floor":31},{"not_picked":["Slimebound:GoopTackle+1","Slimebound:ViciousTackle","Slimebound:SpikyOuterGoop"],"picked":"Master of Strategy+1","floor":32}],"player_experience":278931,"relics_obtained":[{"floor":7,"key":"MealTicket"},{"floor":8,"key":"Toxic Egg 2"},{"floor":12,"key":"StuffTheSpire:Gunfinga"},{"floor":17,"key":"Juzu Bracelet"},{"floor":17,"key":"War Paint"},{"floor":28,"key":"aspiration:Stabinomicon"}],"event_choices":[],"is_beta":true,"boss_relics":[{"not_picked":["halation:Risk","conspire:RoyalGoblet"],"picked":"REME_LowDesire"}],"items_purged_floors":[3],"is_endless":false,"potions_floor_spawned":[2,10,11,14,19,26,29,32],"killed_by":"IC_MUSHROOM_ARCHETYPE","ascension_level":2}}