{"host":"7l2t4psy44vpcd9q","time":1611223713,"event":{"mods":["AchievementEnabler","BaseMod","DeckTracker","Minty Spire (QoL Compilation)","SuperFastMode"],"gold_per_floor":[111,36,50,69,69,109,122,122,122,122,122],"floor_reached":10,"language":"KOR","playtime":325,"items_purged":["Decay"],"score":136,"play_id":"a0adc7be-1d57-4337-89cb-305b32df78e3","local_time":"20210121190833","is_ascension_mode":true,"campfire_choices":[],"circlet_count":0,"master_deck":["AscendersBane","Strike_R","Strike_R","Strike_R","Strike_R","Defend_R","Defend_R","Defend_R","Defend_R","Bash","Power Through","Pommel Strike","Perfected Strike","Cleave","Spot Weakness"],"relics":["Burning Blood","Mango","Golden Idol","Tiny Chest","Mummified Hand"],"acts_visited":["Exordium"],"potions_floor_usage":[6,6],"damage_taken":[{"damage":16,"enemies":"Jaw Worm","floor":1,"turns":4},{"damage":10,"enemies":"2 Louse","floor":3,"turns":4},{"damage":9,"enemies":"Small Slimes","floor":4,"turns":6},{"damage":40,"enemies":"3 Sentries","floor":6,"turns":7},{"damage":9,"enemies":"2 Fungi Beasts","floor":7,"turns":3},{"damage":34,"enemies":"Lagavulin","floor":10,"turns":6}],"seed_played":"5389596991201510778","potions_obtained":[{"floor":1,"key":"Fire Potion"},{"floor":3,"key":"Regen Potion"}],"is_trial":false,"path_per_floor":["M","$","M","M","?","E","M","?","T","E"],"character_chosen":"IRONCLAD","items_purchased":[],"campfire_rested":0,"item_purchase_floors":[],"current_hp_per_floor":[72,72,68,65,65,46,43,36,36,2,2],"gold":122,"neow_bonus":"ONE_RARE_RELIC","is_daily":false,"chose_seed":false,"campfire_upgraded":0,"win_rate":0.0,"timestamp":1611223713,"path_taken":["M","$","M","M","?","E","M","?","T","E"],"items_purchased_type":[],"build_version":"2020-12-22","purchased_purges":1,"victory":false,"max_hp_per_floor":[89,89,89,89,81,81,81,81,81,81,81],"card_choices":[{"not_picked":["Sword Boomerang","True Grit"],"picked":"Power Through","floor":1},{"not_picked":["Clash","Searing Blow"],"picked":"Pommel Strike","floor":3},{"not_picked":["Sentinel","Searing Blow"],"picked":"Perfected Strike","floor":4},{"not_picked":["Sever Soul","Sword Boomerang"],"picked":"Cleave","floor":6},{"not_picked":["Berserk","Shockwave"],"picked":"Spot Weakness","floor":7}],"player_experience":1268852,"relics_obtained":[{"floor":6,"key":"Tiny Chest"},{"floor":9,"key":"Mummified Hand"}],"event_choices":[{"damage_healed":0,"gold_gain":0,"player_choice":"Lose Max HP","damage_taken":0,"relics_obtained":["Golden Idol"],"max_hp_gain":0,"max_hp_loss":8,"event_name":"Golden Idol","floor":5,"gold_loss":0},{"cards_removed":["Strike_R"],"damage_healed":0,"gold_gain":0,"player_choice":"Card Removal","damage_taken":7,"max_hp_gain":0,"max_hp_loss":0,"event_name":"Golden Wing","floor":8,"gold_loss":0}],"is_beta":false,"boss_relics":[],"items_purged_floors":[2],"is_endless":false,"potions_floor_spawned":[1,3],"killed_by":"Lagavulin","ascension_level":20}}