{"host":"poshtwjux72eqzmy","time":1611211071,"event":{"mods":["BaseMod","Bestiary","Block Reminder","Highlight Path","Minty Spire (QoL Compilation)","Relic Stats","StSLib","ojb\u0027s Info Mod"],"gold_per_floor":[360,360,69,79,79,79,114,127,127,159,159,218,231,261,261,335,335,349,21,41,53,70,70,105,48,74,349,349,380,380,410,410,488,488,503,519,2,56,56,83,131,162,162,190,190,207,56,91,91,91,91,91,91,10,36,36],"floor_reached":57,"language":"ENG","playtime":6556,"items_purged":["Strike_B","Strike_B"],"score":2934,"play_id":"72a4d11b-fcbe-4dbd-90fb-d93d3f48c7c0","local_time":"20210121083751","is_ascension_mode":true,"campfire_choices":[{"floor":6.0,"key":"REST"},{"data":"Sweeping Beam","floor":11.0,"key":"SMITH"},{"floor":15.0,"key":"REST"},{"data":"Seek","floor":23.0,"key":"SMITH"},{"data":"Fusion","floor":28.0,"key":"SMITH"},{"data":"Reinforced Body","floor":30.0,"key":"SMITH"},{"data":"Biased Cognition","floor":32.0,"key":"SMITH"},{"floor":45.0,"key":"RECALL"},{"data":"Reinforced Body","floor":49.0,"key":"SMITH"},{"data":"Machine Learning","floor":53.0,"key":"SMITH"}],"circlet_count":0,"master_deck":["AscendersBane","Strike_B","Strike_B","Defend_B","Defend_B","Defend_B","Defend_B","Zap+1","Dualcast+1","Tempest+1","Melter","Reinforced Body+1","Seek+1","Sweeping Beam+1","Ball Lightning","Compile Driver","Fusion+1","Machine Learning+1","Self Repair","Rebound+1","Go for the Eyes+1","Loop+1","Reinforced Body+1","Biased Cognition+1","Creative AI","Turbo+1","Hologram+1","Auto Shields+1","Steam Power+1","Coolheaded+1","Electrodynamics","Static Discharge"],"relics":["Cracked Core","Oddly Smooth Stone","Mummified Hand","Anchor","Vajra","Tiny Chest","War Paint","Omamori","Runic Pyramid","Pantograph","Blood Vial","DataDisk","Bronze Scales","Centennial Puzzle","Cursed Key","Toxic Egg 2","Runic Capacitor","StrikeDummy","Mango","Bag of Preparation","Bag of Marbles","Strawberry","Du-Vu Doll"],"acts_visited":["Exordium","TheCity","TheBeyond","TheEnding"],"potions_floor_usage":[56],"damage_taken":[{"damage":7.0,"enemies":"Jaw Worm","floor":1.0,"turns":3.0},{"damage":0.0,"enemies":"Small Slimes","floor":4.0,"turns":2.0},{"damage":16.0,"enemies":"Lagavulin","floor":7.0,"turns":5.0},{"damage":0.0,"enemies":"2 Louse","floor":8.0,"turns":2.0},{"damage":4.0,"enemies":"3 Sentries","floor":10.0,"turns":5.0},{"damage":10.0,"enemies":"3 Sentries","floor":12.0,"turns":6.0},{"damage":0.0,"enemies":"Blue Slaver","floor":13.0,"turns":3.0},{"damage":0.0,"enemies":"Lagavulin","floor":14.0,"turns":5.0},{"damage":12.0,"enemies":"Hexaghost","floor":16.0,"turns":9.0},{"damage":0.0,"enemies":"Chosen","floor":18.0,"turns":3.0},{"damage":0.0,"enemies":"Spheric Guardian","floor":20.0,"turns":1.0},{"damage":8.0,"enemies":"Cultist and Chosen","floor":21.0,"turns":6.0},{"damage":4.0,"enemies":"3 Cultists","floor":22.0,"turns":4.0},{"damage":2.0,"enemies":"Slavers","floor":24.0,"turns":3.0},{"damage":6.0,"enemies":"Gremlin Leader","floor":29.0,"turns":4.0},{"damage":32.0,"enemies":"Slavers","floor":31.0,"turns":4.0},{"damage":50.0,"enemies":"Automaton","floor":33.0,"turns":9.0},{"damage":7.0,"enemies":"3 Shapes","floor":35.0,"turns":4.0},{"damage":0.0,"enemies":"Orb Walker","floor":36.0,"turns":3.0},{"damage":4.0,"enemies":"Nemesis","floor":40.0,"turns":5.0},{"damage":28.0,"enemies":"2 Orb Walkers","floor":41.0,"turns":4.0},{"damage":4.0,"enemies":"Giant Head","floor":42.0,"turns":7.0},{"damage":3.0,"enemies":"Reptomancer","floor":44.0,"turns":6.0},{"damage":1.0,"enemies":"Jaw Worm Horde","floor":46.0,"turns":3.0},{"damage":0.0,"enemies":"Giant Head","floor":48.0,"turns":6.0},{"damage":10.0,"enemies":"Donu and Deca","floor":50.0,"turns":8.0},{"damage":55.0,"enemies":"Awakened One","floor":51.0,"turns":19.0},{"damage":8.0,"enemies":"Shield and Spear","floor":55.0,"turns":4.0},{"damage":83,"enemies":"The Heart","floor":56,"turns":11}],"seed_played":"2888733406325339358","potions_obtained":[{"floor":7.0,"key":"Explosive Potion"},{"floor":12.0,"key":"DistilledChaos"},{"floor":13.0,"key":"SpeedPotion"},{"floor":22.0,"key":"PowerPotion"},{"floor":29.0,"key":"EntropicBrew"},{"floor":33.0,"key":"GamblersBrew"},{"floor":40.0,"key":"Strength Potion"},{"floor":42.0,"key":"ColorlessPotion"},{"floor":44.0,"key":"Strength Potion"},{"floor":46.0,"key":"SpeedPotion"}],"is_trial":false,"path_per_floor":["M","?","$","M","?","R","E","M","T","E","R","?","M","E","R","B",null,"M","$","M","M","M","R","E","$","T","?","R","E","R","E","R","B",null,"M","M","$","T","?","E","?","E","T","E","R","M","$","E","R","B","B",null,"R","$","E","B",null],"character_chosen":"DEFECT","items_purchased":["Oddly Smooth Stone","FocusPotion","Melter","Pantograph","FocusPotion","PowerPotion","Toxic Egg 2","Runic Capacitor","Coolheaded+1","LiquidMemories"],"campfire_rested":2,"item_purchase_floors":[3,3,3,19,19,25,37,37,47,54],"current_hp_per_floor":[39,39,39,39,13,34,18,18,18,14,14,4,4,4,25,13,57,57,57,57,56,59,59,64,64,64,64,64,71,71,46,46,28,60,62,71,71,71,71,71,64,69,69,75,75,83,83,92,92,89,44,80,80,80,81,16],"gold":36,"neow_bonus":"TWO_FIFTY_GOLD","is_daily":false,"chose_seed":false,"campfire_upgraded":7,"win_rate":0.0,"timestamp":1611211071,"path_taken":["M","?","$","M","?","R","E","M","T","E","R","?","M","E","R","BOSS","M","$","M","M","M","R","E","$","T","?","R","E","R","E","R","BOSS","M","?","$","?","?","E","?","E","T","E","R","M","?","E","R","BOSS","BOSS","R","$","E","BOSS"],"items_purchased_type":["Relic","Potion","Card","Relic","Potion","Potion","Relic","Relic","Card","Potion"],"build_version":"2020-12-22","purchased_purges":2,"victory":true,"max_hp_per_floor":[71,71,71,71,71,71,71,71,71,71,71,71,71,71,71,71,71,71,71,71,71,71,71,71,71,71,71,71,71,71,71,71,71,71,71,71,71,71,71,71,85,85,85,85,85,85,85,92,92,92,92,92,92,92,92,92],"relic_stats":{"Blood Vial":22,"Centennial Puzzle":[32],"counters":[29,154],"Mummified Hand":[133],"Pantograph":33,"Bronze Scales":[444],"Tiny Chest":1,"Bag of Preparation":[14],"War Paint":["Dualcast","Zap"],"Cursed Key":1,"obtain_stats":[{"Oddly Smooth Stone":3,"Vajra":9,"Mango":41,"Omamori":14,"Runic Capacitor":37,"Bag of Preparation":42,"War Paint":12,"Cursed Key":34,"Blood Vial":24,"Du-Vu Doll":55,"Anchor":7,"DataDisk":26,"Centennial Puzzle":31,"Mummified Hand":5,"Pantograph":19,"Bronze Scales":29,"Strawberry":48,"Tiny Chest":10,"Bag of Marbles":44,"Toxic Egg 2":37,"Cracked Core":0,"StrikeDummy":40,"Runic Pyramid":17},{"Oddly Smooth Stone":1,"Vajra":4,"Mango":21,"Omamori":8,"Runic Capacitor":19,"Bag of Preparation":22,"War Paint":6,"Cursed Key":17,"Blood Vial":14,"Du-Vu Doll":28,"Anchor":3,"DataDisk":14,"Centennial Puzzle":16,"Mummified Hand":2,"Pantograph":10,"Bronze Scales":15,"Strawberry":25,"Tiny Chest":5,"Bag of Marbles":23,"Toxic Egg 2":19,"Cracked Core":0,"StrikeDummy":20,"Runic Pyramid":9},{"Oddly Smooth Stone":3,"Vajra":12,"Mango":90,"Omamori":31,"Runic Capacitor":81,"Bag of Preparation":97,"War Paint":23,"Cursed Key":74,"Blood Vial":57,"Du-Vu Doll":143,"Anchor":10,"DataDisk":57,"Centennial Puzzle":65,"Mummified Hand":5,"Pantograph":43,"Bronze Scales":61,"Strawberry":112,"Tiny Chest":17,"Bag of Marbles":103,"Toxic Egg 2":81,"Cracked Core":0,"StrikeDummy":86,"Runic Pyramid":40}]},"card_choices":[{"not_picked":["Coolheaded","Conserve Battery"],"picked":"Tempest","floor":1.0},{"not_picked":["Go for the Eyes","Coolheaded"],"picked":"Reinforced Body","floor":4.0},{"not_picked":["White Noise","Conserve Battery"],"picked":"Seek","floor":7.0},{"not_picked":["Coolheaded","Go for the Eyes"],"picked":"Sweeping Beam","floor":8.0},{"not_picked":["Scrape","Compile Driver"],"picked":"Ball Lightning","floor":10.0},{"not_picked":["Steam Power","Redo"],"picked":"Undo","floor":12.0},{"not_picked":["Conserve Battery","Meteor Strike"],"picked":"Compile Driver","floor":13.0},{"not_picked":["Cold Snap","Go for the Eyes"],"picked":"Fusion","floor":14.0},{"not_picked":["Amplify","Fission"],"picked":"Machine Learning","floor":16.0},{"not_picked":["Go for the Eyes","Compile Driver"],"picked":"Self Repair","floor":18.0},{"not_picked":["Coolheaded","Glacier"],"picked":"Rebound+1","floor":20.0},{"not_picked":["Hello World","Turbo"],"picked":"Go for the Eyes+1","floor":21.0},{"not_picked":["Turbo","Genetic Algorithm"],"picked":"Loop+1","floor":22.0},{"not_picked":["Cold Snap","Gash","Go for the Eyes"],"picked":"SKIP","floor":24.0},{"not_picked":["Ball Lightning","Sweeping Beam+1"],"picked":"Reinforced Body","floor":29.0},{"not_picked":["Leap","Barrage"],"picked":"Biased Cognition","floor":31.0},{"not_picked":["Rainbow","All For One"],"picked":"Creative AI","floor":33.0},{"not_picked":["Rebound","Fusion","Turbo"],"picked":"SKIP","floor":35.0},{"not_picked":["Coolheaded","Scrape","Steam"],"picked":"SKIP","floor":36.0},{"not_picked":["Sunder+1","Tempest+1"],"picked":"Turbo+1","floor":40.0},{"not_picked":["Go for the Eyes","Conserve Battery+1"],"picked":"Hologram+1","floor":42.0},{"not_picked":["Conserve Battery+1","Sweeping Beam"],"picked":"Auto Shields+1","floor":44.0},{"not_picked":["Conserve Battery+1","Static Discharge+1"],"picked":"Steam Power+1","floor":46.0},{"not_picked":["Cold Snap","Compile Driver+1"],"picked":"Electrodynamics","floor":48.0},{"not_picked":["Rebound","Genetic Algorithm+1"],"picked":"Static Discharge","floor":55.0}],"player_experience":1081823,"relics_obtained":[{"floor":7.0,"key":"Anchor"},{"floor":9.0,"key":"Vajra"},{"floor":10.0,"key":"Tiny Chest"},{"floor":12.0,"key":"War Paint"},{"floor":14.0,"key":"Omamori"},{"floor":24.0,"key":"Blood Vial"},{"floor":26.0,"key":"DataDisk"},{"floor":29.0,"key":"Bronze Scales"},{"floor":31.0,"key":"Centennial Puzzle"},{"floor":40.0,"key":"StrikeDummy"},{"floor":41.0,"key":"Mango"},{"floor":42.0,"key":"Bag of Preparation"},{"floor":44.0,"key":"Bag of Marbles"},{"floor":48.0,"key":"Strawberry"},{"floor":55.0,"key":"Du-Vu Doll"}],"event_choices":[{"damage_healed":0.0,"max_hp_gain":0.0,"max_hp_loss":0.0,"gold_gain":0.0,"event_name":"Living Wall","player_choice":"Grow","floor":2.0,"gold_loss":0.0,"damage_taken":0.0,"cards_upgraded":["Tempest"]},{"damage_healed":0.0,"max_hp_gain":0.0,"max_hp_loss":0.0,"gold_gain":0.0,"event_name":"Scrap Ooze","player_choice":"Success","floor":5.0,"gold_loss":0.0,"damage_taken":26.0,"relics_obtained":["Mummified Hand"]},{"damage_healed":0.0,"max_hp_gain":0.0,"max_hp_loss":0.0,"gold_gain":30.0,"event_name":"Dead Adventurer","player_choice":"Searched \u00273\u0027 times","floor":12.0,"gold_loss":0.0,"damage_taken":0.0},{"damage_healed":0.0,"max_hp_gain":0.0,"max_hp_loss":0.0,"gold_gain":275.0,"event_name":"Golden Shrine","player_choice":"Desecrate","floor":27.0,"gold_loss":0.0,"damage_taken":0.0,"cards_obtained":["Regret"]},{"cards_removed":["Undo"],"damage_healed":0.0,"max_hp_gain":0.0,"max_hp_loss":0.0,"gold_gain":0.0,"event_name":"Falling","player_choice":"Removed Skill","floor":39.0,"gold_loss":0.0,"damage_taken":0.0},{"damage_healed":0.0,"max_hp_gain":0.0,"max_hp_loss":0.0,"gold_gain":0.0,"event_name":"Mysterious Sphere","player_choice":"Fight","floor":41.0,"gold_loss":0.0,"damage_taken":0.0}],"is_beta":false,"boss_relics":[{"not_picked":["Busted Crown","FrozenCore"],"picked":"Runic Pyramid"},{"not_picked":["Calling Bell","Nuclear Battery"],"picked":"Cursed Key"}],"items_purged_floors":[37,47],"is_endless":false,"potions_floor_spawned":[7,12,13,22,29,33,40,42,44,46,48,55],"ascension_level":20}}