{"host":"07w92xc562nr1xn4","time":1611200926,"event":{"mods":["BaseMod","Colored Map","Colored Powertips","Minty Spire (QoL Compilation)","Quick Restart","Replay The Spire","StSLib"],"gold_per_floor":[115,129,142,158,171,196,196,161,161,223,223,223,238,266,266,40,40,142,142,157,173,25,25,37,62,62,93,93,118,130,159,191,191,191,290,290,308,530,176,189,203,203,230,230,230,230,230,75,75,95,95,95,95,95,15,40,40,40],"floor_reached":57,"language":"ENG","playtime":3361,"items_purged":["Defend_B","Strike_B"],"score":1121,"play_id":"2932ce42-f0b3-42bc-bb7b-42a10b917213","local_time":"20210120224846","is_ascension_mode":true,"campfire_choices":[{"data":"Rip and Tear","floor":7.0,"key":"SMITH"},{"data":"Beam Cell","floor":15.0,"key":"SMITH"},{"data":"Panic Button","floor":17.0,"key":"SMITH"},{"data":"FTL","floor":34.0,"key":"SMITH"},{"data":"Seek","floor":42.0,"key":"SMITH"},{"floor":46,"key":"RECALL"},{"data":"Jack Of All Trades","floor":49,"key":"SMITH"},{"data":"Static Discharge","floor":51,"key":"SMITH"},{"data":"Dualcast","floor":54,"key":"SMITH"}],"circlet_count":0,"master_deck":["Zap","Dualcast+1","Rip and Tear+1","Melter","Cold Snap","Doom and Gloom","Steam","Panic Button+1","Beam Cell+1","FTL+1","All For One+1","Gash","Self Repair","Sweeping Beam","Leap","Gash","Coolheaded+1","Auto Shields+1","Gash+1","Seek+1","Rip and Tear+1","Beam Cell+1","Panic Button","Core Surge+1","Stack","Conserve Battery","Static Discharge+1","Leap","Chill+1","Rebound+1","Jack Of All Trades+1","Steam Power","Go for the Eyes+1"],"relics":["Cracked Core","Replay:Baseball","Replay:Mystery Machine","StrikeDummy","Kunai","Vajra","Lee\u0027s Waffle","SlaversCollar","Anchor","Lantern","Molten Egg 2","ReplayTheSpireMod:Shallot","Strawberry","Red Mask","Pandora\u0027s Box","Gremlin Horn","Centennial Puzzle","DataDisk","Du-Vu Doll"],"acts_visited":["Exordium","TheCity","TheBeyond","TheEnding"],"potions_floor_usage":[43,52,57,57],"damage_taken":[{"damage":1.0,"enemies":"Jaw Worm","floor":1.0,"turns":3.0},{"damage":1.0,"enemies":"2 Louse","floor":2.0,"turns":2.0},{"damage":10.0,"enemies":"Small Slimes","floor":3.0,"turns":3.0},{"damage":11.0,"enemies":"Exordium Thugs","floor":4.0,"turns":3.0},{"damage":12.0,"enemies":"Exordium Wildlife","floor":5.0,"turns":4.0},{"damage":6.0,"enemies":"Gremlin Nob","floor":6.0,"turns":3.0},{"damage":14.0,"enemies":"Gremlin Nob","floor":10.0,"turns":3.0},{"damage":1.0,"enemies":"3 Louse","floor":13.0,"turns":2.0},{"damage":1.0,"enemies":"Replay:BlueRogue","floor":14.0,"turns":4.0},{"damage":0.0,"enemies":"Slime Boss","floor":18.0,"turns":4.0},{"damage":0.0,"enemies":"Spheric Guardian","floor":20.0,"turns":2.0},{"damage":4.0,"enemies":"Shell Parasite","floor":21.0,"turns":3.0},{"damage":8.0,"enemies":"Chosen and Byrds","floor":24.0,"turns":4.0},{"damage":20.0,"enemies":"Gremlin Leader","floor":25.0,"turns":7.0},{"damage":0.0,"enemies":"Slavers","floor":27.0,"turns":5.0},{"damage":0.0,"enemies":"Gremlin Leader","floor":29.0,"turns":5.0},{"damage":0.0,"enemies":"Snecko","floor":30.0,"turns":4.0},{"damage":6.0,"enemies":"Book of Stabbing","floor":31.0,"turns":4.0},{"damage":11.0,"enemies":"Masked Bandits","floor":32.0,"turns":3.0},{"damage":2.0,"enemies":"Pondfish","floor":35.0,"turns":9.0},{"damage":0.0,"enemies":"Orb Walker","floor":37.0,"turns":2.0},{"damage":0.0,"enemies":"3 Shapes","floor":40.0,"turns":3.0},{"damage":16.0,"enemies":"Writhing Mass","floor":41.0,"turns":4.0},{"damage":21,"enemies":"Nemesis","floor":43,"turns":7},{"damage":4,"enemies":"3 Darklings","floor":50,"turns":3},{"damage":17,"enemies":"Donu and Deca","floor":52,"turns":7},{"damage":12,"enemies":"Shield and Spear","floor":56,"turns":5},{"damage":102,"enemies":"The Heart","floor":57,"turns":5}],"seed_played":"7596572031424660228","potions_obtained":[{"floor":1.0,"key":"SteroidPotion"},{"floor":2.0,"key":"BlessingOfTheForge"},{"floor":5.0,"key":"Toxic Potion"},{"floor":10.0,"key":"BlessingOfTheForge"},{"floor":14.0,"key":"Block Potion"},{"floor":21.0,"key":"SkillPotion"},{"floor":31.0,"key":"Energy Potion"},{"floor":32.0,"key":"BlessingOfTheForge"},{"floor":50,"key":"Adrenaline Potion"}],"is_trial":false,"path_per_floor":["M","M","M","M","M","E","R","?","T","?","PTL","PTL","M","E","R","$","R","B",null,"M","M","$","?","M","E","$","E","T","E","M","E","?","?","R","B",null,"M","?","$","M","M","R","E","?","T","R","?","$","R","M","R","B",null,"R","$","E","B"],"character_chosen":"DEFECT","items_purchased":["Lee\u0027s Waffle","Sweeping Beam","Conserve Battery","Gremlin Horn","Static Discharge","DataDisk","Steam Power"],"campfire_rested":0,"item_purchase_floors":[16,22,39,39,39,48,55],"current_hp_per_floor":[74,73,63,52,40,34,34,52,52,38,38,38,37,36,36,82,82,82,82,82,78,78,78,77,64,64,74,74,81,81,89,78,78,78,83,89,89,89,89,89,80,80,66,66,66,66,66,66,66,62,62,52,89,89,89,77,0,0],"gold":40,"neow_bonus":"RANDOM_COMMON_RELIC","is_daily":false,"chose_seed":false,"campfire_upgraded":8,"win_rate":0.0,"timestamp":1611200926,"path_taken":["M","M","M","M","M","E","R","?","T","?","PTL","PTL","M","E","R","$","R","BOSS","M","M","$","?","M","E","?","E","T","E","?","E","?","?","R","BOSS","M","?","$","M","M","R","E","?","T","R","?","?","R","M","R","BOSS","R","$","E","BOSS"],"items_purchased_type":["Relic","Card","Card","Relic","Card","Relic","Card"],"build_version":"2020-12-22","purchased_purges":2,"victory":false,"max_hp_per_floor":[75,75,75,75,75,75,75,75,75,75,75,75,75,75,75,82,82,82,82,82,82,82,82,82,82,82,82,82,82,82,89,89,89,89,89,89,89,89,89,89,89,89,89,89,89,89,89,89,89,89,89,89,89,89,89,89,89,89],"card_choices":[{"not_picked":["Stack","Panic Button"],"picked":"Rip and Tear","floor":1.0},{"not_picked":["Tempest","Streamline"],"picked":"Melter","floor":2.0},{"not_picked":["Compile Driver","Hologram"],"picked":"Cold Snap","floor":3.0},{"not_picked":["Force Field","ReplayRNGCard","Streamline"],"picked":"SKIP","floor":4.0},{"not_picked":["Hologram","Redo"],"picked":"Doom and Gloom","floor":5.0},{"not_picked":["ReplayGash","Gash"],"picked":"Steam","floor":6.0},{"not_picked":["Go for the Eyes","Compile Driver"],"picked":"Panic Button","floor":10.0},{"not_picked":["Streamline","Turbo"],"picked":"Beam Cell","floor":13.0},{"not_picked":["Redo","Reprogram"],"picked":"FTL","floor":14.0},{"not_picked":["Multi-Cast","Creative AI"],"picked":"All For One","floor":18.0},{"not_picked":["Hologram","Stack"],"picked":"Gash","floor":20.0},{"not_picked":["Gash","Sunder+1"],"picked":"Self Repair","floor":21.0},{"not_picked":["Auto Shields","Multi-Cast"],"picked":"Leap","floor":24.0},{"not_picked":["Static Discharge","Scrape+1"],"picked":"Gash","floor":25.0},{"not_picked":["Compile Driver+1","Blizzard+1"],"picked":"Coolheaded+1","floor":27.0},{"not_picked":["Ball Lightning+1","Steam","FIFO Queue"],"picked":"SKIP","floor":29.0},{"not_picked":["FIFO Queue","ReplayTheSpireMod:Reroute Power","Hyperbeam+1"],"picked":"SKIP","floor":30.0},{"not_picked":["ReplayTheSpireMod:GoodbyeWorld","Rainbow"],"picked":"Auto Shields+1","floor":31.0},{"not_picked":["Cold Snap+1","Go for the Eyes+1"],"picked":"Gash+1","floor":32.0},{"not_picked":["Amplify","Meteor Strike+1"],"picked":"Seek","floor":35.0},{"not_picked":["Barrage+1","Turbo+1","Sweeping Beam+1"],"picked":"SKIP","floor":37.0},{"not_picked":["Compile Driver+1","Streamline+1"],"picked":"Leap","floor":40.0},{"not_picked":["Force Field","Coolheaded"],"picked":"Chill+1","floor":41.0},{"not_picked":["Loop+1","Hello World+1"],"picked":"Rebound+1","floor":43},{"not_picked":["Replay:BasicMightCard","Poisoned Strike+1"],"picked":"Jack Of All Trades","floor":44},{"not_picked":["Compile Driver+1","Sweeping Beam+1","Scrape+1"],"picked":"SKIP","floor":50},{"not_picked":["Redo+1","Undo+1"],"picked":"Go for the Eyes+1","floor":56}],"player_experience":614671,"relics_obtained":[{"floor":6.0,"key":"Replay:Mystery Machine"},{"floor":9.0,"key":"StrikeDummy"},{"floor":10.0,"key":"Kunai"},{"floor":14.0,"key":"Vajra"},{"floor":25.0,"key":"Anchor"},{"floor":27.0,"key":"Lantern"},{"floor":28.0,"key":"Molten Egg 2"},{"floor":29.0,"key":"ReplayTheSpireMod:Shallot"},{"floor":31.0,"key":"Strawberry"},{"floor":32.0,"key":"Red Mask"},{"floor":43,"key":"Centennial Puzzle"},{"floor":56,"key":"Du-Vu Doll"}],"event_choices":[{"damage_healed":18.0,"max_hp_gain":0.0,"max_hp_loss":0.0,"gold_gain":0.0,"event_name":"The Cleric","player_choice":"Healed","floor":8.0,"gold_loss":35.0,"damage_taken":0.0},{"damage_healed":0.0,"max_hp_gain":0.0,"max_hp_loss":0.0,"gold_gain":0.0,"event_name":"Dead Adventurer","player_choice":"Searched \u00271\u0027 times","floor":10.0,"gold_loss":0.0,"damage_taken":0.0},{"cards_removed":["Strike_B"],"damage_healed":0.0,"max_hp_gain":0.0,"max_hp_loss":0.0,"gold_gain":0.0,"event_name":"Bonfire Elementals","player_choice":"Offered Basic","floor":23.0,"gold_loss":0.0,"damage_taken":0.0},{"damage_healed":0.0,"max_hp_gain":0.0,"max_hp_loss":0.0,"gold_gain":0.0,"event_name":"Masked Bandits","player_choice":"Fought Bandits","floor":32.0,"gold_loss":0.0,"damage_taken":0.0},{"damage_healed":0.0,"max_hp_gain":0.0,"max_hp_loss":0.0,"gold_gain":0.0,"event_name":"Upgrade Shrine","player_choice":"Upgraded","floor":33.0,"gold_loss":0.0,"damage_taken":0.0,"cards_upgraded":["All For One"]},{"damage_healed":0.0,"max_hp_gain":0.0,"max_hp_loss":0.0,"gold_gain":222.0,"event_name":"Tomb of Lord Red Mask","player_choice":"Wore Mask","floor":38.0,"gold_loss":0.0,"damage_taken":0.0},{"damage_healed":0,"gold_gain":0,"player_choice":"Memory 1","damage_taken":0,"max_hp_gain":0,"max_hp_loss":0,"event_name":"SensoryStone","floor":44,"gold_loss":0}],"is_beta":false,"boss_relics":[{"not_picked":["Fusion Hammer","Cursed Key"],"picked":"SlaversCollar"},{"not_picked":["Busted Crown","Snecko Eye"],"picked":"Pandora\u0027s Box"}],"items_purged_floors":[16,22],"is_endless":false,"potions_floor_spawned":[1,2,5,10,14,21,25,31,32,40,50],"killed_by":"The Heart","ascension_level":1}}