{"host":"m1hsm1cztz438mir","time":1611187704,"event":{"mods":["2.2 Compatiblity","AchievementEnabler","Act Like it!","Aspiration","BaseMod","Better Altar","Better Match","Better Sensory Stone","Better Skull","Better Third Choice","Colored Map","Conjunction","Curses Come First","Halation","Minty Spire (QoL Compilation)","Permanent Neow","Relic Stats","Replay The Spire","Shop Mod","StSLib"],"gold_per_floor":[118,137,154,40,10,10,37,37,37,62,62,96,96,110,110,215,215,226,226,226,92,111,138,138,149,174,174,191,221,221,237,237,237,237],"floor_reached":33,"language":"ENG","playtime":2805,"items_purged":["Defend_G","ReplayTheSpireMod:Doomed"],"score":426,"play_id":"b114ed03-0ab6-4bbe-a52c-095b6af10eed","local_time":"20210121000824","is_ascension_mode":true,"campfire_choices":[{"data":"Dash","floor":6,"key":"SMITH"},{"data":"Tactician","floor":8,"key":"SMITH"},{"floor":15,"key":"REST"},{"data":"ReplayUltimateDefense","floor":24,"key":"SMITH"},{"floor":30,"key":"REST"},{"data":"Prepared","floor":32,"key":"SMITH"}],"circlet_count":0,"master_deck":["Strike_G","Strike_G","Strike_G","Strike_G+1","Defend_G+1","Defend_G","Defend_G","Defend_G","Survivor","Neutralize","Replay:Bootleg Shield Generator","Backflip","Dash+1","Dagger Throw","Fluid Movement","Prepared+1","Tactician+1","Deadly Poison","Underhanded Strike+1","Phantasmal Killer","Fluid Movement","Dramatic Entrance+1","ReplayUltimateDefense+1","PiercingWail+1","Prepared+1","Underhanded Strike+1","Prepared","J.A.X.","ReplayTheSpireMod:The Works"],"relics":["Ring of the Snake","halation:BlackBeret","Molten Egg 2","Simple Rune","Strawberry","Replay:Accelerometer","halation:Trompette","Replay:Bronze Core","Pet Ghost","Omamori","ReplayTheSpireMod:Lightbulb","HornCleat"],"acts_visited":["Exordium","TheCity"],"potions_floor_usage":[7,12,16,31,33,33,33],"damage_taken":[{"damage":8,"enemies":"Small Slimes","floor":1,"turns":5},{"damage":0,"enemies":"2 Louse","floor":2,"turns":3},{"damage":0,"enemies":"Cultist","floor":3,"turns":4},{"damage":1,"enemies":"Looter","floor":5,"turns":4},{"damage":0,"enemies":"Lagavulin","floor":7,"turns":9},{"damage":10,"enemies":"3 Sentries","floor":10,"turns":12},{"damage":1,"enemies":"Gremlin Nob","floor":12,"turns":4},{"damage":9,"enemies":"Gremlin Gang","floor":14,"turns":6},{"damage":13,"enemies":"The Guardian","floor":16,"turns":10},{"damage":0,"enemies":"Chosen","floor":18,"turns":5},{"damage":1,"enemies":"3 Byrds","floor":22,"turns":5},{"damage":29,"enemies":"Gremlin Leader","floor":23,"turns":7},{"damage":0,"enemies":"Snecko","floor":25,"turns":6},{"damage":3,"enemies":"Snake Plant","floor":28,"turns":4},{"damage":22,"enemies":"Book of Stabbing","floor":29,"turns":8},{"damage":6,"enemies":"Centurion and Healer","floor":31,"turns":8},{"damage":46,"enemies":"Automaton","floor":33,"turns":6}],"seed_played":"3335774520634319291","potions_obtained":[{"floor":1,"key":"BlessingOfTheForge"},{"floor":7,"key":"Languid Potion"},{"floor":12,"key":"Strength Potion"},{"floor":14,"key":"CultistPotion"},{"floor":22,"key":"Elixir"},{"floor":29,"key":"Conjunction:LightningMarble"},{"floor":31,"key":"Dexterity Potion"}],"is_trial":false,"path_per_floor":["M","M","M","$","M","R","E","R","T","E","?","E","?","M","R","B",null,"M","?","?","$","M","E","R","M","T","?","M","E","R","M","R","B"],"character_chosen":"THE_SILENT","items_purchased":["Fluid Movement","PiercingWail+1"],"campfire_rested":2,"item_purchase_floors":[4,21],"current_hp_per_floor":[55,55,55,55,54,54,54,54,54,44,44,50,35,26,49,36,67,67,67,67,67,66,37,37,37,37,37,34,12,35,29,29,0,0],"gold":237,"neow_bonus":"RANDOM_COLORLESS","is_daily":false,"chose_seed":false,"campfire_upgraded":4,"win_rate":0.0,"timestamp":1611187704,"path_taken":["M","M","M","$","M","R","E","R","T","E","?","E","?","M","R","BOSS","M","?","?","$","M","E","R","M","T","?","M","E","R","M","R","BOSS"],"items_purchased_type":["Card","Card"],"build_version":"2020-12-22","purchased_purges":2,"victory":false,"max_hp_per_floor":[70,70,70,70,70,70,70,70,70,70,70,77,77,77,77,77,77,77,77,77,77,77,77,77,77,77,77,77,77,77,77,77,77,77],"relic_stats":{"counters":[17,106],"obtain_stats":[{"halation:BlackBeret":7,"Replay:Accelerometer":13,"HornCleat":29,"Strawberry":12,"Replay:Bronze Core":17,"Molten Egg 2":9,"Simple Rune":10,"Omamori":23,"ReplayTheSpireMod:Lightbulb":26,"halation:Trompette":13,"Pet Ghost":20,"Ring of the Snake":0},{"halation:BlackBeret":5,"Replay:Accelerometer":7,"HornCleat":15,"Strawberry":7,"Replay:Bronze Core":9,"Molten Egg 2":5,"Simple Rune":6,"Omamori":12,"ReplayTheSpireMod:Lightbulb":13,"halation:Trompette":7,"Pet Ghost":10,"Ring of the Snake":0},{"halation:BlackBeret":25,"Replay:Accelerometer":41,"HornCleat":92,"Strawberry":41,"Replay:Bronze Core":57,"Molten Egg 2":25,"Simple Rune":37,"Omamori":74,"ReplayTheSpireMod:Lightbulb":80,"halation:Trompette":41,"Pet Ghost":62,"Ring of the Snake":0}],"Ring of the Snake":[34]},"card_choices":[{"not_picked":["Purity","Deep Breath"],"picked":"Replay:Bootleg Shield Generator","floor":0},{"not_picked":["Deflect","Accuracy"],"picked":"Backflip","floor":1},{"not_picked":["Hidden Blade","Quick Slash"],"picked":"Dash","floor":2},{"not_picked":["Hidden Blade","Poisoned Stab"],"picked":"Dagger Throw","floor":3},{"not_picked":["Slice","ReplayTheSpireMod:Shiv Toss"],"picked":"Prepared","floor":5},{"not_picked":["Venomology","Fluid Movement"],"picked":"Tactician","floor":7},{"not_picked":["Quick Slash+1","Slice+1"],"picked":"Deadly Poison","floor":10},{"not_picked":["Bouncing Flask","Corpse Explosion","Cloak And Dagger"],"picked":"SKIP","floor":12},{"not_picked":["PiercingWail","Endless Agony+1"],"picked":"Underhanded Strike+1","floor":14},{"not_picked":["ReplayTheSpireMod:Necrosis","Die Die Die+1"],"picked":"Phantasmal Killer","floor":16},{"not_picked":["Poisoned Stab+1","Dagger Throw+1"],"picked":"Fluid Movement","floor":18},{"not_picked":["Survey Options","Forethought"],"picked":"Dramatic Entrance+1","floor":19},{"not_picked":["Dramatic Entrance+1","Bandage Up"],"picked":"ReplayUltimateDefense","floor":19},{"not_picked":["Finisher+1","Dagger Throw+1"],"picked":"Prepared+1","floor":22},{"not_picked":["ReplayTheSpireMod:Tripwire","Tools of the Trade"],"picked":"Underhanded Strike+1","floor":23},{"not_picked":["Poisoned Stab+1","Hidden Blade"],"picked":"Prepared","floor":25},{"not_picked":["Sucker Punch+1","Cloak And Dagger"],"picked":"ReplayTheSpireMod:The Works","floor":28},{"not_picked":["Dodge and Roll","Underhanded Strike+1","Accuracy"],"picked":"SKIP","floor":29},{"not_picked":["ReplayTheSpireMod:Tripwire","Prepared","Eviscerate+1"],"picked":"SKIP","floor":31}],"player_experience":276166,"relics_obtained":[{"floor":7,"key":"halation:BlackBeret"},{"floor":9,"key":"Molten Egg 2"},{"floor":10,"key":"Simple Rune"},{"floor":12,"key":"Strawberry"},{"floor":23,"key":"Omamori"},{"floor":26,"key":"ReplayTheSpireMod:Lightbulb"},{"floor":29,"key":"HornCleat"}],"event_choices":[{"cards_removed":["Strike_G"],"damage_healed":0,"gold_gain":0,"player_choice":"Forget","damage_taken":0,"max_hp_gain":0,"max_hp_loss":0,"event_name":"Living Wall","floor":11,"gold_loss":0},{"damage_healed":0,"gold_gain":1,"player_choice":"Relic Relic ","damage_taken":15,"max_hp_gain":0,"max_hp_loss":0,"event_name":"betterThird:BetterScrap","floor":13,"gold_loss":0,"cards_obtained":["Perseverance"]},{"damage_healed":0,"gold_gain":2,"player_choice":"1","damage_taken":0,"max_hp_gain":0,"max_hp_loss":0,"event_name":"betterStone:BetterStone","floor":19,"gold_loss":0},{"damage_healed":0,"gold_gain":0,"player_choice":"Obtain J.A.X.","damage_taken":0,"max_hp_gain":0,"max_hp_loss":0,"event_name":"Drug Dealer","floor":27,"gold_loss":0,"cards_obtained":["J.A.X."]}],"is_beta":false,"boss_relics":[{"not_picked":["halation:Yufonium","halation:PlatinumPhoenix"],"picked":"Replay:Bronze Core"}],"items_purged_floors":[4,21],"is_endless":false,"potions_floor_spawned":[1,7,12,14,22,29,31],"killed_by":"Automaton","ascension_level":6}}