{"host":"l60rmjjsfi0fipmi","time":1611266788,"event":{"mods":["BaseMod","Colored Map","DeckTracker","Highlight Path","Minty Spire (QoL Compilation)","StSLib","The Cursed","The Servant 0.9.4"],"gold_per_floor":[119,43,60,20,20,54,12,12,12,12,31,48,48,59,59,162,212,223,26,26,25,25,25,59,76,76,91,110,110,110],"floor_reached":29,"language":"ENG","playtime":1627,"items_purged":[],"score":311,"play_id":"7a442e14-6e5b-4326-8574-584c2374f581","local_time":"20210121170628","is_ascension_mode":true,"campfire_choices":[{"data":"Eruption","floor":8,"key":"SMITH"},{"data":"Wallop","floor":10,"key":"SMITH"},{"data":"Vigilance","floor":15,"key":"SMITH"},{"floor":23,"key":"REST"}],"circlet_count":0,"master_deck":["Strike_P","Strike_P","Strike_P","Strike_P","Defend_P","Defend_P","Defend_P","Defend_P+1","Eruption+1","Vigilance+1","Tantrum","PathToVictory","EmptyFist","FlyingSleeves","CarveReality","Wallop+1","Protect","ClearTheMind","Halt","CutThroughFate","Establishment+1","FollowUp","WaveOfTheHand+1","Wireheading","WheelKick","FlyingSleeves"],"relics":["PureWater","NeowsBlessing","The Courier","Thread and Needle","Dream Catcher","Tiny House","Toxic Egg 2","Toy Ornithopter","Shuriken"],"acts_visited":["Exordium","TheCity"],"potions_floor_usage":[18,21,21,21,24,27,29,29,29],"damage_taken":[{"damage":0,"enemies":"2 Louse","floor":1,"turns":1},{"damage":0,"enemies":"Cultist","floor":3,"turns":1},{"damage":0,"enemies":"Gremlin Nob","floor":6,"turns":1},{"damage":0,"enemies":"Jaw Worm","floor":11,"turns":3},{"damage":9,"enemies":"Exordium Thugs","floor":12,"turns":4},{"damage":5,"enemies":"Lots of Slimes","floor":14,"turns":4},{"damage":16,"enemies":"Hexaghost","floor":16,"turns":9},{"damage":33,"enemies":"Shell Parasite","floor":18,"turns":6},{"damage":17,"enemies":"2 Thieves","floor":21,"turns":4},{"damage":34,"enemies":"Book of Stabbing","floor":24,"turns":7},{"damage":2,"enemies":"Centurion and Healer","floor":25,"turns":5},{"damage":18,"enemies":"Sentry and Sphere","floor":27,"turns":6},{"damage":14,"enemies":"Snecko","floor":28,"turns":6},{"damage":20,"enemies":"Cultist and Chosen","floor":29,"turns":4}],"seed_played":"1532114872465129467","potions_obtained":[{"floor":1,"key":"Ancient Potion"},{"floor":5,"key":"Strength Potion"},{"floor":5,"key":"BottledMiracle"},{"floor":5,"key":"EntropicBrew"},{"floor":17,"key":"Fruit Juice"},{"floor":18,"key":"SpeedPotion"},{"floor":21,"key":"Strength Potion"},{"floor":25,"key":"SpeedPotion"},{"floor":28,"key":"Weak Potion"}],"is_trial":false,"path_per_floor":["M","$","M","$","?","E","$","R","T","R","M","M","?","M","R","B",null,"M","$","?","M","$","R","E","M","T","M","M","M"],"character_chosen":"WATCHER","items_purchased":["PathToVictory","EmptyFist","CarveReality","Protect","Toxic Egg 2"],"campfire_rested":1,"item_purchase_floors":[2,2,4,7,19],"current_hp_per_floor":[72,72,72,72,72,72,72,72,72,72,72,63,56,51,51,35,77,49,49,49,44,44,68,34,32,32,19,5,0,0],"gold":110,"neow_bonus":"THREE_ENEMY_KILL","is_daily":false,"chose_seed":false,"campfire_upgraded":3,"win_rate":0.0,"timestamp":1611266788,"path_taken":["M","$","M","$","?","E","?","R","T","R","M","?","?","M","R","BOSS","M","$","?","M","?","R","E","M","T","?","M","M"],"items_purchased_type":["Card","Card","Card","Card","Relic"],"build_version":"2020-12-22","purchased_purges":0,"victory":false,"max_hp_per_floor":[72,72,72,72,72,72,72,72,72,72,72,72,72,72,72,72,77,82,82,82,82,82,82,82,82,82,82,82,82,82],"card_choices":[{"not_picked":["SashWhip","EmptyBody"],"picked":"Tantrum","floor":1},{"not_picked":["Pray","EmptyMind"],"picked":"FlyingSleeves","floor":3},{"not_picked":["Nirvana","Prostrate"],"picked":"Wallop","floor":6},{"not_picked":["ForeignInfluence","Prostrate"],"picked":"ClearTheMind","floor":11},{"not_picked":["Perseverance","Prostrate"],"picked":"Halt","floor":12},{"not_picked":["WheelKick","SashWhip"],"picked":"CutThroughFate","floor":14},{"not_picked":["DevaForm","Omniscience"],"picked":"Establishment","floor":16},{"not_picked":["Evaluate","Nirvana"],"picked":"FollowUp","floor":17},{"not_picked":["ThirdEye","Halt"],"picked":"WaveOfTheHand+1","floor":18},{"not_picked":["WreathOfFlame+1","Nirvana","SignatureMove"],"picked":"SKIP","floor":21},{"not_picked":["CutThroughFate+1","Weave"],"picked":"Wireheading","floor":23},{"not_picked":["Evaluate+1","FollowUp","DevaForm"],"picked":"SKIP","floor":24},{"not_picked":["CarveReality","Collect+1"],"picked":"WheelKick","floor":25},{"not_picked":["ClearTheMind+1","Meditate+1"],"picked":"FlyingSleeves","floor":27},{"not_picked":["SignatureMove","JustLucky","ClearTheMind+1"],"picked":"SKIP","floor":28}],"player_experience":533599,"relics_obtained":[{"floor":6,"key":"The Courier"},{"floor":9,"key":"Thread and Needle"},{"floor":24,"key":"Toy Ornithopter"},{"floor":26,"key":"Shuriken"}],"event_choices":[{"damage_healed":0,"gold_gain":0,"player_choice":"Got Potions","damage_taken":0,"max_hp_gain":0,"max_hp_loss":0,"event_name":"Lab","floor":5,"gold_loss":0},{"damage_healed":0,"gold_gain":0,"player_choice":"Success","damage_taken":7,"relics_obtained":["Dream Catcher"],"max_hp_gain":0,"max_hp_loss":0,"event_name":"Scrap Ooze","floor":13,"gold_loss":0},{"damage_healed":0,"gold_gain":0,"player_choice":"Upgraded","damage_taken":0,"max_hp_gain":0,"max_hp_loss":0,"event_name":"Upgrade Shrine","floor":20,"gold_loss":0,"cards_upgraded":["Establishment"]}],"is_beta":false,"boss_relics":[{"not_picked":["Snecko Eye","Ectoplasm"],"picked":"Tiny House"}],"items_purged_floors":[],"is_endless":false,"potions_floor_spawned":[1,6,12,18,21,25,28],"killed_by":"Cultist and Chosen","ascension_level":3}}