{"host":"eumjbs7gc1i67a9z","time":1611241163,"event":{"mods":["Aspiration","BaseMod","Hubris","Infinite Spire","Minty Spire (QoL Compilation)","Quick Restart","Replay The Spire","StSLib","The Cursed","The Disciple","The Jungle","The Runesmith"],"gold_per_floor":[109,120,136,311,311,311,326,352,352,8,27,27,38,56,56,168,168,196,196,208,208,230,230,230,285,285,285,316,316,362,58,58,234,234,317,371,371,371,447,560,560,676,676,676,676,676,706],"floor_reached":51,"language":"ENG","playtime":4112,"items_purged":[],"score":723,"play_id":"04537805-aa76-404b-80ca-5e6bbd32fd16","local_time":"20210121155923","is_ascension_mode":false,"campfire_choices":[{"data":"TheCursedMod:ParallelWorld","floor":6.0,"key":"SMITH"},{"floor":12.0,"key":"REST"},{"floor":15.0,"key":"REST"},{"data":"TheCursedMod:NeowsMight","floor":23.0,"key":"SMITH"},{"floor":27.0,"key":"REST"},{"floor":29.0,"key":"REST"},{"floor":32.0,"key":"REST"},{"floor":41,"key":"REST"},{"floor":45,"key":"REST"},{"floor":49,"key":"REST"}],"circlet_count":0,"master_deck":["TheCursedMod:Strike_TheCursed","TheCursedMod:Strike_TheCursed","TheCursedMod:Defend_TheCursed","TheCursedMod:Defend_TheCursed","TheCursedMod:Defend_TheCursed","TheCursedMod:CursedWand","TheCursedMod:CleanUpWorkshop","TheCursedMod:ParallelWorld+1","TheCursedMod:CursedShiv","TheCursedMod:VoidForm","TheCursedMod:CursedMace","TheCursedMod:Wield","TheCursedMod:DemonSword","TheCursedMod:AshesToAshes","TheCursedMod:HellsGateOpen","TheCursedMod:CursedMace","TheCursedMod:SpitefulStrike","TheCursedMod:TacticalStrike","TheCursedMod:NeowsMight+1","TheCursedMod:DoubleShield","TheCursedMod:SurpriseAttack","TheCursedMod:CursedAmulet","TheCursedMod:CleanUpWorkshop","TheCursedMod:RapidMovement","Panacea","TheCursedMod:BloodBarrier","TheCursedMod:SpitefulStrike","TheCursedMod:CursedStaff","TheCursedMod:ShockAndAwe","TheCursedMod:DoubleShield+1","TheCursedMod:CursedArmor+1","TheCursedMod:AntiAging+1","TheCursedMod:ReleasedStrength+1","TheCursedMod:NeowsMight+1","TheCursedMod:HellfireBreathing","TheCursedMod:Stretching+1","TheCursedMod:CircleOfBlood"],"relics":["TheCursedMod:BlackMagic101","Pocketwatch","infinitespire:Midas Blood","Replay:WaspNest","hubris:GrandSneckoEye","hubris:GlazedTorus","hubris:Teleporter","Replay:Accelerometer","Regal Pillow","aspiration:Lifesprig","Astrolabe","Replay:Baseball","DollysMirror","TheCursedMod:CrystalBall","Toy Ornithopter","hubris:SlimyHat"],"acts_visited":["Exordium","TheCity","TheBeyond"],"potions_floor_usage":[40,40,42],"damage_taken":[{"damage":1.0,"enemies":"Jaw Worm","floor":1.0,"turns":4.0},{"damage":10.0,"enemies":"Cultist","floor":2.0,"turns":4.0},{"damage":2.0,"enemies":"Small Slimes","floor":3.0,"turns":3.0},{"damage":15.0,"enemies":"Red Slaver","floor":7.0,"turns":4.0},{"damage":32.0,"enemies":"3 Sentries","floor":8.0,"turns":8.0},{"damage":9.0,"enemies":"Large Slime","floor":11.0,"turns":4.0},{"damage":0.0,"enemies":"3 Louse","floor":13.0,"turns":3.0},{"damage":5.0,"enemies":"Lots of Slimes","floor":14.0,"turns":4.0},{"damage":39.0,"enemies":"Hexaghost","floor":16.0,"turns":6.0},{"damage":5.0,"enemies":"3 Byrds","floor":18.0,"turns":2.0},{"damage":0.0,"enemies":"Spheric Guardian","floor":20.0,"turns":5.0},{"damage":5.0,"enemies":"Chosen and Byrds","floor":22.0,"turns":3.0},{"damage":44.0,"enemies":"Nightmare","floor":25.0,"turns":5.0},{"damage":22.0,"enemies":"3 Cultists","floor":28.0,"turns":4.0},{"damage":22.0,"enemies":"Sentry and Sphere","floor":30.0,"turns":5.0},{"damage":51.0,"enemies":"Champ","floor":33.0,"turns":9.0},{"damage":28,"enemies":"3 Darklings","floor":35,"turns":4},{"damage":5,"enemies":"Orb Walker","floor":39,"turns":3},{"damage":17,"enemies":"Giant Head","floor":40,"turns":7},{"damage":43,"enemies":"Nemesis","floor":42,"turns":5},{"damage":91,"enemies":"infinitespire:MassOfShapes","floor":50,"turns":11}],"seed_played":"-7467182541067113382","potions_obtained":[{"floor":1.0,"key":"AttackPotion"},{"floor":5.0,"key":"infinitespire:BlackPotion"},{"floor":5.0,"key":"Languid Potion"},{"floor":7.0,"key":"Fruit Juice"},{"floor":14.0,"key":"Explosive Potion"},{"floor":18.0,"key":"DistilledChaos"},{"floor":25.0,"key":"infinitespire:BlackPotion"},{"floor":28.0,"key":"Block Potion"},{"floor":30.0,"key":"Regen Potion"},{"floor":40,"key":"Dexterity Potion"}],"is_trial":false,"path_per_floor":["M","M","M","?","?","R","M","E","T","$","M","R","M","M","R","B",null,"M","?","M","AVR","M","R","?","NM","T","R","M","R","M","$","R","B",null,"M","T","?","AVR","M","E","R","E","T","R","?","R","B",null],"character_chosen":"THE_CURSED","items_purchased":["Replay:WaspNest","TheCursedMod:AshesToAshes","TheCursedMod:HellsGateOpen","Regal Pillow","aspiration:Lifesprig"],"campfire_rested":8,"item_purchase_floors":[10,10,10,31,31],"current_hp_per_floor":[74,64,62,62,62,62,52,20,20,20,11,35,35,30,54,15,80,75,75,75,75,70,70,70,26,26,50,28,52,30,30,69,37,80,55,55,55,55,50,36,76,39,39,79,79,86,4],"gold":706,"neow_bonus":"ONE_RANDOM_RARE_CARD","is_daily":false,"chose_seed":false,"campfire_upgraded":2,"win_rate":0.0,"timestamp":1611241163,"path_taken":["M","M","M","?","?","R","M","E","T","$","M","R","?","M","R","BOSS","M","?","M","AVR","?","R","?","NM","T","R","M","R","M","$","R","BOSS","M","?","?","AVR","M","E","R","E","T","R","?","R","BOSS"],"items_purchased_type":["Relic","Card","Card","Relic","Relic"],"build_version":"2020-12-22","purchased_purges":0,"victory":true,"max_hp_per_floor":[75,75,75,75,75,75,80,80,80,80,80,80,80,80,80,80,80,80,80,80,80,80,80,80,80,80,80,80,80,80,80,80,80,80,83,83,83,83,83,86,86,86,86,86,86,86,89],"card_choices":[{"not_picked":["TheCursedMod:WearCloak","TheCursedMod:TacticalStrike"],"picked":"TheCursedMod:CursedShiv","floor":1.0},{"not_picked":["TheCursedMod:TacticalStrike","TheCursedMod:TroublousMinions"],"picked":"TheCursedMod:VoidForm","floor":2.0},{"not_picked":["TheCursedMod:RapidMovement","TheCursedMod:SurpriseAttack"],"picked":"TheCursedMod:CursedMace","floor":3.0},{"not_picked":["TheCursedMod:Obscuration","TheCursedMod:CircleOfAmplification"],"picked":"TheCursedMod:Wield","floor":7.0},{"not_picked":["TheCursedMod:Stretching","TheCursedMod:FleshFromBone"],"picked":"TheCursedMod:DemonSword","floor":8.0},{"not_picked":["TheCursedMod:RapidMovement","TheCursedMod:Torture"],"picked":"TheCursedMod:CursedMace","floor":11.0},{"not_picked":["TheCursedMod:CursedAmulet","TheCursedMod:Evocation"],"picked":"TheCursedMod:SpitefulStrike","floor":13.0},{"not_picked":["TheCursedMod:RapidMovement","TheCursedMod:CursedMace"],"picked":"TheCursedMod:TacticalStrike","floor":14.0},{"not_picked":["TheCursedMod:Neurasthenia","TheCursedMod:DemonicPact"],"picked":"TheCursedMod:NeowsMight","floor":16.0},{"not_picked":["TheCursedMod:Obscuration","TheCursedMod:Stretching"],"picked":"TheCursedMod:DoubleShield","floor":18.0},{"not_picked":["TheCursedMod:Torture+1","TheCursedMod:AshesToAshes"],"picked":"TheCursedMod:SurpriseAttack","floor":20.0},{"not_picked":["TheCursedMod:CursedMace","TheCursedMod:Stretching"],"picked":"TheCursedMod:CursedAmulet","floor":22.0},{"not_picked":["TheCursedMod:SurpriseAttack","TheCursedMod:Evocation"],"picked":"TheCursedMod:BloodBarrier","floor":25.0},{"not_picked":["TheCursedMod:SmokeScreen","TheCursedMod:CursedMace"],"picked":"TheCursedMod:SpitefulStrike","floor":28.0},{"not_picked":["TheCursedMod:Torture","TheCursedMod:SoulReap"],"picked":"TheCursedMod:CursedStaff","floor":30.0},{"not_picked":["TheCursedMod:DarkBarrier","TheCursedMod:CursedRelics"],"picked":"TheCursedMod:ShockAndAwe","floor":33.0},{"not_picked":["TheCursedMod:TacticalStrike+1","TheCursedMod:CircleOfWindfury+1"],"picked":"TheCursedMod:ReleasedStrength+1","floor":35},{"not_picked":["TheCursedMod:CursedAmulet+1","TheCursedMod:CursedMace"],"picked":"TheCursedMod:HellfireBreathing","floor":39},{"not_picked":["TheCursedMod:AbyssShockwave","TheCursedMod:FleshFromBone"],"picked":"TheCursedMod:Stretching+1","floor":40},{"not_picked":["TheCursedMod:AbyssShockwave+1","TheCursedMod:CircleOfWindfury"],"picked":"TheCursedMod:CircleOfBlood","floor":42}],"player_experience":301379,"relics_obtained":[{"floor":8.0,"key":"Pocketwatch"},{"floor":9.0,"key":"infinitespire:Midas Blood"},{"floor":25.0,"key":"hubris:Teleporter"},{"floor":26.0,"key":"Replay:Accelerometer"},{"floor":36,"key":"Replay:Baseball"},{"floor":40,"key":"TheCursedMod:CrystalBall"},{"floor":42,"key":"Toy Ornithopter"},{"floor":43,"key":"hubris:SlimyHat"}],"event_choices":[{"damage_healed":0.0,"max_hp_gain":0.0,"max_hp_loss":0.0,"gold_gain":175.0,"event_name":"Liars Game","player_choice":"AGREE","floor":4.0,"gold_loss":0.0,"damage_taken":0.0,"cards_obtained":["Doubt"]},{"damage_healed":0.0,"max_hp_gain":0.0,"max_hp_loss":0.0,"gold_gain":0.0,"event_name":"Lab","player_choice":"Got Potions","floor":5.0,"gold_loss":0.0,"damage_taken":0.0},{"damage_healed":0.0,"max_hp_gain":0.0,"max_hp_loss":0.0,"gold_gain":0.0,"event_name":"Wheel of Change","player_choice":"Cursed","floor":19.0,"gold_loss":0.0,"damage_taken":0.0,"cards_obtained":["Decay"]},{"damage_healed":0.0,"max_hp_gain":0.0,"max_hp_loss":0.0,"gold_gain":0.0,"event_name":"Match and Keep!","player_choice":"3 cards matched","floor":24.0,"gold_loss":0.0,"damage_taken":0.0,"cards_obtained":["TheCursedMod:CleanUpWorkshop","TheCursedMod:RapidMovement","Panacea"]},{"damage_healed":0,"gold_gain":0,"player_choice":"Ignored","damage_taken":0,"max_hp_gain":0,"max_hp_loss":0,"event_name":"Tomb of Lord Red Mask","floor":37,"gold_loss":0},{"cards_removed":["hubris:Greed","hubris:Greed","hubris:Greed","hubris:Greed","hubris:Greed","hubris:Greed","hubris:Greed","hubris:Greed","hubris:Greed","hubris:Greed","hubris:Greed","hubris:Greed","hubris:Greed","hubris:Greed","hubris:Greed","Decay","Doubt","TheCursedMod:Dregs"],"damage_healed":0,"gold_gain":0,"player_choice":"Removed Curses","damage_taken":0,"max_hp_gain":0,"max_hp_loss":0,"event_name":"Fountain of Cleansing","floor":47,"gold_loss":0}],"is_beta":false,"boss_relics":[{"not_picked":["Busted Crown","Replay:Ancient Bell"],"picked":"hubris:GrandSneckoEye"},{"not_picked":["Empty Cage","Black Star"],"picked":"Astrolabe"}],"items_purged_floors":[],"is_endless":false,"potions_floor_spawned":[1,7,14,18,25,28,30,40],"ascension_level":0}}