{"host":"jvd5k9mqzerszifx","time":1611247866,"event":{"mods":["AchievementEnabler","Act Like it!","BaseMod","Better Note","Better Third Choice","Colored Map","Colored Powertips","Conspire","DeckTracker","Gensokyo","GungeonMod","Hallownest","Hermit","Hubris","Infinite Spire","Jorbs\u0027s Wanderer Trilogy","Koishi","Marisa（F雨　魔理沙）","Minty Spire (QoL Compilation)","MostiFishMod","Relic Stats","Replay The Spire","Reworked Bosses","Spicy Shops","StSLib","The Administrix","The Bug Knight","The Cursed","The Factory","The Hierophant","The Jungle","The Servant 0.9.4","【功能Mod】聪明的最终Boss"],"gold_per_floor":[133,33,39,39,39,141,141,141,291,387,438,122,212,212,212,533,533,584,632,632,632,224,308,365,365,608,632,14,56,56,131,131,422,422,464,464,518,518,262,262,403,496,577,577,631,128,128,206,206,206,206,206,1,97,127],"floor_reached":56,"language":"ZHS","playtime":2500,"items_purged":["Orbit"],"score":1918,"play_id":"e467472d-e60d-459e-90c7-b6cbf61e3a45","local_time":"20210122005106","is_ascension_mode":true,"campfire_choices":[{"data":"Strike_S","floor":7.0,"key":"PURGE"},{"data":"Strike_S","floor":7.0,"key":"PURGE"},{"data":"Strike_S","floor":7.0,"key":"PURGE"},{"data":"Defend_S","floor":7.0,"key":"PURGE"},{"data":"Defend_S","floor":7.0,"key":"PURGE"},{"data":"KidneyShot","floor":7.0,"key":"SMITH"},{"data":"Defend_S","floor":7.0,"key":"SMITH"},{"data":"Exchange","floor":7.0,"key":"SMITH"},{"data":"Spin","floor":7.0,"key":"SMITH"},{"floor":7.0,"key":"REST"},{"data":"ShatteredReality","floor":15.0,"key":"SMITH"},{"data":"ShatteredReality","floor":15.0,"key":"SMITH"},{"data":"Potential","floor":15.0,"key":"SMITH"},{"floor":15.0,"key":"RECALL"},{"data":"conspire:Banana","floor":30,"key":"SMITH"},{"floor":30,"key":"REST"},{"data":"Defend_S+1","floor":32,"key":"PURGE"},{"floor":32,"key":"REST"},{"floor":40,"key":"REST"},{"floor":47,"key":"REST"},{"floor":49,"key":"REST"},{"floor":52,"key":"REST"}],"circlet_count":0,"master_deck":["KidneyShot+1","Exchange+1","DoubleEdge+1","Spin+1","ShatteredReality+1","ShatteredReality+1","Potential+1","Insight+1","GearUp+1","conspire:Banana+1","SilverBlades+1","Potential+1","Reset+1"],"relics":["Uniform","Peace Pipe","Ginger","Turnip","Unceasing Top","Omamori","Ice Cream","The Courier","Medical Kit","WingedGreaves","HandDrill","Frozen Eye","Blue Candle","RhineFirstAidKit","DaveBox","ImprovedEquipment","infinitespire:Midas Blood","Gensokyo:CelestialsFlawlessClothing","Pantograph","Gensokyo:NagashiBinaDoll","Whetstone","Replay:Rubber Ducky","Frozen Egg 2","Civilization","Singing Bowl","Potion Belt","Art of War","DemoMod:GlassGuonStoneRelic","Matryoshka","ClockworkSouvenir","hubris:TenFootPole","infinitespire:Satchel","Pen Nib","DianPoetry","Ring of Fury","Ring of Peace","Akabeko","hubris:MysteriousPyramids","Replay:Blank Codex","Membership Card","ChiLing","Chi","Ling","Oddly Smooth Stone","OldScarf","SentryEyes","hubris:PeanutButter","Pet Ghost","hubris:ScarierMask","Broom","hubris:SlimyHat","Quantum Egg","SynthV","Lizard Tail","ReplayTheSpireMod:Shallot","conspire:BottledYoYo","PreservedInsect","Bronze Scales","hubris:HerbalPaste","Mirror","Anchor","hubris:EmptyBottle","hubris:SphereOfDissonance","Replay:Wax Seal","Strange Spoon","Boot","Broom","DemoMod:WhiteGuonStone","Shuriken"],"acts_visited":["Gensokyo:Gensokyo","TheCity","TheBeyond","TheEnding"],"potions_floor_usage":[],"damage_taken":[{"damage":0.0,"enemies":"Gensokyo:2_Kodama","floor":1.0,"turns":4.0},{"damage":1.0,"enemies":"Gensokyo:Aya","floor":6.0,"turns":5.0},{"damage":0.0,"enemies":"Gensokyo:Mamizou","floor":10.0,"turns":3.0},{"damage":0.0,"enemies":"Gensokyo:Python","floor":11.0,"turns":1.0},{"damage":0.0,"enemies":"Gensokyo:Cirno","floor":13.0,"turns":4.0},{"damage":4.0,"enemies":"Gensokyo:Kokoro","floor":16.0,"turns":3.0},{"damage":0.0,"enemies":"Spheric Guardian","floor":18.0,"turns":2.0},{"damage":0.0,"enemies":"3 Byrds","floor":19.0,"turns":2.0},{"damage":0.0,"enemies":"HollowMod:Nosk","floor":23.0,"turns":1.0},{"damage":0.0,"enemies":"Centurion and Healer","floor":24.0,"turns":2.0},{"damage":0,"enemies":"Snake Plant","floor":29,"turns":1},{"damage":0,"enemies":"Gremlin Leader","floor":31,"turns":1},{"damage":0,"enemies":"bossMod:newCollector","floor":33,"turns":1},{"damage":0,"enemies":"3 Shapes","floor":35,"turns":1},{"damage":0,"enemies":"Orb Walker","floor":37,"turns":1},{"damage":0,"enemies":"2 Orb Walkers","floor":41,"turns":1},{"damage":0,"enemies":"R_Hoarder","floor":42,"turns":1},{"damage":0,"enemies":"Transient","floor":45,"turns":3},{"damage":0,"enemies":"Giant Head","floor":48,"turns":1},{"damage":0,"enemies":"hubris:GrandSnecko","floor":50,"turns":2},{"damage":0,"enemies":"Shield and Spear","floor":54,"turns":1},{"damage":0,"enemies":"The Heart","floor":55,"turns":3}],"seed_played":"-4536117216885094050","potions_obtained":[{"floor":1.0,"key":"Adrenaline Potion"},{"floor":13.0,"key":"Energy Potion"},{"floor":19.0,"key":"DistilledChaos"},{"floor":24.0,"key":"Weak Potion"},{"floor":31,"key":"Adrenaline Potion"},{"floor":33,"key":"Block Potion"},{"floor":41,"key":"LifebloodPotion"}],"is_trial":false,"path_per_floor":["M","?","?","T","?","E","R","?","T","E","M","$","E","?","R","B",null,"M","M","AVR","?","$","E","M","?","T","?","$","M","R","E","R","B",null,"M","?","M","AVR","$","R","?","E","T","?","M","$","R","E","R","B",null,"R","$","E","B",null],"character_chosen":"THE_SERVANT","items_purchased":["Civilization","Singing Bowl","Potion Belt","ClockworkSouvenir","hubris:TenFootPole","infinitespire:Satchel","Pen Nib","Membership Card","ChiLing","Oddly Smooth Stone","OldScarf","conspire:Banana","SentryEyes","hubris:PeanutButter","hubris:SlimyHat","Quantum Egg","SynthV","PreservedInsect","Bronze Scales","hubris:HerbalPaste","Mirror","Anchor","hubris:EmptyBottle","hubris:SphereOfDissonance","Strange Spoon","Boot","Broom","DemoMod:WhiteGuonStone"],"campfire_rested":7,"item_purchase_floors":[12,12,12,22,22,22,22,28,28,28,28,28,28,28,39,39,39,46,46,46,46,46,46,46,53,53,53,53],"current_hp_per_floor":[65,65,49,49,49,48,65,65,65,65,65,65,66,66,66,63,67,70,73,73,73,73,76,77,77,77,70,70,74,81,82,82,85,85,88,88,91,91,91,91,92,97,97,97,102,102,102,107,107,108,108,108,108,111,114],"gold":127,"neow_bonus":"REMOVE_CARD","is_daily":false,"chose_seed":false,"campfire_upgraded":8,"win_rate":0.0,"timestamp":1611247866,"path_taken":["M","?","?","?","?","E","R","?","T","E","?","?","E","?","R","BOSS","M","M","AVR","?","$","E","M","?","T","?","?","?","R","E","R","BOSS","M","?","M","AVR","$","R","?","E","T","?","?","$","R","E","R","BOSS","R","$","E","BOSS"],"items_purchased_type":["Relic","Relic","Relic","Relic","Relic","Relic","Relic","Relic","Relic","Relic","Relic","Card","Relic","Relic","Relic","Relic","Relic","Relic","Relic","Relic","Relic","Relic","Relic","Relic","Relic","Relic","Relic","Relic"],"build_version":"2020-12-22","purchased_purges":1,"victory":true,"max_hp_per_floor":[65,65,65,65,65,65,65,65,65,65,65,65,66,66,66,67,67,70,73,73,73,73,76,77,77,77,77,77,81,81,82,82,85,85,88,88,91,91,91,91,92,97,97,97,102,102,102,107,107,108,108,108,108,111,114],"relic_stats":{"Singing Bowl":20,"counters":[22,44],"Blue Candle":[0],"Pen Nib":[4],"PreservedInsect":165,"Ginger":[77],"Whetstone":["DoubleEdge","Strike_S"],"Medical Kit":[6],"Boot":[0],"Peace Pipe":9,"Strange Spoon":[2],"Lizard Tail":0,"Shuriken":[0],"Pantograph":0,"Bronze Scales":[42],"Turnip":[37],"HandDrill":[6],"Art of War":[0],"obtain_stats":[{"Ice Cream":0,"Chi":28,"DemoMod:GlassGuonStoneRelic":1,"Uniform":0,"Ginger":0,"Whetstone":6,"hubris:MysteriousPyramids":26,"Boot":53,"Lizard Tail":41,"RhineFirstAidKit":0,"hubris:HerbalPaste":46,"HandDrill":0,"Replay:Wax Seal":48,"Replay:Blank Codex":27,"Blue Candle":0,"Oddly Smooth Stone":28,"hubris:SphereOfDissonance":46,"Pen Nib":22,"Akabeko":26,"Ling":28,"ReplayTheSpireMod:Shallot":42,"Shuriken":54,"Bronze Scales":46,"SentryEyes":28,"hubris:PeanutButter":28,"hubris:TenFootPole":22,"conspire:BottledYoYo":43,"OldScarf":28,"Mirror":46,"Unceasing Top":0,"ChiLing":28,"DaveBox":0,"Singing Bowl":12,"DianPoetry":23,"SynthV":39,"Gensokyo:NagashiBinaDoll":5,"Broom":38,"hubris:SlimyHat":39,"hubris:EmptyBottle":46,"DemoMod:WhiteGuonStone":53,"Pet Ghost":31,"Replay:Rubber Ducky":9,"ClockworkSouvenir":22,"Frozen Eye":0,"Civilization":12,"Matryoshka":20,"Pantograph":4,"Ring of Peace":25,"hubris:ScarierMask":34,"WingedGreaves":0,"Potion Belt":12,"ImprovedEquipment":1,"Quantum Egg":39,"The Courier":0,"PreservedInsect":46,"Omamori":0,"Gensokyo:CelestialsFlawlessClothing":3,"Frozen Egg 2":10,"Medical Kit":0,"Peace Pipe":0,"Strange Spoon":53,"Anchor":46,"infinitespire:Satchel":22,"Ring of Fury":25,"Turnip":0,"Art of War":13,"Membership Card":28,"infinitespire:Midas Blood":2},{"Ice Cream":0,"Chi":10,"DemoMod:GlassGuonStoneRelic":1,"Uniform":0,"Ginger":0,"Whetstone":2,"hubris:MysteriousPyramids":10,"Boot":20,"Lizard Tail":16,"RhineFirstAidKit":0,"hubris:HerbalPaste":18,"HandDrill":0,"Replay:Wax Seal":19,"Replay:Blank Codex":10,"Blue Candle":0,"Oddly Smooth Stone":10,"hubris:SphereOfDissonance":18,"Pen Nib":8,"Akabeko":10,"Ling":10,"ReplayTheSpireMod:Shallot":17,"Shuriken":21,"Bronze Scales":18,"SentryEyes":10,"hubris:PeanutButter":10,"hubris:TenFootPole":8,"conspire:BottledYoYo":17,"OldScarf":10,"Mirror":18,"Unceasing Top":0,"ChiLing":10,"DaveBox":0,"Singing Bowl":4,"DianPoetry":9,"SynthV":15,"Gensokyo:NagashiBinaDoll":1,"Broom":15,"hubris:SlimyHat":15,"hubris:EmptyBottle":18,"DemoMod:WhiteGuonStone":20,"Pet Ghost":12,"Replay:Rubber Ducky":2,"ClockworkSouvenir":8,"Frozen Eye":0,"Civilization":4,"Matryoshka":8,"Pantograph":1,"Ring of Peace":10,"hubris:ScarierMask":13,"WingedGreaves":0,"Potion Belt":4,"ImprovedEquipment":1,"Quantum Egg":15,"The Courier":0,"PreservedInsect":18,"Omamori":0,"Gensokyo:CelestialsFlawlessClothing":1,"Frozen Egg 2":3,"Medical Kit":0,"Peace Pipe":0,"Strange Spoon":20,"Anchor":18,"infinitespire:Satchel":8,"Ring of Fury":10,"Turnip":0,"Art of War":5,"Membership Card":10,"infinitespire:Midas Blood":1},{"Ice Cream":0,"Chi":27,"DemoMod:GlassGuonStoneRelic":4,"Uniform":0,"Ginger":0,"Whetstone":9,"hubris:MysteriousPyramids":27,"Boot":40,"Lizard Tail":33,"RhineFirstAidKit":0,"hubris:HerbalPaste":37,"HandDrill":0,"Replay:Wax Seal":38,"Replay:Blank Codex":27,"Blue Candle":0,"Oddly Smooth Stone":27,"hubris:SphereOfDissonance":37,"Pen Nib":24,"Akabeko":27,"Ling":27,"ReplayTheSpireMod:Shallot":34,"Shuriken":41,"Bronze Scales":37,"SentryEyes":27,"hubris:PeanutButter":27,"hubris:TenFootPole":24,"conspire:BottledYoYo":34,"OldScarf":27,"Mirror":37,"Unceasing Top":0,"ChiLing":27,"DaveBox":0,"Singing Bowl":13,"DianPoetry":25,"SynthV":32,"Gensokyo:NagashiBinaDoll":4,"Broom":32,"hubris:SlimyHat":32,"hubris:EmptyBottle":37,"DemoMod:WhiteGuonStone":40,"Pet Ghost":29,"Replay:Rubber Ducky":9,"ClockworkSouvenir":24,"Frozen Eye":0,"Civilization":13,"Matryoshka":24,"Pantograph":4,"Ring of Peace":27,"hubris:ScarierMask":30,"WingedGreaves":0,"Potion Belt":13,"ImprovedEquipment":2,"Quantum Egg":32,"The Courier":0,"PreservedInsect":37,"Omamori":0,"Gensokyo:CelestialsFlawlessClothing":4,"Frozen Egg 2":12,"Medical Kit":0,"Peace Pipe":0,"Strange Spoon":40,"Anchor":37,"infinitespire:Satchel":24,"Ring of Fury":27,"Turnip":0,"Art of War":17,"Membership Card":27,"infinitespire:Midas Blood":4}],"Unceasing Top":[19]},"card_choices":[{"not_picked":["Potential","Rearm"],"picked":"DoubleEdge","floor":1.0},{"not_picked":["Revamp","Replace"],"picked":"Spin","floor":6.0},{"not_picked":["Advance","TimeWarp"],"picked":"ShatteredReality","floor":10.0},{"not_picked":["FanOfKnives","Rewind"],"picked":"ShatteredReality","floor":11.0},{"not_picked":["ShiftingGears","SurpressingFire+1"],"picked":"Potential","floor":13.0},{"not_picked":["PendulumOfEternity","FloweringNight+1"],"picked":"TrueSight+1","floor":16.0},{"not_picked":["Unruled+1","Potential+1","Moondial"],"picked":"Singing Bowl","floor":18.0},{"not_picked":["DoubleEdge","ReturningBlade","Spin"],"picked":"Singing Bowl","floor":19.0},{"not_picked":["Replace+1","Gouge","DualDimension"],"picked":"Singing Bowl","floor":23.0},{"not_picked":["Revamp+1","Alleviate"],"picked":"GearUp+1","floor":24.0},{"not_picked":["Ricochet","Rearm","ShatteredReality"],"picked":"Singing Bowl","floor":29},{"not_picked":["Starlight+1","TimeWarp"],"picked":"SilverBlades+1","floor":31},{"not_picked":["Sunlight","SilverMatrix+1","Deny"],"picked":"Singing Bowl","floor":33},{"not_picked":["Hightail","Potential","Misdirection+1"],"picked":"Singing Bowl","floor":35},{"not_picked":["ShiftingGears+1","Replace+1","Barrier+1"],"picked":"Singing Bowl","floor":37},{"not_picked":["GearUp+1","Manipulate+1"],"picked":"Potential+1","floor":41},{"not_picked":["Duplication","Spin+1","Luminosity+1"],"picked":"Singing Bowl","floor":42},{"not_picked":["Starlight","Potential+1","SpecialFormula"],"picked":"Singing Bowl","floor":45},{"not_picked":["DualDimension+1","Deadline+1","MoonPhase+1"],"picked":"Singing Bowl","floor":48},{"not_picked":["Ricochet","ShatteredReality+1"],"picked":"Reset+1","floor":54}],"player_experience":304904,"relics_obtained":[{"floor":4.0,"key":"Pantograph"},{"floor":6.0,"key":"Whetstone"},{"floor":9.0,"key":"Replay:Rubber Ducky"},{"floor":10.0,"key":"Frozen Egg 2"},{"floor":13.0,"key":"Art of War"},{"floor":23.0,"key":"DianPoetry"},{"floor":25.0,"key":"Ring of Fury"},{"floor":25.0,"key":"Ring of Peace"},{"floor":26.0,"key":"Akabeko"},{"floor":26.0,"key":"hubris:MysteriousPyramids"},{"floor":27,"key":"Replay:Blank Codex"},{"floor":31,"key":"Pet Ghost"},{"floor":41,"key":"Lizard Tail"},{"floor":42,"key":"ReplayTheSpireMod:Shallot"},{"floor":43,"key":"conspire:BottledYoYo"},{"floor":48,"key":"Replay:Wax Seal"},{"floor":54,"key":"Shuriken"}],"event_choices":[{"damage_healed":0.0,"max_hp_gain":0.0,"max_hp_loss":0.0,"gold_gain":0.0,"event_name":"betterThird:BetterWriting","player_choice":"Insight","floor":21.0,"gold_loss":0.0,"damage_taken":1.0,"cards_obtained":["Insight"]},{"damage_healed":0,"gold_gain":0,"player_choice":"Obtained Book","damage_taken":16,"max_hp_gain":0,"max_hp_loss":0,"event_name":"Cursed Tome","floor":27,"gold_loss":0},{"damage_healed":0,"gold_gain":0,"player_choice":"Leave","damage_taken":0,"max_hp_gain":0,"max_hp_loss":0,"event_name":"conspire:Investor","floor":36,"gold_loss":0},{"damage_healed":0,"gold_gain":0,"player_choice":"Fight","damage_taken":0,"max_hp_gain":0,"max_hp_loss":0,"event_name":"Mysterious Sphere","floor":41,"gold_loss":0},{"cards_removed":["TrueSight"],"damage_healed":0,"gold_gain":0,"player_choice":"Purged","damage_taken":0,"max_hp_gain":0,"max_hp_loss":0,"event_name":"Purifier","floor":44,"gold_loss":0}],"is_beta":false,"boss_relics":[{"not_picked":["TimeKeys","SynthV:MejaisSoulstealer","hubris:BlackHole"]},{"not_picked":["Coffee Dripper","infinitespire:Cupcake"],"picked":"hubris:ScarierMask"}],"items_purged_floors":[39],"is_endless":false,"potions_floor_spawned":[1,13,19,24,31,33,41,42,45,48,54],"ascension_level":1}}