{"host":"7gewg82ormp6yt4e","time":1611238389,"event":{"mods":["BaseMod","Block Reminder","Colored Map","Colored Powertips","DeckTracker","Highlight Path","Minty Spire (QoL Compilation)","Relic Stats","StSLib","ojb\u0027s Info Mod"],"gold_per_floor":[109,122,122,136,42,42,77,101,113,125,190,221,233,245,245],"floor_reached":14,"language":"JPN","playtime":439,"items_purged":[],"score":176,"play_id":"2cfe551a-0941-4794-a3b5-50cc25f2c770","local_time":"20210121231309","is_ascension_mode":true,"campfire_choices":[{"data":"Consume","floor":6.0,"key":"SMITH"},{"data":"Capacitor","floor":10.0,"key":"SMITH"},{"floor":13.0,"key":"REST"}],"circlet_count":0,"master_deck":["AscendersBane","Strike_B","Strike_B","Strike_B","Defend_B","Defend_B","Defend_B","Defend_B","Zap","Dualcast","Capacitor+1","Chill","Consume+1","Dramatic Entrance+1","Hyperbeam+1","Defragment"],"relics":["Cracked Core","Pen Nib","MawBank","Whetstone"],"acts_visited":["Exordium"],"potions_floor_usage":[14],"damage_taken":[{"damage":4.0,"enemies":"Jaw Worm","floor":1.0,"turns":4.0},{"damage":1.0,"enemies":"Cultist","floor":2.0,"turns":3.0},{"damage":0.0,"enemies":"2 Louse","floor":4.0,"turns":4.0},{"damage":10.0,"enemies":"3 Sentries","floor":7.0,"turns":8.0},{"damage":11.0,"enemies":"Blue Slaver","floor":12.0,"turns":2.0},{"damage":76,"enemies":"Gremlin Nob","floor":14,"turns":4}],"seed_played":"-4296783751032897295","potions_obtained":[{"floor":2.0,"key":"LiquidBronze"},{"floor":4.0,"key":"Strength Potion"},{"floor":7.0,"key":"LiquidBronze"}],"is_trial":false,"path_per_floor":["M","M","?","M","$","R","E","T","T","R","?","M","R","E"],"character_chosen":"DEFECT","items_purchased":["Dramatic Entrance"],"campfire_rested":1,"item_purchase_floors":[5],"current_hp_per_floor":[56,55,55,55,55,55,45,45,45,45,45,34,59,0,0],"gold":245,"neow_bonus":"TWENTY_PERCENT_HP_BONUS","is_daily":false,"chose_seed":false,"campfire_upgraded":2,"win_rate":0.0,"timestamp":1611238389,"path_taken":["M","M","?","?","$","R","E","?","T","R","?","M","R","E"],"items_purchased_type":["Card"],"build_version":"2020-12-22","purchased_purges":0,"victory":false,"max_hp_per_floor":[85,85,85,85,85,85,85,85,85,85,85,85,85,85,85],"relic_stats":{"counters":[6,25],"Pen Nib":[0],"Whetstone":["Dramatic Entrance","Hyperbeam"],"MawBank":72,"obtain_stats":[{"Pen Nib":7,"Whetstone":9,"Cracked Core":0,"MawBank":8},{"Pen Nib":4,"Whetstone":4,"Cracked Core":0,"MawBank":4},{"Pen Nib":19,"Whetstone":19,"Cracked Core":0,"MawBank":19}]},"card_choices":[{"not_picked":["Gash","Stack"],"picked":"Capacitor","floor":1.0},{"not_picked":["Redo","Gash"],"picked":"Chill","floor":2.0},{"not_picked":["Compile Driver","Stack"],"picked":"Consume","floor":4.0},{"not_picked":["Conserve Battery","Gash"],"picked":"Hyperbeam","floor":7.0},{"not_picked":["Auto Shields","Barrage"],"picked":"Defragment","floor":12.0}],"player_experience":2646365,"relics_obtained":[{"floor":7.0,"key":"Pen Nib"},{"floor":8.0,"key":"MawBank"},{"floor":9.0,"key":"Whetstone"}],"event_choices":[{"cards_removed":["Strike_B"],"damage_healed":0.0,"max_hp_gain":0.0,"max_hp_loss":0.0,"gold_gain":0.0,"event_name":"Purifier","player_choice":"Purged","floor":3.0,"gold_loss":0.0,"damage_taken":0.0},{"damage_healed":0.0,"max_hp_gain":0.0,"max_hp_loss":0.0,"gold_gain":53.0,"event_name":"Golden Wing","player_choice":"Gained Gold","floor":11.0,"gold_loss":0.0,"damage_taken":0.0}],"is_beta":false,"boss_relics":[],"items_purged_floors":[],"is_endless":false,"potions_floor_spawned":[2,4,7],"killed_by":"Gremlin Nob","ascension_level":20}}