{"host":"2ccem01eblg14btk","time":1611216198,"event":{"mods":["BaseMod","Colored Map","Minty Spire (QoL Compilation)","Quick Restart","Replay The Spire","StSLib"],"gold_per_floor":[117,117,136,146,71,71,85,99,125,125,65,118,153,170,170,170,170],"floor_reached":16,"language":"ENG","playtime":462,"items_purged":["Pain"],"score":168,"play_id":"489b3be7-6d1b-4278-8ae5-ec9813d87c33","local_time":"20210121090318","is_ascension_mode":true,"campfire_choices":[{"data":"ReplayTheSpireMod:Necrogeddon","floor":6,"key":"SMITH"},{"data":"Exhume","floor":15,"key":"SMITH"}],"circlet_count":0,"master_deck":["AscendersBane","Strike_R","Strike_R","Strike_R","Strike_R","Strike_R","Defend_R","Defend_R","Defend_R","Defend_R","Bash","ReplayTheSpireMod:Necrogeddon+1","Metallicize","ReplayTheSpireMod:Strike From Hell","Clash","Shockwave","Metallicize","Metallicize","Exhume+1","Disarm"],"relics":["Burning Blood","WarpedTongs","Nunchaku","Ice Cream","Bag of Preparation"],"acts_visited":["Exordium"],"potions_floor_usage":[16],"damage_taken":[{"damage":4,"enemies":"Jaw Worm","floor":1,"turns":4},{"damage":5,"enemies":"Cultist","floor":3,"turns":3},{"damage":8,"enemies":"2 Louse","floor":4,"turns":3},{"damage":0,"enemies":"Exordium Wildlife","floor":7,"turns":3},{"damage":10,"enemies":"Large Slime","floor":8,"turns":5},{"damage":15,"enemies":"3 Sentries","floor":13,"turns":8},{"damage":0,"enemies":"Blue Slaver","floor":14,"turns":4},{"damage":85,"enemies":"Fading Forest","floor":16,"turns":8}],"seed_played":"-7314843842380029379","potions_obtained":[{"floor":8,"key":"FairyPotion"},{"floor":13,"key":"SkillPotion"}],"is_trial":false,"path_per_floor":["M","?","M","M","$","R","M","M","T","T","$","?","E","M","R","B"],"character_chosen":"IRONCLAD","items_purchased":["Metallicize"],"campfire_rested":0,"item_purchase_floors":[11],"current_hp_per_floor":[72,72,72,70,70,70,72,68,68,68,68,68,59,65,65,21,21],"gold":170,"neow_bonus":"RANDOM_COLORLESS_2","is_daily":false,"chose_seed":false,"campfire_upgraded":2,"win_rate":0.0,"timestamp":1611216198,"path_taken":["M","?","M","M","$","R","?","?","T","?","?","?","E","M","R","BOSS"],"items_purchased_type":["Card"],"build_version":"2020-12-22","purchased_purges":1,"victory":false,"max_hp_per_floor":[72,72,72,72,72,72,72,72,72,72,72,72,72,72,72,72,72],"card_choices":[{"not_picked":["Thinking Ahead","Secret Technique"],"picked":"ReplayTheSpireMod:Necrogeddon","floor":0},{"not_picked":["ReplayTheSpireMod:LeadingStrike","Shrug It Off"],"picked":"Metallicize","floor":1},{"not_picked":["Pummel","Flex"],"picked":"ReplayTheSpireMod:Strike From Hell","floor":3},{"not_picked":["Anger","Body Slam"],"picked":"Clash","floor":4},{"not_picked":["Armaments","Hemokinesis"],"picked":"Shockwave","floor":7},{"not_picked":["Rampage","Perfected Strike","Flex"],"picked":"SKIP","floor":8},{"not_picked":["Combust","Pummel"],"picked":"Exhume","floor":13},{"not_picked":["Flex","Twin Strike"],"picked":"Disarm","floor":14}],"player_experience":121383,"relics_obtained":[{"floor":9,"key":"Nunchaku"},{"floor":10,"key":"Ice Cream"},{"floor":13,"key":"Bag of Preparation"}],"event_choices":[{"damage_healed":0,"gold_gain":0,"player_choice":"Rummage","damage_taken":0,"relics_obtained":["WarpedTongs"],"max_hp_gain":0,"max_hp_loss":0,"event_name":"Accursed Blacksmith","floor":2,"gold_loss":0,"cards_obtained":["Pain"]},{"damage_healed":0,"gold_gain":53,"player_choice":"Gained Gold","damage_taken":0,"max_hp_gain":0,"max_hp_loss":0,"event_name":"Golden Wing","floor":12,"gold_loss":0}],"is_beta":false,"boss_relics":[],"items_purged_floors":[5],"is_endless":false,"potions_floor_spawned":[8,13,14],"killed_by":"Fading Forest","ascension_level":13}}