{"host":"2n2g1vowfllvjtvi","time":1611234873,"event":{"mods":["AchievementEnabler","BaseMod","Custom Start","GifTheSpireLib","Keyboard Shortcuts","Minty Spire (QoL Compilation)","Quick Restart","Rare Cards Sparkle","StSLib","SuperFastMode"],"gold_per_floor":[111,111,131,151,170,199,199,226,249,249,93,128,141,141,141,246,246,258,271,99,99,99,99,132,132,132,142,242,252,252,252,252],"floor_reached":31,"language":"KOR","playtime":517,"items_purged":["Strike_R","Strike_R"],"score":366,"play_id":"baa0facd-7b7c-4061-8ca3-a528af7a7398","local_time":"20210121221433","is_ascension_mode":true,"campfire_choices":[{"data":"Armaments","floor":7.0,"key":"SMITH"},{"data":"Bash","floor":10.0,"key":"SMITH"},{"data":"Inflame","floor":15.0,"key":"SMITH"},{"data":"Corruption","floor":23,"key":"SMITH"},{"data":"Evolve","floor":25,"key":"SMITH"},{"floor":30,"key":"REST"}],"circlet_count":0,"master_deck":["Strike_R+1","Defend_R","Defend_R","Defend_R","Bash+1","Clash+1","Clash","Armaments+1","Second Wind","Rage","Inflame+1","Corruption+1","Dark Embrace+1","Evolve+1","Sentinel+1","Pommel Strike+1"],"relics":["Burning Blood","Omamori","Oddly Smooth Stone","Whetstone","Juzu Bracelet","Empty Cage","MutagenicStrength","Anchor","Gremlin Horn"],"acts_visited":["Exordium","TheCity"],"potions_floor_usage":[],"damage_taken":[{"damage":6.0,"enemies":"Jaw Worm","floor":1.0,"turns":5.0},{"damage":0.0,"enemies":"Cultist","floor":3.0,"turns":2.0},{"damage":0.0,"enemies":"Small Slimes","floor":4.0,"turns":2.0},{"damage":5.0,"enemies":"Gremlin Gang","floor":5.0,"turns":4.0},{"damage":18.0,"enemies":"Gremlin Nob","floor":6.0,"turns":3.0},{"damage":9.0,"enemies":"3 Sentries","floor":8.0,"turns":4.0},{"damage":4.0,"enemies":"Gremlin Nob","floor":12.0,"turns":3.0},{"damage":0.0,"enemies":"Exordium Wildlife","floor":13.0,"turns":3.0},{"damage":5.0,"enemies":"The Guardian","floor":16.0,"turns":9.0},{"damage":19.0,"enemies":"Spheric Guardian","floor":18.0,"turns":4.0},{"damage":24.0,"enemies":"Chosen","floor":19.0,"turns":6.0},{"damage":41,"enemies":"Gremlin Leader","floor":24,"turns":5},{"damage":0,"enemies":"Shelled Parasite and Fungi","floor":27,"turns":4},{"damage":12,"enemies":"Cultist and Chosen","floor":29,"turns":5},{"damage":2,"enemies":"Chosen and Byrds","floor":31,"turns":3}],"seed_played":"-4951322206869597455","potions_obtained":[{"floor":1.0,"key":"SkillPotion"},{"floor":3.0,"key":"PowerPotion"},{"floor":8.0,"key":"HeartOfIron"},{"floor":13.0,"key":"BlessingOfTheForge"},{"floor":24,"key":"Swift Potion"},{"floor":27,"key":"Dexterity Potion"},{"floor":29,"key":"AttackPotion"}],"is_trial":false,"path_per_floor":["M","?","M","M","M","E","R","E","T","R","$","E","M","?","R","B",null,"M","M","$","?","?","R","E","R","T","M","?","M","R","M"],"character_chosen":"IRONCLAD","items_purchased":["Inflame","Evolve"],"campfire_rested":1,"item_purchase_floors":[11,20],"current_hp_per_floor":[72,72,78,84,85,73,73,70,70,70,70,72,78,96,96,96,96,83,65,65,65,65,65,30,30,30,36,36,30,58,56,56],"gold":252,"neow_bonus":"TWENTY_PERCENT_HP_BONUS","is_daily":false,"chose_seed":false,"campfire_upgraded":5,"win_rate":0.0,"timestamp":1611234873,"path_taken":["M","?","M","?","M","E","R","E","T","R","$","E","M","?","R","BOSS","M","M","$","?","?","R","E","R","T","M","?","M","R","M"],"items_purchased_type":["Card","Card"],"build_version":"2020-12-22","purchased_purges":2,"victory":false,"max_hp_per_floor":[96,96,96,96,96,96,96,96,96,96,96,96,96,96,96,96,96,96,96,96,96,96,96,96,96,96,96,96,96,96,96,96],"card_choices":[{"not_picked":["Feel No Pain","Shockwave"],"picked":"Clash","floor":1.0},{"not_picked":["Body Slam","Thunderclap"],"picked":"Clash","floor":3.0},{"not_picked":["Cleave","Spot Weakness"],"picked":"Armaments","floor":4.0},{"not_picked":["Pommel Strike","Metallicize"],"picked":"Second Wind","floor":5.0},{"not_picked":["Clothesline","Burning Pact"],"picked":"Rage","floor":6.0},{"not_picked":["Wild Strike","Spot Weakness","Metallicize"],"picked":"SKIP","floor":8.0},{"not_picked":["Clash","Pummel","Immolate"],"picked":"SKIP","floor":12.0},{"not_picked":["Iron Wave","Body Slam","Flex"],"picked":"SKIP","floor":13.0},{"not_picked":["Brutality","Reaper"],"picked":"Corruption","floor":16.0},{"not_picked":["Sword Boomerang","Seeing Red+1"],"picked":"Dark Embrace+1","floor":18.0},{"not_picked":["Clothesline","Warcry","Flex"],"picked":"SKIP","floor":19.0},{"not_picked":["Heavy Blade+1","Clothesline+1"],"picked":"Sentinel+1","floor":24},{"not_picked":["Feel No Pain","Heavy Blade"],"picked":"Pommel Strike+1","floor":27},{"not_picked":["Flex","Pommel Strike+1","Cleave"],"picked":"SKIP","floor":29}],"player_experience":223144,"relics_obtained":[{"floor":6.0,"key":"Omamori"},{"floor":8.0,"key":"Oddly Smooth Stone"},{"floor":9.0,"key":"Whetstone"},{"floor":12.0,"key":"Juzu Bracelet"},{"floor":24,"key":"Anchor"},{"floor":26,"key":"Gremlin Horn"}],"event_choices":[{"cards_removed":["Defend_R"],"damage_healed":0.0,"max_hp_gain":0.0,"max_hp_loss":0.0,"gold_gain":0.0,"event_name":"Purifier","player_choice":"Purged","floor":2.0,"gold_loss":0.0,"damage_taken":0.0},{"damage_healed":18.0,"max_hp_gain":0.0,"max_hp_loss":0.0,"gold_gain":0.0,"event_name":"Wheel of Change","player_choice":"Full Heal","floor":14.0,"gold_loss":0.0,"damage_taken":0.0},{"damage_healed":0.0,"max_hp_gain":0.0,"max_hp_loss":0.0,"gold_gain":0.0,"event_name":"Drug Dealer","player_choice":"Inject Mutagens","floor":21.0,"gold_loss":0.0,"damage_taken":0.0,"relics_obtained":["MutagenicStrength"]},{"damage_healed":0,"gold_gain":0,"player_choice":"Ignored","damage_taken":0,"max_hp_gain":0,"max_hp_loss":0,"event_name":"Cursed Tome","floor":22,"gold_loss":0},{"damage_healed":0,"gold_gain":100,"player_choice":"Pray","damage_taken":0,"max_hp_gain":0,"max_hp_loss":0,"event_name":"Golden Shrine","floor":28,"gold_loss":0}],"is_beta":false,"boss_relics":[{"not_picked":["Cursed Key","Fusion Hammer"],"picked":"Empty Cage"}],"items_purged_floors":[11,20],"is_endless":false,"potions_floor_spawned":[1,3,8,13,24,27,29],"killed_by":"Chosen and Byrds","ascension_level":5}}