{"host":"1c17lcvl7acx821p","time":1611251040,"event":{"mods":["AchievementEnabler","BaseMod","Colored Map","Minty Spire (QoL Compilation)","StSLib"],"gold_per_floor":[116,116,132,132,6,32,32,60,60,140,16,16,49,59,59,162,162,179,179,196,213,245,273,273,303,303,337,337,337,348,368,368,473,473,485,485,1484,725,740,765,665,695,695,695,713,373,404,418,418,418,418,418,15,40,40],"floor_reached":56,"language":"ENG","playtime":2694,"items_purged":["Defend_G","Strike_G","Defend_G","Strike_G"],"score":2068,"play_id":"1b63f94c-9dfa-4d68-b0a8-47ed33a5fc24","local_time":"20210121194400","is_ascension_mode":true,"campfire_choices":[{"data":"Neutralize","floor":7,"key":"SMITH"},{"floor":12,"key":"REST"},{"data":"Blade Dance","floor":15,"key":"SMITH"},{"data":"Cloak And Dagger","floor":24,"key":"SMITH"},{"data":"Cloak And Dagger","floor":28,"key":"SMITH"},{"data":"Acrobatics","floor":32,"key":"SMITH"},{"floor":49,"key":"RECALL"},{"data":"Defend_G","floor":52,"key":"SMITH"}],"circlet_count":0,"master_deck":["Strike_G","Defend_G+1","Defend_G","Defend_G+1","Survivor","Neutralize+1","Dagger Throw+1","Poisoned Stab","Predator","Flash of Steel","Cloak And Dagger+1","Die Die Die","Infinite Blades","Calculated Gamble","Blade Dance+1","Phantasmal Killer","Dagger Throw+1","Cloak And Dagger+1","Acrobatics+1","Acrobatics+1","Storm of Steel+1","Escape Plan+1","Bullet Time+1","Adrenaline+1","Blade Dance+1","Blade Dance+1","Adrenaline+1","Violence+1","Infinite Blades","Escape Plan+1","Blade Dance+1","Adrenaline+1","Blade Dance+1","Deep Breath+1","Cloak And Dagger+1","Malaise+1"],"relics":["Ring of the Snake","Pen Nib","Kunai","Thread and Needle","Paper Crane","Nunchaku","HoveringKite","Red Mask","Toxic Egg 2","Omamori","Meat on the Bone","Happy Flower","WristBlade","Toy Ornithopter","Frozen Eye","Lantern","Bag of Preparation","Shuriken","Bottled Lightning","Bag of Marbles","Ninja Scroll"],"acts_visited":["Exordium","TheCity","TheBeyond","TheEnding"],"potions_floor_usage":[6,23,25,50,54,55,55,55],"damage_taken":[{"damage":7,"enemies":"Small Slimes","floor":1,"turns":4},{"damage":0,"enemies":"Jaw Worm","floor":3,"turns":3},{"damage":11,"enemies":"3 Sentries","floor":6,"turns":6},{"damage":18,"enemies":"Lagavulin","floor":8,"turns":6},{"damage":11,"enemies":"Gremlin Nob","floor":13,"turns":4},{"damage":0,"enemies":"2 Louse","floor":14,"turns":1},{"damage":0,"enemies":"Slime Boss","floor":16,"turns":5},{"damage":3,"enemies":"Shell Parasite","floor":18,"turns":4},{"damage":8,"enemies":"2 Thieves","floor":20,"turns":3},{"damage":6,"enemies":"Snake Plant","floor":21,"turns":5},{"damage":0,"enemies":"Masked Bandits","floor":22,"turns":2},{"damage":0,"enemies":"Gremlin Leader","floor":23,"turns":5},{"damage":0,"enemies":"Slavers","floor":25,"turns":3},{"damage":5,"enemies":"Gremlin Leader","floor":27,"turns":5},{"damage":4,"enemies":"Centurion and Healer","floor":30,"turns":4},{"damage":6,"enemies":"Snecko","floor":31,"turns":3},{"damage":24,"enemies":"Champ","floor":33,"turns":8},{"damage":0,"enemies":"3 Shapes","floor":35,"turns":3},{"damage":0,"enemies":"Orb Walker","floor":39,"turns":1},{"damage":0,"enemies":"Giant Head","floor":40,"turns":3},{"damage":0,"enemies":"Reptomancer","floor":42,"turns":2},{"damage":0,"enemies":"Jaw Worm Horde","floor":45,"turns":1},{"damage":0,"enemies":"Nemesis","floor":47,"turns":1},{"damage":0,"enemies":"Sphere and 2 Shapes","floor":48,"turns":2},{"damage":22,"enemies":"Time Eater","floor":50,"turns":3},{"damage":0,"enemies":"Shield and Spear","floor":54,"turns":1},{"damage":32,"enemies":"The Heart","floor":55,"turns":3}],"seed_played":"-9176264759158183983","potions_obtained":[{"floor":3,"key":"SteroidPotion"},{"floor":8,"key":"FearPotion"},{"floor":13,"key":"FearPotion"},{"floor":14,"key":"Poison Potion"},{"floor":16,"key":"Strength Potion"},{"floor":23,"key":"AttackPotion"},{"floor":25,"key":"Poison Potion"},{"floor":35,"key":"EntropicBrew"},{"floor":39,"key":"AttackPotion"},{"floor":42,"key":"FearPotion"},{"floor":54,"key":"Energy Potion"}],"is_trial":false,"path_per_floor":["M","?","M","?","$","E","R","E","T","T","$","R","E","M","R","B",null,"M","?","M","M","?","E","R","E","T","E","R","?","M","M","R","B",null,"M","?","?","$","M","E","$","E","T","?","M","$","E","M","R","B",null,"R","$","E","B",null],"character_chosen":"THE_SILENT","items_purchased":["Predator","Flash of Steel","Infinite Blades","SpeedPotion","Blade Dance+1","Adrenaline+1","Violence+1","Infinite Blades","Toy Ornithopter","Frozen Eye","Adrenaline+1","Blade Dance+1","Deep Breath+1","Bag of Marbles","Cloak And Dagger+1","FearPotion"],"campfire_rested":1,"item_purchase_floors":[5,5,11,11,38,38,38,38,38,38,46,46,46,53,53,53],"current_hp_per_floor":[56,42,42,65,65,54,54,36,36,36,36,57,46,46,46,46,64,61,61,53,47,47,47,47,47,47,42,42,42,38,44,44,32,61,61,61,61,61,61,61,61,61,61,61,61,61,61,61,61,44,61,61,61,66,47],"gold":40,"neow_bonus":"RANDOM_COMMON_RELIC","is_daily":false,"chose_seed":false,"campfire_upgraded":6,"win_rate":0.0,"timestamp":1611251040,"path_taken":["M","?","M","?","$","E","R","E","T","?","$","R","E","M","R","BOSS","M","?","M","?","?","E","R","E","T","E","R","?","M","M","R","BOSS","M","?","?","?","M","E","$","E","T","?","M","?","E","M","R","BOSS","R","$","E","BOSS"],"items_purchased_type":["Card","Card","Card","Potion","Card","Card","Card","Card","Relic","Relic","Card","Card","Card","Relic","Card","Potion"],"build_version":"2020-12-22","purchased_purges":4,"victory":true,"max_hp_per_floor":[70,70,70,70,70,70,70,70,70,70,70,70,70,70,70,70,70,70,70,70,70,70,70,70,70,70,70,70,70,70,70,70,70,70,70,66,66,66,66,66,66,66,66,66,66,66,66,66,66,66,66,66,66,66,66],"card_choices":[{"not_picked":["Concentrate","Terror"],"picked":"Dagger Throw","floor":1},{"not_picked":["Deflect","Flying Knee"],"picked":"Poisoned Stab","floor":3},{"not_picked":["Quick Slash","Dagger Throw"],"picked":"Cloak And Dagger","floor":6},{"not_picked":["Heel Hook","Flechettes"],"picked":"Die Die Die","floor":8},{"not_picked":["Deflect","Dodge and Roll"],"picked":"Calculated Gamble","floor":13},{"not_picked":["Dash","Quick Slash"],"picked":"Blade Dance","floor":14},{"not_picked":["Wraith Form v2","Die Die Die"],"picked":"Phantasmal Killer","floor":16},{"not_picked":["Slice","Footwork"],"picked":"Dagger Throw+1","floor":18},{"not_picked":["Quick Slash","Outmaneuver","Underhanded Strike"],"picked":"SKIP","floor":20},{"not_picked":["Deflect+1","Bane"],"picked":"Cloak And Dagger","floor":21},{"not_picked":["Finisher+1","Deflect"],"picked":"Acrobatics","floor":22},{"not_picked":["Quick Slash","Finisher"],"picked":"Acrobatics+1","floor":23},{"not_picked":["Deflect+1","Outmaneuver+1","Flechettes+1"],"picked":"SKIP","floor":25},{"not_picked":["Caltrops","Outmaneuver+1","Quick Slash"],"picked":"SKIP","floor":27},{"not_picked":["Outmaneuver+1","Dodge and Roll+1"],"picked":"Escape Plan+1","floor":30},{"not_picked":["Bane","Dodge and Roll+1"],"picked":"Bullet Time+1","floor":31},{"not_picked":["Doppelganger+1","Burst+1"],"picked":"Adrenaline+1","floor":33},{"not_picked":["Dash+1","Backstab"],"picked":"Blade Dance+1","floor":35},{"not_picked":["Prepared+1","Poisoned Stab","Deflect+1"],"picked":"SKIP","floor":39},{"not_picked":["Dagger Throw+1","Underhanded Strike","Dodge and Roll+1"],"picked":"SKIP","floor":40},{"not_picked":["Outmaneuver+1","Terror+1"],"picked":"Escape Plan+1","floor":42},{"not_picked":["Bouncing Flask+1","Heel Hook"],"picked":"Blade Dance+1","floor":45},{"not_picked":["Deadly Poison+1","Underhanded Strike+1","Acrobatics+1"],"picked":"SKIP","floor":47},{"not_picked":["Prepared+1","Dagger Spray","Predator"],"picked":"SKIP","floor":48},{"not_picked":["Bane","Deflect+1"],"picked":"Malaise+1","floor":54}],"player_experience":166618,"relics_obtained":[{"floor":6,"key":"Kunai"},{"floor":8,"key":"Thread and Needle"},{"floor":10,"key":"Paper Crane"},{"floor":13,"key":"Nunchaku"},{"floor":22,"key":"Red Mask"},{"floor":23,"key":"Toxic Egg 2"},{"floor":25,"key":"Omamori"},{"floor":26,"key":"Meat on the Bone"},{"floor":27,"key":"Happy Flower"},{"floor":40,"key":"Lantern"},{"floor":42,"key":"Bag of Preparation"},{"floor":43,"key":"Shuriken"},{"floor":47,"key":"Bottled Lightning"},{"floor":54,"key":"Ninja Scroll"}],"event_choices":[{"damage_healed":0,"gold_gain":0,"player_choice":"Entered Light","damage_taken":14,"max_hp_gain":0,"max_hp_loss":0,"event_name":"Shining Light","floor":2,"gold_loss":0,"cards_upgraded":["Dagger Throw","Defend_G"]},{"damage_healed":23,"gold_gain":0,"player_choice":"Banana","damage_taken":0,"max_hp_gain":0,"max_hp_loss":0,"event_name":"Big Fish","floor":4,"gold_loss":0},{"cards_removed":["Strike_G"],"damage_healed":0,"gold_gain":0,"player_choice":"Purged","damage_taken":0,"max_hp_gain":0,"max_hp_loss":0,"event_name":"Purifier","floor":19,"gold_loss":0},{"damage_healed":0,"gold_gain":0,"player_choice":"Fought Bandits","damage_taken":0,"max_hp_gain":0,"max_hp_loss":0,"event_name":"Masked Bandits","floor":22,"gold_loss":0},{"damage_healed":0,"gold_gain":0,"player_choice":"Read","damage_taken":0,"max_hp_gain":0,"max_hp_loss":0,"event_name":"The Library","floor":29,"gold_loss":0,"cards_obtained":["Storm of Steel"]},{"damage_healed":0,"gold_gain":0,"player_choice":"Max HP","damage_taken":0,"max_hp_gain":0,"max_hp_loss":4,"event_name":"Winding Halls","floor":36,"gold_loss":0},{"damage_healed":0,"gold_gain":999,"player_choice":"Gold","damage_taken":0,"max_hp_gain":0,"max_hp_loss":0,"event_name":"MindBloom","floor":37,"gold_loss":0,"cards_obtained":["Normality","Normality"]},{"cards_removed":["Strike_G"],"damage_healed":0,"gold_gain":0,"player_choice":"Removed Attack","damage_taken":0,"max_hp_gain":0,"max_hp_loss":0,"event_name":"Falling","floor":44,"gold_loss":0}],"is_beta":false,"boss_relics":[{"not_picked":["Runic Dome","SacredBark"],"picked":"HoveringKite"},{"not_picked":["Coffee Dripper","Pandora\u0027s Box"],"picked":"WristBlade"}],"items_purged_floors":[38,41,46,53],"is_endless":false,"potions_floor_spawned":[3,8,13,14,16,18,23,25,27,33,35,39,42,47,54],"ascension_level":8}}