{"host":"1ekl8hlbnopmdapi","time":1611252809,"event":{"mods":["AchievementEnabler","BaseMod","Colored Map","Colored Powertips","DeckTracker","Googly Eyes","Highlight Path","Minty Spire (QoL Compilation)","Relic Sorter","StSLib","Synergy Search"],"gold_per_floor":[115,127,140,158,178,178,178,178,178,111,151,151,151,195,195,195,195],"floor_reached":16,"language":"ENG","playtime":353,"items_purged":[],"score":138,"play_id":"e4e98514-d5c0-4fc9-ac5c-b6f79dacea88","local_time":"20210121131329","is_ascension_mode":true,"campfire_choices":[{"floor":6,"key":"RECALL"},{"floor":8,"key":"REST"},{"floor":12,"key":"REST"},{"floor":15,"key":"REST"}],"circlet_count":0,"master_deck":["Survivor","Neutralize","All Out Attack","Bullet Time","Masterful Stab","Masterful Stab","All Out Attack","Blur","Poisoned Stab","Deflect","Venomology","Endless Agony","Crippling Poison","Quick Slash","Finisher","Noxious Fumes","Riddle With Holes","Injury","Footwork","Escape Plan"],"relics":["Pandora\u0027s Box","Golden Idol","Happy Flower","Bronze Scales","Matryoshka","Strawberry"],"acts_visited":["Exordium"],"potions_floor_usage":[3,5,11,14,14,16],"damage_taken":[{"damage":0,"enemies":"2 Louse","floor":1,"turns":2},{"damage":0,"enemies":"Small Slimes","floor":2,"turns":2},{"damage":0,"enemies":"Cultist","floor":3,"turns":2},{"damage":4,"enemies":"2 Fungi Beasts","floor":4,"turns":2},{"damage":15,"enemies":"Gremlin Gang","floor":5,"turns":3},{"damage":39,"enemies":"Gremlin Nob","floor":11,"turns":5},{"damage":15,"enemies":"Lagavulin","floor":14,"turns":3},{"damage":56,"enemies":"The Guardian","floor":16,"turns":7}],"seed_played":"-7442292406820574226","potions_obtained":[{"floor":1,"key":"DistilledChaos"},{"floor":5,"key":"SkillPotion"},{"floor":11,"key":"PowerPotion"}],"is_trial":false,"path_per_floor":["M","M","M","M","M","R","?","R","T","$","E","R","?","E","R","B"],"character_chosen":"THE_SILENT","items_purchased":["Footwork"],"campfire_rested":3,"item_purchase_floors":[10],"current_hp_per_floor":[70,70,70,66,51,51,51,70,70,70,31,52,40,32,55,0,0],"gold":195,"neow_bonus":"BOSS_RELIC","is_daily":false,"chose_seed":false,"campfire_upgraded":0,"win_rate":0.0,"timestamp":1611252809,"path_taken":["M","M","M","M","M","R","?","R","T","$","E","R","?","E","R","BOSS"],"items_purchased_type":["Card"],"build_version":"2020-12-22","purchased_purges":0,"victory":false,"max_hp_per_floor":[70,70,70,70,70,70,70,70,70,70,70,70,70,77,77,77,77],"card_choices":[{"not_picked":["Bouncing Flask","Dagger Throw"],"picked":"Crippling Poison","floor":1},{"not_picked":["Expertise","Setup"],"picked":"Quick Slash","floor":2},{"not_picked":["Slice","Catalyst"],"picked":"Finisher","floor":3},{"not_picked":["Bane","Dagger Throw"],"picked":"Noxious Fumes","floor":4},{"not_picked":["Concentrate","Prepared"],"picked":"Riddle With Holes","floor":5},{"not_picked":["Eviscerate","Concentrate","PiercingWail"],"picked":"SKIP","floor":11},{"not_picked":["Cloak And Dagger","Deflect"],"picked":"Escape Plan","floor":14}],"player_experience":478292,"relics_obtained":[{"floor":9,"key":"Happy Flower"},{"floor":11,"key":"Bronze Scales"},{"floor":14,"key":"Strawberry"}],"event_choices":[{"damage_healed":0,"gold_gain":0,"player_choice":"Take Wound","damage_taken":0,"relics_obtained":["Golden Idol"],"max_hp_gain":0,"max_hp_loss":0,"event_name":"Golden Idol","floor":7,"gold_loss":0,"cards_obtained":["Injury"]},{"damage_healed":0,"gold_gain":0,"player_choice":"Success","damage_taken":12,"relics_obtained":["Matryoshka"],"max_hp_gain":0,"max_hp_loss":0,"event_name":"Scrap Ooze","floor":13,"gold_loss":0}],"is_beta":false,"boss_relics":[],"items_purged_floors":[],"is_endless":false,"potions_floor_spawned":[1,5,11],"killed_by":"The Guardian","ascension_level":5}}