{"host":"83ve8bsuvg15pdqh","time":1611196518,"event":{"mods":["2.2 Compatiblity","AchievementEnabler","BaseMod","Colored Map","Colored Powertips","Downfall","Highlight Path","Minty Spire (QoL Compilation)","Relic Stats","StSLib","everything is the same but u backflip on backflip"],"gold_per_floor":[99,111,111,127,138,138,165,190,190,190,218,143,154,184,196,196,196,196],"floor_reached":16,"language":"ENG","playtime":2049,"items_purged":[],"score":120,"play_id":"28bccc7b-12fb-46df-ba0e-12a0e9b46a6e","local_time":"20210120203518","is_ascension_mode":false,"campfire_choices":[{"data":"Slimebound:Split","floor":1,"key":"SMITH"},{"data":"Slimebound:GrowthPunch","floor":6,"key":"SMITH"}],"circlet_count":0,"master_deck":["Slimebound:Strike_Slimebound","Slimebound:Strike_Slimebound","Slimebound:Strike_Slimebound","Slimebound:Tackle","Slimebound:Defend_Slimebound","Slimebound:Defend_Slimebound","Slimebound:Defend_Slimebound","Slimebound:Defend_Slimebound","Slimebound:Split+1","Slimebound:CorrosiveSpit","Slimebound:RejuvenatingLick","Slimebound:Split+1","Slimebound:Schlurp","Slimebound:GrowthPunch+1","Slimebound:FormOfPuddle","Regret","Slimebound:RollThrough","Slimebound:ItLooksTasty","Slimebound:FlameTackle","Slimebound:LevelUp"],"relics":["Slimebound:AbsorbEndCombat","Lantern","Thread and Needle","MealTicket","Bottled Flame","Shuriken","Slimebound:GreedOozeRelic","InkBottle"],"acts_visited":["Exordium"],"potions_floor_usage":[16,16,16],"damage_taken":[{"damage":0,"enemies":"Small Slimes","floor":2,"turns":4},{"damage":1,"enemies":"Cultist","floor":4,"turns":3},{"damage":1,"enemies":"Jaw Worm","floor":5,"turns":3},{"damage":16,"enemies":"3 Sentries","floor":8,"turns":8},{"damage":28,"enemies":"Gremlin Nob","floor":11,"turns":5},{"damage":2,"enemies":"3 Louse","floor":13,"turns":3},{"damage":14,"enemies":"3 Sentries","floor":14,"turns":6},{"damage":3,"enemies":"2 Fungi Beasts","floor":15,"turns":2},{"damage":42,"enemies":"WA_ARCHETYPE_RETAIN","floor":16,"turns":7}],"seed_played":"7466535360657036348","potions_obtained":[{"floor":2,"key":"Block Potion"},{"floor":4,"key":"BlessingOfTheForge"},{"floor":13,"key":"Fire Potion"},{"floor":14,"key":"CultistPotion"}],"is_trial":false,"path_per_floor":["R","M","?","M","M","R","T","E","?","T","E","?","M","E","M","B"],"character_chosen":"SLIMEBOUND","items_purchased":[],"campfire_rested":0,"item_purchase_floors":[],"current_hp_per_floor":[65,65,65,65,65,65,65,57,57,57,33,33,39,33,32,0,0,0],"gold":196,"neow_bonus":"","is_daily":false,"chose_seed":false,"campfire_upgraded":2,"win_rate":0.0,"timestamp":1611196518,"path_taken":["R","M","?","?","M","R","T","E","?","?","E","?","M","E","M","BOSS"],"items_purchased_type":[],"build_version":"2020-12-22","purchased_purges":0,"victory":false,"max_hp_per_floor":[65,65,65,65,65,65,65,65,65,65,65,65,65,65,65,65,65,65],"relic_stats":{"counters":[9,39],"Shuriken":[2],"MealTicket":0,"obtain_stats":[{"Slimebound:GreedOozeRelic":12,"Lantern":7,"Bottled Flame":10,"Shuriken":11,"Thread and Needle":8,"MealTicket":9,"Slimebound:AbsorbEndCombat":0,"InkBottle":14},{"Slimebound:GreedOozeRelic":5,"Lantern":3,"Bottled Flame":4,"Shuriken":5,"Thread and Needle":4,"MealTicket":4,"Slimebound:AbsorbEndCombat":0,"InkBottle":7},{"Slimebound:GreedOozeRelic":21,"Lantern":10,"Bottled Flame":17,"Shuriken":21,"Thread and Needle":17,"MealTicket":17,"Slimebound:AbsorbEndCombat":0,"InkBottle":30}],"InkBottle":[3]},"card_choices":[{"not_picked":["Slimebound:Grow","Slimebound:ProtectTheBoss"],"picked":"Slimebound:RejuvenatingLick","floor":2},{"not_picked":["Slimebound:Chomp","Slimebound:GrowthPunch"],"picked":"Slimebound:Schlurp","floor":4},{"not_picked":["Slimebound:SplitBruiser","Slimebound:SplitLeeching"],"picked":"Slimebound:GrowthPunch","floor":5},{"not_picked":["Slimebound:SlimeBrawl","Slimebound:DouseInSlime"],"picked":"Slimebound:FormOfPuddle","floor":8},{"not_picked":["Slimebound:RejuvenatingLick","Slimebound:ComboTackle"],"picked":"Slimebound:RollThrough","floor":11},{"not_picked":["Slimebound:RollThrough","Slimebound:RejuvenatingLick"],"picked":"Slimebound:ItLooksTasty","floor":13},{"not_picked":["Slimebound:SpikyOuterGoop","Slimebound:ItLooksTasty"],"picked":"Slimebound:FlameTackle","floor":14},{"not_picked":["Slimebound:SplitLeeching","Slimebound:RollThrough"],"picked":"Slimebound:LevelUp","floor":15}],"player_experience":15924,"relics_obtained":[{"floor":7,"key":"Lantern"},{"floor":8,"key":"Thread and Needle"},{"floor":10,"key":"Bottled Flame"},{"floor":11,"key":"Shuriken"},{"floor":14,"key":"InkBottle"}],"event_choices":[{"damage_healed":0,"gold_gain":0,"player_choice":"Box","damage_taken":0,"relics_obtained":["MealTicket"],"max_hp_gain":0,"max_hp_loss":0,"event_name":"Big Fish","floor":9,"gold_loss":0,"cards_obtained":["Regret"]}],"is_beta":false,"boss_relics":[],"items_purged_floors":[],"is_endless":false,"potions_floor_spawned":[2,4,13,14],"killed_by":"WA_ARCHETYPE_RETAIN","ascension_level":0}}