{"host":"qhhcmep1unj6mpf7","time":1611204102,"event":{"mods":["2.2 Compatiblity","AchievementEnabler","BaseMod","Colored Map","DeckTracker","Highlight Path","Keyboard Shortcuts","Minty Spire (QoL Compilation)","Permanent Neow","Quick Restart","Random Character Button","StSLib","SuperFastMode","everything is the same but u backflip on backflip"],"gold_per_floor":[15,15,33,33,53,53,67,67,90,120,197,236,265,277,289,401,413,443,455,478,501,528,540,349,349,349,365,164,164,164],"floor_reached":29,"language":"KOR","playtime":604,"items_purged":["Strike_B","Strike_B"],"score":291,"play_id":"ac9081d2-1c68-4f28-b1b8-7cfdad9a03cf","local_time":"20210121134142","is_ascension_mode":true,"campfire_choices":[{"data":"Consume","floor":6.0,"key":"SMITH"},{"data":"Darkness","floor":15.0,"key":"SMITH"},{"floor":23.0,"key":"REST"}],"circlet_count":0,"master_deck":["Strike_B","Strike_B","Defend_B+1","Defend_B","Defend_B","Defend_B","Zap","Dualcast","Multi-Cast+1","Rebound+1","Consume+1","Doom and Gloom","Darkness+1","Meteor Strike","Amplify+1","Redo","Reinforced Body","Darkness+1"],"relics":["Cracked Core","MawBank","Bronze Scales","Smiling Mask","Runic Pyramid","DollysMirror","Frozen Egg 2","Vajra","Runic Capacitor"],"acts_visited":["Exordium","TheCity"],"potions_floor_usage":[],"damage_taken":[{"damage":0.0,"enemies":"Small Slimes","floor":1.0,"turns":3.0},{"damage":0.0,"enemies":"2 Louse","floor":3.0,"turns":1.0},{"damage":0.0,"enemies":"Cultist","floor":5.0,"turns":3.0},{"damage":13.0,"enemies":"Red Slaver","floor":7.0,"turns":4.0},{"damage":15.0,"enemies":"Large Slime","floor":10.0,"turns":4.0},{"damage":16.0,"enemies":"Gremlin Nob","floor":12.0,"turns":4.0},{"damage":5.0,"enemies":"Looter","floor":13.0,"turns":3.0},{"damage":0.0,"enemies":"Slime Boss","floor":16.0,"turns":5.0},{"damage":2.0,"enemies":"Chosen","floor":18.0,"turns":4.0},{"damage":22.0,"enemies":"Shell Parasite","floor":20.0,"turns":4.0},{"damage":25.0,"enemies":"Chosen and Byrds","floor":21.0,"turns":4.0},{"damage":17.0,"enemies":"Centurion and Healer","floor":22.0,"turns":6.0},{"damage":15.0,"enemies":"Snake Plant","floor":27.0,"turns":4.0},{"damage":16,"enemies":"Shelled Parasite and Fungi","floor":29,"turns":1}],"seed_played":"-6753455414171148742","potions_obtained":[{"floor":3.0,"key":"ColorlessPotion"},{"floor":5.0,"key":"Strength Potion"},{"floor":10.0,"key":"Explosive Potion"},{"floor":21.0,"key":"Energy Potion"},{"floor":22.0,"key":"EntropicBrew"}],"is_trial":false,"path_per_floor":["M","?","M","$","M","R","M","?","T","M","?","E","M","T","R","B",null,"M","?","M","M","M","R","$","T","T","M","$","M"],"character_chosen":"DEFECT","items_purchased":["DollysMirror","Runic Capacitor"],"campfire_rested":1,"item_purchase_floors":[24,28],"current_hp_per_floor":[75,75,75,75,75,75,62,47,47,32,32,16,11,11,11,11,75,73,73,51,26,9,31,31,31,31,16,16,0,0],"gold":164,"neow_bonus":"THREE_RARE_CARDS","is_daily":false,"chose_seed":false,"campfire_upgraded":2,"win_rate":0.0,"timestamp":1611204102,"path_taken":["M","?","M","$","M","R","M","?","T","M","?","E","M","?","R","BOSS","M","?","M","?","M","R","$","?","T","M","$","M"],"items_purchased_type":["Relic","Relic"],"build_version":"2020-12-22","purchased_purges":2,"victory":false,"max_hp_per_floor":[75,75,75,75,75,75,75,75,75,75,75,75,75,75,75,75,75,75,75,75,75,75,75,75,75,75,75,75,75,75],"card_choices":[{"not_picked":["All For One","Seek"],"picked":"Multi-Cast","floor":0.0},{"not_picked":["Coolheaded","Force Field"],"picked":"Rebound","floor":1.0},{"not_picked":["Steam","Streamline","Sweeping Beam"],"picked":"SKIP","floor":3.0},{"not_picked":["Compile Driver","Cold Snap"],"picked":"Consume","floor":5.0},{"not_picked":["Barrage","Compile Driver","Auto Shields"],"picked":"SKIP","floor":7.0},{"not_picked":["Barrage","Leap"],"picked":"Doom and Gloom","floor":10.0},{"not_picked":["Sunder","Stack"],"picked":"Darkness","floor":12.0},{"not_picked":["Aggregate","Redo"],"picked":"Meteor Strike","floor":13.0},{"not_picked":["All For One","Thunder Strike"],"picked":"Amplify","floor":16.0},{"not_picked":["Aggregate+1","Turbo","Conserve Battery+1"],"picked":"SKIP","floor":18.0},{"not_picked":["Beam Cell+1","Recycle"],"picked":"Redo","floor":20.0},{"not_picked":["Cold Snap","Barrage"],"picked":"Reinforced Body","floor":21.0},{"not_picked":["Cold Snap","Compile Driver+1","Reprogram"],"picked":"SKIP","floor":22.0},{"not_picked":["Sweeping Beam","Ball Lightning","Gash"],"picked":"SKIP","floor":27.0}],"player_experience":323368,"relics_obtained":[{"floor":9.0,"key":"MawBank"},{"floor":12.0,"key":"Bronze Scales"},{"floor":14.0,"key":"Smiling Mask"},{"floor":25.0,"key":"Frozen Egg 2"},{"floor":26.0,"key":"Vajra"}],"event_choices":[{"damage_healed":0.0,"max_hp_gain":0.0,"max_hp_loss":0.0,"gold_gain":0.0,"event_name":"Living Wall","player_choice":"Grow","floor":2.0,"gold_loss":0.0,"damage_taken":0.0,"cards_upgraded":["Multi-Cast"]},{"damage_healed":0.0,"max_hp_gain":0.0,"max_hp_loss":0.0,"gold_gain":0.0,"event_name":"Shining Light","player_choice":"Entered Light","floor":8.0,"gold_loss":0.0,"damage_taken":15.0,"cards_upgraded":["Defend_B","Rebound"]},{"damage_healed":0.0,"max_hp_gain":0.0,"max_hp_loss":0.0,"gold_gain":65.0,"event_name":"Golden Wing","player_choice":"Gained Gold","floor":11.0,"gold_loss":0.0,"damage_taken":0.0},{"damage_healed":0.0,"max_hp_gain":0.0,"max_hp_loss":0.0,"gold_gain":0.0,"event_name":"Upgrade Shrine","player_choice":"Upgraded","floor":19.0,"gold_loss":0.0,"damage_taken":0.0,"cards_upgraded":["Amplify"]}],"is_beta":false,"boss_relics":[{"not_picked":["Velvet Choker","Fusion Hammer"],"picked":"Runic Pyramid"}],"items_purged_floors":[24,28],"is_endless":false,"potions_floor_spawned":[3,5,10,13,21,22,27],"killed_by":"Shelled Parasite and Fungi","ascension_level":1}}