{"host":"snn1c4qsf0fj7fzf","time":1611245409,"event":{"mods":["AchievementEnabler","Act Like it!","Aspiration","Astrologer","BaseMod","Colored Powertips","Gensokyo","Gremlin Mod","Hallownest","Hermit","Hubris","Infinite Spire","Lobotomy","LobotomyExtend","Marisa????????","Minty Spire (QoL Compilation)","Random Character Button","Rare Cards Sparkle","Reimu??????","Replay The Spire","Shop Mod","StSLib","The Administrix","The Animator","The Bug Knight","The Cursed","The Gatherer","The Hierophant","The Poker Player","The Runesmith","Yuyuko"],"gold_per_floor":[116,46,46,46,63,63,88,13,13,13,13,27,62,62,75,25,25,125,125,136,116,129,145,70,97,97,97,97],"floor_reached":27,"language":"ENG","playtime":1532,"items_purged":["Runesmith:Strike_RS"],"score":239,"play_id":"a2676270-72f2-4616-be75-a9d186c35e97","local_time":"20210122001009","is_ascension_mode":false,"campfire_choices":[{"data":"Runesmith:OneForEveryone","floor":14,"key":"SMITH"},{"floor":17,"key":"DIG"},{"floor":26,"key":"REST"}],"circlet_count":0,"master_deck":["Runesmith:Strike_RS+1","Runesmith:Defend_RS","Runesmith:Defend_RS","Runesmith:Defend_RS","Runesmith:Defend_RS","Runesmith:CraftFirestone+1","Runesmith:Fortify","Runesmith:BackupBattery","Runesmith:PerfectChisel","Runesmith:BackupBattery","Runesmith:HammerAndChisel","Runesmith:EnergizedChisel+1","Runesmith:OneForEveryone+1","Runesmith:CraftSpiculum","Runesmith:UnlimitedPower","Runesmith:UnstableHammer+1","Runesmith:RuneHurl"],"relics":["Runesmith:BrokenRuby","aspiration:Nostalgia","Cracked Core","LetterFromLob","Happy Flower","infinitespire:Satchel","Runesmith:AutoHammer","Whetstone","Black Star","Juzu Bracelet","Blue Doll"],"acts_visited":["Exordium","TheCity"],"potions_floor_usage":[18],"damage_taken":[{"damage":0,"enemies":"2 Louse","floor":1,"turns":3},{"damage":0,"enemies":"Jaw Worm","floor":5,"turns":3},{"damage":23,"enemies":"Lagavulin","floor":7,"turns":8},{"damage":3,"enemies":"Cultist","floor":12,"turns":3},{"damage":6,"enemies":"HollowMod:MossKnight","floor":13,"turns":8},{"damage":0,"enemies":"Looter","floor":15,"turns":3},{"damage":1,"enemies":"Hexaghost","floor":18,"turns":8},{"damage":7,"enemies":"2 Thieves","floor":20,"turns":5},{"damage":22,"enemies":"Spheric Guardian","floor":22,"turns":4},{"damage":18,"enemies":"Snake Plant","floor":23,"turns":5},{"damage":21,"enemies":"HollowMod:Nosk","floor":25,"turns":9},{"damage":24,"enemies":"Shelled Parasite and Fungi","floor":27,"turns":3}],"seed_played":"3468190339889013517","potions_obtained":[{"floor":1,"key":"BlessingOfTheForge"},{"floor":5,"key":"Reflective Coating"},{"floor":13,"key":"FearPotion"},{"floor":15,"key":"LiquidMemories"},{"floor":21,"key":"Explosive Potion"},{"floor":22,"key":"DistilledChaos"}],"is_trial":false,"path_per_floor":["M","$","?","?","M","?","E","$","T","PTL","PTL","M","E","R","M","?","R","B",null,"M","?","M","M","?","E","R","M"],"character_chosen":"RUNESMITH_CLASS","items_purchased":["Runesmith:PerfectChisel"],"campfire_rested":1,"item_purchase_floors":[2],"current_hp_per_floor":[70,70,70,70,70,70,47,47,47,47,47,44,38,38,38,38,38,37,70,63,63,41,23,23,2,23,0,0],"gold":97,"neow_bonus":"NOSTALGIA","is_daily":false,"chose_seed":false,"campfire_upgraded":1,"win_rate":0.0,"timestamp":1611245409,"path_taken":["M","$","?","?","M","?","E","?","T","PTL","PTL","M","E","R","?","?","R","BOSS","M","?","?","?","?","E","R","M"],"items_purchased_type":["Card"],"build_version":"2020-12-22","purchased_purges":1,"victory":false,"max_hp_per_floor":[70,70,70,70,70,70,70,70,70,70,70,70,70,70,70,70,70,70,70,70,70,70,70,70,70,70,70,70],"card_choices":[{"not_picked":["Runesmith:ChiselStab","Runesmith:Malloc"],"picked":"Runesmith:BackupBattery","floor":1},{"not_picked":["Runesmith:NegativeSpace","Runesmith:Prism"],"picked":"Runesmith:BackupBattery","floor":5},{"not_picked":["aspiration:UnbridledHammer","Runesmith:Superposition"],"picked":"Runesmith:HammerAndChisel","floor":7},{"not_picked":["Runesmith:Terraform","Runesmith:Electrocute"],"picked":"Runesmith:EnergizedChisel","floor":12},{"not_picked":["Runesmith:DoubleUp","Runesmith:Retool"],"picked":"Runesmith:OneForEveryone","floor":13},{"not_picked":["Runesmith:FieryHammer","Runesmith:RuneHurl"],"picked":"Runesmith:CraftSpiculum","floor":15},{"not_picked":["Runesmith:CraftIndustria","Runesmith:CraftMedicinae"],"picked":"Runesmith:UnlimitedPower","floor":18},{"not_picked":["Runesmith:ChiselStab+1","Runesmith:Permafrost+1"],"picked":"Runesmith:UnstableHammer+1","floor":20},{"not_picked":["Runesmith:OneForEveryone","Runesmith:StaticCage","Runesmith:MakeshiftArmor"],"picked":"SKIP","floor":22},{"not_picked":["Runesmith:ChiselStab+1","Runesmith:HeatExchange"],"picked":"Runesmith:RuneHurl","floor":23},{"not_picked":["Runesmith:RuneHurl","Runesmith:Electrocute","Runesmith:StaticCage+1"],"picked":"SKIP","floor":25}],"player_experience":248184,"relics_obtained":[{"floor":1,"key":"LetterFromLob"},{"floor":7,"key":"Happy Flower"},{"floor":9,"key":"infinitespire:Satchel"},{"floor":13,"key":"Runesmith:AutoHammer"},{"floor":17,"key":"Whetstone"},{"floor":25,"key":"Juzu Bracelet"},{"floor":25,"key":"Blue Doll"}],"event_choices":[{"cards_removed":["Runesmith:Strike_RS"],"damage_healed":0,"gold_gain":0,"player_choice":"Card Removal","damage_taken":0,"max_hp_gain":0,"max_hp_loss":0,"event_name":"The Cleric","floor":16,"gold_loss":50},{"damage_healed":0,"gold_gain":0,"player_choice":"Bought 1 Potion","damage_taken":0,"max_hp_gain":0,"max_hp_loss":0,"event_name":"The Woman in Blue","floor":21,"gold_loss":0},{"cards_removed":["Runesmith:Strike_RS"],"damage_healed":0,"gold_gain":0,"player_choice":"Gave Gold","damage_taken":0,"max_hp_gain":0,"max_hp_loss":0,"event_name":"Beggar","floor":24,"gold_loss":75}],"is_beta":false,"boss_relics":[{"not_picked":["Astrolabe","Ring of Chaos"],"picked":"Black Star"}],"items_purged_floors":[8],"is_endless":false,"potions_floor_spawned":[1,5,13,15,22],"killed_by":"Shelled Parasite and Fungi","ascension_level":0}}