{"host":"anox4050deqdcqoh","time":1611271156,"event":{"mods":["BaseMod","Colored Map","Highlight Path","Minty Spire (QoL Compilation)","Quick Restart","Rare Cards Sparkle","everything is the same but u backflip on backflip"],"gold_per_floor":[118,193,193,213,225,225,250,250,250,250,1,1,13,29,29,133,133,148,28,39,59,59,59,59,59,83,100,100,128,128,138,138,237,237,247,94,104,104,104,104,117,117,117,17,17,28,28,40,40,40,40,40,40,40,40],"floor_reached":54,"language":"ENG","playtime":2726,"items_purged":["Strike_B","Shame"],"score":753,"play_id":"e9574b51-bef6-497e-8888-f63f59750963","local_time":"20210121181916","is_ascension_mode":true,"campfire_choices":[{"data":"Zap","floor":6,"key":"SMITH"},{"floor":8,"key":"REST"},{"data":"Defragment","floor":15,"key":"SMITH"},{"floor":23,"key":"REST"},{"floor":25,"key":"REST"},{"data":"Amplify","floor":28,"key":"SMITH"},{"floor":30,"key":"REST"},{"floor":32,"key":"REST"},{"data":"Dualcast","floor":40,"key":"SMITH"},{"floor":49,"key":"RECALL"},{"data":"Hologram","floor":52,"key":"SMITH"}],"circlet_count":0,"master_deck":["Strike_B","Strike_B","Strike_B","Defend_B","Defend_B","Defend_B","Defend_B","Zap+1","Dualcast+1","Sweeping Beam","Loop","Capacitor","Genetic Algorithm","Defragment+1","Amplify+1","Conserve Battery","Coolheaded+1","Stack+1","Defragment","Hologram+1","Core Surge","Aggregate","Conserve Battery+1","Madness","Madness","Leap+1","Doubt","Magnetism","Bandage Up","White Noise+1","Steam+1"],"relics":["Cracked Core","Mercury Hourglass","Symbiotic Virus","Letter Opener","Inserter","Enchiridion","Pantograph","Cursed Key","ClockworkSouvenir","Gremlin Horn"],"acts_visited":["Exordium","TheCity","TheBeyond","TheEnding"],"potions_floor_usage":[29,48],"damage_taken":[{"damage":2,"enemies":"Jaw Worm","floor":1,"turns":3},{"damage":4,"enemies":"Small Slimes","floor":4,"turns":3},{"damage":5,"enemies":"2 Louse","floor":5,"turns":2},{"damage":20,"enemies":"Lagavulin","floor":7,"turns":7},{"damage":4,"enemies":"Red Slaver","floor":13,"turns":3},{"damage":3,"enemies":"3 Louse","floor":14,"turns":2},{"damage":33,"enemies":"Slime Boss","floor":16,"turns":7},{"damage":28,"enemies":"2 Thieves","floor":18,"turns":4},{"damage":1,"enemies":"Spheric Guardian","floor":20,"turns":3},{"damage":32,"enemies":"Snake Plant","floor":21,"turns":4},{"damage":18,"enemies":"Centurion and Healer","floor":27,"turns":4},{"damage":37,"enemies":"Slavers","floor":29,"turns":6},{"damage":21,"enemies":"Shelled Parasite and Fungi","floor":31,"turns":4},{"damage":57,"enemies":"Automaton","floor":33,"turns":13},{"damage":1,"enemies":"Orb Walker","floor":35,"turns":3},{"damage":0,"enemies":"3 Darklings","floor":37,"turns":5},{"damage":46,"enemies":"Writhing Mass","floor":41,"turns":6},{"damage":0,"enemies":"4 Shapes","floor":46,"turns":2},{"damage":13,"enemies":"Jaw Worm Horde","floor":48,"turns":5},{"damage":51,"enemies":"Time Eater","floor":50,"turns":10},{"damage":96,"enemies":"Shield and Spear","floor":54,"turns":5}],"seed_played":"-8772367218503289920","potions_obtained":[{"floor":5,"key":"SkillPotion"},{"floor":12,"key":"FearPotion"},{"floor":12,"key":"Fire Potion"},{"floor":33,"key":"Fire Potion"}],"is_trial":false,"path_per_floor":["M","?","?","M","M","R","E","R","T","?","$","?","M","M","R","B",null,"M","$","M","M","?","R","?","R","T","M","R","E","R","M","R","B",null,"M","$","M","?","?","R","M","?","T","$","?","M","$","M","R","B",null,"R","$","E"],"character_chosen":"DEFECT","items_purchased":["Letter Opener","Conserve Battery","ClockworkSouvenir"],"campfire_rested":5,"item_purchase_floors":[11,19,36],"current_hp_per_floor":[80,69,74,70,65,65,45,71,71,71,71,71,67,64,64,31,87,59,59,58,26,10,36,36,62,62,44,44,7,33,12,38,6,87,86,86,86,86,75,75,29,87,87,87,77,81,81,72,72,36,87,87,87,0,0],"gold":40,"neow_bonus":"TEN_PERCENT_HP_BONUS","is_daily":false,"chose_seed":false,"campfire_upgraded":5,"win_rate":0.0,"timestamp":1611271156,"path_taken":["M","?","?","M","M","R","E","R","T","?","$","?","M","M","R","BOSS","M","$","M","M","?","R","?","R","T","M","R","E","R","M","R","BOSS","M","$","M","?","?","R","M","?","T","$","?","M","?","M","R","BOSS","R","$","E"],"items_purchased_type":["Relic","Card","Relic"],"build_version":"2020-12-22","purchased_purges":2,"victory":false,"max_hp_per_floor":[82,82,87,87,87,87,87,87,87,87,87,87,87,87,87,87,87,87,87,87,87,87,87,87,87,87,87,87,87,87,87,87,87,87,87,87,87,87,87,87,87,87,87,87,87,87,87,87,87,87,87,87,87,87,87],"card_choices":[{"not_picked":["Redo","Beam Cell","Stack"],"picked":"SKIP","floor":1},{"not_picked":["Chill","Undo"],"picked":"Sweeping Beam","floor":4},{"not_picked":["Rebound","Gash"],"picked":"Loop","floor":5},{"not_picked":["Leap","Beam Cell"],"picked":"Capacitor","floor":7},{"not_picked":["Gash","Turbo"],"picked":"Genetic Algorithm","floor":13},{"not_picked":["Steam Power","Hello World"],"picked":"Defragment","floor":14},{"not_picked":["Hyperbeam","Thunder Strike"],"picked":"Amplify","floor":16},{"not_picked":["Streamline","Chaos","Cold Snap+1"],"picked":"SKIP","floor":18},{"not_picked":["Static Discharge+1","Gash"],"picked":"Coolheaded+1","floor":20},{"not_picked":["Blizzard+1","Tempest"],"picked":"Stack+1","floor":21},{"not_picked":["Doom and Gloom","Rebound"],"picked":"Defragment","floor":27},{"not_picked":["Heatsinks","Loop","FTL"],"picked":"SKIP","floor":29},{"not_picked":["Storm","Meteor Strike"],"picked":"Hologram","floor":31},{"not_picked":["Meteor Strike","Machine Learning"],"picked":"Core Surge","floor":33},{"not_picked":["Cold Snap","Steam"],"picked":"Aggregate","floor":35},{"not_picked":["Compile Driver+1","Gash+1"],"picked":"Conserve Battery+1","floor":37},{"not_picked":["Scrape+1","Rebound+1"],"picked":"Leap+1","floor":41},{"not_picked":["Deep Breath","Mind Blast"],"picked":"Magnetism","floor":45},{"not_picked":["Enlightenment","Magnetism"],"picked":"Bandage Up","floor":45},{"not_picked":["Cold Snap+1","Rebound+1"],"picked":"White Noise+1","floor":46},{"not_picked":["Sweeping Beam","Redo"],"picked":"Steam+1","floor":48}],"player_experience":377175,"relics_obtained":[{"floor":7,"key":"Mercury Hourglass"},{"floor":9,"key":"Symbiotic Virus"},{"floor":22,"key":"Enchiridion"},{"floor":29,"key":"Pantograph"},{"floor":43,"key":"Gremlin Horn"}],"event_choices":[{"damage_healed":0,"gold_gain":75,"player_choice":"Gather Gold","damage_taken":11,"max_hp_gain":0,"max_hp_loss":0,"event_name":"World of Goop","floor":2,"gold_loss":0},{"damage_healed":0,"gold_gain":0,"player_choice":"Donut","damage_taken":0,"max_hp_gain":5,"max_hp_loss":0,"event_name":"Big Fish","floor":3,"gold_loss":0},{"damage_healed":0,"gold_gain":0,"player_choice":"Ignored","damage_taken":0,"max_hp_gain":0,"max_hp_loss":0,"event_name":"Liars Game","floor":10,"gold_loss":0},{"damage_healed":0,"gold_gain":0,"player_choice":"Got Potions","damage_taken":0,"max_hp_gain":0,"max_hp_loss":0,"event_name":"Lab","floor":12,"gold_loss":0},{"damage_healed":0,"gold_gain":0,"player_choice":"Obtained Book","damage_taken":16,"max_hp_gain":0,"max_hp_loss":0,"event_name":"Cursed Tome","floor":22,"gold_loss":0},{"damage_healed":0,"gold_gain":0,"player_choice":"Leave","damage_taken":0,"max_hp_gain":0,"max_hp_loss":0,"event_name":"FaceTrader","floor":24,"gold_loss":0},{"damage_healed":0,"gold_gain":0,"player_choice":"Ignored","damage_taken":0,"max_hp_gain":0,"max_hp_loss":0,"event_name":"Mysterious Sphere","floor":38,"gold_loss":0},{"damage_healed":0,"gold_gain":0,"player_choice":"Embrace Madness","damage_taken":11,"max_hp_gain":0,"max_hp_loss":0,"event_name":"Winding Halls","floor":39,"gold_loss":0,"cards_obtained":["Madness","Madness"]},{"damage_healed":58,"gold_gain":0,"player_choice":"Heal","damage_taken":0,"max_hp_gain":0,"max_hp_loss":0,"event_name":"MindBloom","floor":42,"gold_loss":0,"cards_obtained":["Doubt"]},{"damage_healed":0,"gold_gain":0,"player_choice":"Memory 3","damage_taken":10,"max_hp_gain":0,"max_hp_loss":0,"event_name":"SensoryStone","floor":45,"gold_loss":0}],"is_beta":false,"boss_relics":[{"not_picked":["Calling Bell","Nuclear Battery"],"picked":"Inserter"},{"not_picked":["Runic Dome","Coffee Dripper"],"picked":"Cursed Key"}],"items_purged_floors":[19,44],"is_endless":false,"potions_floor_spawned":[5,13,18,21,33,37,46],"killed_by":"Shield and Spear","ascension_level":3}}