{"host":"hf8yoqke32w15p1q","time":1611247693,"event":{"mods":["Aspiration","BaseMod","BetterRewards","Colored Powertips","Conspire","Hermit","Hubris","Infinite Spire","Minty Spire (QoL Compilation)","Shop Mod","StSLib","The Animator"],"gold_per_floor":[109,109,109,123,149,182,34,63,63,63,81,81,94,121,121,222,222,237,253,100,120,136,136,148,148,148,3,18,30,30,30],"floor_reached":30,"language":"ENG","playtime":6857,"items_purged":[],"score":246,"play_id":"1b12b488-445a-4273-accd-fee682c2a13e","local_time":"20210121114813","is_ascension_mode":false,"campfire_choices":[{"data":"animator:Genos","floor":12,"key":"SMITH"},{"floor":15,"key":"REST"},{"floor":23,"key":"REST"},{"floor":25,"key":"REST"}],"circlet_count":0,"master_deck":["animator:Strike_OnePunchMan","animator:Defend_OnePunchMan","animator:Strike","animator:Strike","animator:Strike","animator:Defend+1","animator:Defend","animator:Defend","animator:Genos","animator:MumenRider","animator:Genos+1","animator:PandorasActor","animator:Mitsurugi","animator:MumenRider","animator:DolaRiku","animator:Shalltear","animator:Sonic","animator:SwordMaiden+1","animator:MumenRider+1","animator:Megumin+4","animator:UneriGinkaku+1","animator:Tatsumaki","animator:DolaSchwi+1"],"relics":["animator:LivingPicture","animator:TheMissingPiece","aspiration:Nostalgia","Cracked Core","aspiration:BabyByrd","conspire:Dentures","infinitespire:Lucky Rock","Strawberry","Darkstone Periapt","conspire:TreasureMap","Lantern","War Paint"],"acts_visited":["Exordium","TheCity"],"potions_floor_usage":[28,30],"damage_taken":[{"damage":0,"enemies":"Cultist","floor":1,"turns":3},{"damage":0,"enemies":"conspire:RoseBush","floor":4,"turns":2},{"damage":1,"enemies":"Jaw Worm","floor":5,"turns":2},{"damage":20,"enemies":"Lagavulin","floor":6,"turns":5},{"damage":20,"enemies":"3 Sentries","floor":8,"turns":6},{"damage":1,"enemies":"Looter","floor":11,"turns":2},{"damage":0,"enemies":"conspire:2 RoseBushes","floor":13,"turns":3},{"damage":2,"enemies":"Exordium Wildlife","floor":14,"turns":3},{"damage":32,"enemies":"Hexaghost","floor":16,"turns":10},{"damage":8,"enemies":"Spheric Guardian","floor":18,"turns":4},{"damage":9,"enemies":"Chosen","floor":19,"turns":3},{"damage":29,"enemies":"Centurion and Healer","floor":21,"turns":5},{"damage":12,"enemies":"3 Cultists","floor":22,"turns":4},{"damage":33,"enemies":"Shelled Parasite and Fungi","floor":24,"turns":4},{"damage":14,"enemies":"Centurion and Healer","floor":28,"turns":6},{"damage":11,"enemies":"Snecko","floor":29,"turns":4},{"damage":4,"enemies":"3 Cultists","floor":30,"turns":2}],"seed_played":"-4781946335118003637","potions_obtained":[{"floor":4,"key":"BlessingOfTheForge"},{"floor":5,"key":"Ancient Potion"},{"floor":8,"key":"DuplicationPotion"}],"is_trial":false,"path_per_floor":["M","?","?","M","M","E","$","E","T","$","M","R","M","M","R","B",null,"M","M","$","M","M","R","M","R","T","$","M","M","M"],"character_chosen":"THE_ANIMATOR","items_purchased":["infinitespire:Lucky Rock","conspire:TreasureMap","War Paint"],"campfire_rested":3,"item_purchase_floors":[7,20,27],"current_hp_per_floor":[66,66,66,66,65,45,45,32,32,32,31,31,31,29,50,18,73,65,57,57,28,17,39,6,28,28,28,14,3,0,0],"gold":30,"neow_bonus":"NOSTALGIA","is_daily":false,"chose_seed":false,"campfire_upgraded":1,"win_rate":0.0,"timestamp":1611247693,"path_taken":["M","?","?","M","M","E","?","E","T","?","M","R","M","M","R","BOSS","M","M","$","M","?","R","M","R","T","$","M","M","M"],"items_purchased_type":["Relic","Relic","Relic"],"build_version":"2020-12-22","purchased_purges":0,"victory":false,"max_hp_per_floor":[66,66,66,66,66,66,66,73,73,73,73,73,73,73,73,73,73,73,74,74,74,75,75,75,75,75,75,75,75,75,75],"card_choices":[{"not_picked":["animator:YaoHaDucy","animator:RoryMercury"],"picked":"animator:Genos","floor":1},{"not_picked":["animator:Shalltear","animator:GuildGirl"],"picked":"animator:PandorasActor","floor":4},{"not_picked":["animator:DolaSchwi","animator:Verdia"],"picked":"animator:Mitsurugi","floor":5},{"not_picked":["animator:Genos","animator:Geryuganshoop"],"picked":"animator:MumenRider","floor":6},{"not_picked":["animator:ChlammyZell","animator:Cocytus"],"picked":"animator:DolaRiku","floor":8},{"not_picked":["animator:Sonic","animator:MumenRider"],"picked":"animator:Shalltear","floor":11},{"not_picked":["animator:LizardPriest","animator:Konayuki","animator:NarberalGamma"],"picked":"SKIP","floor":13},{"not_picked":["animator:Tatsumaki","animator:MumenRider"],"picked":"animator:Sonic","floor":14},{"not_picked":["animator:GoblinSlayer","animator:ItamiYouji"],"picked":"animator:SwordMaiden","floor":16},{"not_picked":["animator:Kuribayashi+1","animator:Tatsumaki"],"picked":"animator:MumenRider+1","floor":18},{"not_picked":["animator:Verdia","animator:YunYun"],"picked":"animator:Megumin","floor":19},{"not_picked":["animator:Gillette","animator:Witch"],"picked":"animator:UneriGinkaku+1","floor":21},{"not_picked":["animator:Genos","animator:MumenRider"],"picked":"animator:Tatsumaki","floor":22},{"not_picked":["animator:AcuraShin","animator:Cocytus"],"picked":"animator:DolaSchwi+1","floor":24},{"not_picked":["animator:Shichika+1","animator:RoryMercury","animator:Layla"],"picked":"SKIP","floor":28},{"not_picked":["animator:MetalKnight","animator:Genos","animator:Gillette+1"],"picked":"SKIP","floor":29}],"player_experience":431412,"relics_obtained":[{"floor":6,"key":"conspire:Dentures"},{"floor":8,"key":"Strawberry"},{"floor":9,"key":"Darkstone Periapt"},{"floor":26,"key":"Lantern"}],"event_choices":[],"is_beta":false,"boss_relics":[{"not_picked":["aspiration:BursterCore","hubris:RunicObelisk","aspiration:PoetsPen_weak"]}],"items_purged_floors":[],"is_endless":false,"potions_floor_spawned":[4,5,8,13,18,19,24],"killed_by":"3 Cultists","ascension_level":0}}