{"host":"11728qvdvolffudn","time":1611224034,"event":{"mods":["BaseMod","Block Reminder","Colored Powertips","Curses Come First","Custom Start","Displayed Cursed Tome","Highlight Path","Minty Spire (QoL Compilation)","Permanent Neow","Quick Restart","Rare Cards Sparkle","Relic Stats","StSLib"],"gold_per_floor":[20,31,31,31,46,82,107,107,107,132,132,207,172,29,29,157,157,177,197,215,236,186,186,230,230,230,253,253,276,276,276,276,399,399,417,261,114,129,154,154,174,215,215,215,238,296,312,312,312,312],"floor_reached":51,"language":"ENG","playtime":3834,"items_purged":["Strike_B"],"score":699,"play_id":"4b8aa113-0b0d-40d4-a165-0a3fa379a506","local_time":"20210121101354","is_ascension_mode":false,"campfire_choices":[{"data":"Zap","floor":8,"key":"SMITH"},{"data":"Lockon","floor":11,"key":"SMITH"},{"data":"Defragment","floor":15,"key":"SMITH"},{"data":"Seek","floor":25,"key":"SMITH"},{"data":"Chill","floor":28,"key":"SMITH"},{"data":"Self Repair","floor":30,"key":"SMITH"},{"data":"Go for the Eyes","floor":32,"key":"SMITH"},{"data":"Leap","floor":40,"key":"SMITH"},{"data":"Biased Cognition","floor":44,"key":"SMITH"},{"data":"Melter","floor":49,"key":"SMITH"}],"circlet_count":0,"master_deck":["Strike_B+1","Strike_B+1","Strike_B+1","Defend_B+1","Defend_B+1","Defend_B+1","Defend_B+1","Zap+1","Dualcast","Self Repair+1","Go for the Eyes+1","Leap+1","Lockon+1","Defragment+1","Chill+1","Seek+1","Leap+1","Coolheaded","Leap","Go for the Eyes+1","Biased Cognition+1","Turbo+1","Melter+1","The Bomb"],"relics":["Cracked Core","Emotion Chip","Golden Idol","Smiling Mask","Letter Opener","Torii","Runic Pyramid","Boot","Eternal Feather","Sling","Runic Capacitor","Blood Vial","Bag of Marbles","Shovel"],"acts_visited":["Exordium","TheCity","TheBeyond"],"potions_floor_usage":[6,12,16,16,42,50],"damage_taken":[{"damage":6.0,"enemies":"2 Louse","floor":1.0,"turns":2.0},{"damage":5.0,"enemies":"Jaw Worm","floor":2.0,"turns":4.0},{"damage":0,"enemies":"Cultist","floor":5,"turns":4},{"damage":36,"enemies":"Lagavulin","floor":6,"turns":6},{"damage":6,"enemies":"3 Louse","floor":7,"turns":4},{"damage":3,"enemies":"2 Fungi Beasts","floor":10,"turns":3},{"damage":17,"enemies":"Gremlin Nob","floor":12,"turns":5},{"damage":0,"enemies":"Slime Boss","floor":16,"turns":7},{"damage":2,"enemies":"Shell Parasite","floor":18,"turns":5},{"damage":18,"enemies":"3 Byrds","floor":19,"turns":5},{"damage":2,"enemies":"Cultist and Chosen","floor":20,"turns":7},{"damage":0,"enemies":"Centurion and Healer","floor":21,"turns":8},{"damage":1,"enemies":"Book of Stabbing","floor":24,"turns":7},{"damage":1,"enemies":"3 Cultists","floor":27,"turns":6},{"damage":1,"enemies":"Sentry and Sphere","floor":29,"turns":8},{"damage":45,"enemies":"Automaton","floor":33,"turns":13},{"damage":14,"enemies":"3 Darklings","floor":35,"turns":7},{"damage":7,"enemies":"Orb Walker","floor":38,"turns":4},{"damage":1,"enemies":"Sphere and 2 Shapes","floor":39,"turns":6},{"damage":32,"enemies":"4 Shapes","floor":41,"turns":6},{"damage":21,"enemies":"Reptomancer","floor":42,"turns":9},{"damage":2,"enemies":"Writhing Mass","floor":45,"turns":5},{"damage":18,"enemies":"2 Orb Walkers","floor":46,"turns":6},{"damage":11,"enemies":"Jaw Worm Horde","floor":47,"turns":5},{"damage":39,"enemies":"Time Eater","floor":50,"turns":15}],"seed_played":"-202633631308368685","potions_obtained":[{"floor":1.0,"key":"SkillPotion"},{"floor":6,"key":"Regen Potion"},{"floor":10,"key":"Explosive Potion"},{"floor":12,"key":"Strength Potion"},{"floor":20,"key":"SmokeBomb"},{"floor":21,"key":"Fire Potion"},{"floor":27,"key":"FocusPotion"},{"floor":33,"key":"DistilledChaos"},{"floor":46,"key":"Explosive Potion"}],"is_trial":false,"path_per_floor":["M","M","?","$","M","E","M","R","T","M","R","?","?","$","R","B",null,"M","M","M","M","$","?","E","R","T","M","R","M","R","?","R","B",null,"M","$","$","M","M","R","M","E","T","R","M","?","M","?","R","B",null],"character_chosen":"DEFECT","items_purchased":["Defragment","Chill","Sling","Runic Capacitor"],"campfire_rested":0,"item_purchase_floors":[14,14,36,37],"current_hp_per_floor":[69,71,53,53,60,31,32,32,32,36,36,38,56,56,56,56,75,75,64,69,75,75,75,75,75,75,75,75,75,75,69,75,30,75,71,71,71,74,75,75,53,42,42,54,64,58,59,59,71,44],"gold":312,"neow_bonus":"ONE_RARE_RELIC","is_daily":false,"chose_seed":false,"campfire_upgraded":10,"win_rate":0.0,"timestamp":1611224034,"path_taken":["M","M","?","$","M","E","M","R","T","M","R","?","?","$","R","BOSS","M","M","M","M","$","?","E","R","T","M","R","M","R","?","R","BOSS","M","?","$","M","M","R","M","E","T","R","M","?","M","?","R","BOSS"],"items_purchased_type":["Card","Card","Relic","Relic"],"build_version":"2020-12-22","purchased_purges":1,"victory":true,"max_hp_per_floor":[75,75,75,75,75,75,75,75,75,75,75,75,75,75,75,75,75,75,75,75,75,75,75,75,75,75,75,75,75,75,75,75,75,75,75,75,75,75,75,75,75,75,75,75,75,75,75,75,75,75],"relic_stats":{"Blood Vial":8,"Emotion Chip":[133,68,65,0,0],"Shovel":0,"Torii":41,"counters":[25,157],"Golden Idol":198,"Eternal Feather":30,"Letter Opener":[287],"Smiling Mask":25,"Boot":[41],"obtain_stats":[{"Torii":12,"Golden Idol":3,"Eternal Feather":26,"Runic Capacitor":37,"Letter Opener":9,"Smiling Mask":6,"Boot":24,"Sling":36,"Blood Vial":42,"Emotion Chip":0,"Shovel":46,"Bag of Marbles":43,"Cracked Core":0,"Runic Pyramid":17},{"Torii":7,"Golden Idol":2,"Eternal Feather":13,"Runic Capacitor":17,"Letter Opener":5,"Smiling Mask":4,"Boot":13,"Sling":17,"Blood Vial":21,"Emotion Chip":0,"Shovel":23,"Bag of Marbles":21,"Cracked Core":0,"Runic Pyramid":8},{"Torii":28,"Golden Idol":6,"Eternal Feather":67,"Runic Capacitor":101,"Letter Opener":20,"Smiling Mask":16,"Boot":67,"Sling":101,"Blood Vial":126,"Emotion Chip":0,"Shovel":137,"Bag of Marbles":126,"Cracked Core":0,"Runic Pyramid":35}]},"card_choices":[{"not_picked":["Beam Cell","Rebound"],"picked":"Self Repair","floor":1.0},{"not_picked":["Rebound","Storm","Compile Driver"],"picked":"SKIP","floor":2},{"not_picked":["Static Discharge","Barrage"],"picked":"Go for the Eyes","floor":5},{"not_picked":["Stack","Compile Driver","Steam Power"],"picked":"SKIP","floor":6},{"not_picked":["Sweeping Beam","Heatsinks"],"picked":"Leap","floor":7},{"not_picked":["Core Surge","Ball Lightning"],"picked":"Lockon","floor":10},{"not_picked":["Fission","Hyperbeam"],"picked":"Seek","floor":16},{"not_picked":["Gash+1","Streamline"],"picked":"Leap+1","floor":18},{"not_picked":["Sunder","Ball Lightning","Stack"],"picked":"SKIP","floor":19},{"not_picked":["Genetic Algorithm+1","Redo"],"picked":"Coolheaded","floor":20},{"not_picked":["Multi-Cast","Streamline","Stack+1"],"picked":"SKIP","floor":21},{"not_picked":["Rebound","Cold Snap","Buffer"],"picked":"SKIP","floor":24},{"not_picked":["Sweeping Beam","Stack+1"],"picked":"Leap","floor":27},{"not_picked":["Coolheaded","Streamline+1","Reinforced Body"],"picked":"SKIP","floor":29},{"not_picked":["Conserve Battery+1","Gash+1","Steam Power"],"picked":"SKIP","floor":35},{"not_picked":["Redo+1","Consume+1"],"picked":"Go for the Eyes+1","floor":38},{"not_picked":["Turbo","Barrage+1","Hologram"],"picked":"SKIP","floor":39},{"not_picked":["Leap+1","Sweeping Beam+1","Go for the Eyes"],"picked":"SKIP","floor":41},{"not_picked":["Hologram+1","Gash"],"picked":"Biased Cognition","floor":42},{"not_picked":["Barrage+1","Turbo+1","Aggregate"],"picked":"SKIP","floor":45},{"not_picked":["Self Repair+1","Barrage+1"],"picked":"Turbo+1","floor":46},{"not_picked":["Hologram+1","Ball Lightning"],"picked":"Melter","floor":47},{"not_picked":["Finesse","Forethought"],"picked":"The Bomb","floor":48}],"player_experience":146139,"relics_obtained":[{"floor":6,"key":"Smiling Mask"},{"floor":9,"key":"Letter Opener"},{"floor":12,"key":"Torii"},{"floor":24,"key":"Boot"},{"floor":26,"key":"Eternal Feather"},{"floor":42,"key":"Blood Vial"},{"floor":43,"key":"Bag of Marbles"},{"floor":46,"key":"Shovel"}],"event_choices":[{"damage_healed":0,"gold_gain":0,"player_choice":"Take Damage","damage_taken":18,"relics_obtained":["Golden Idol"],"max_hp_gain":0,"max_hp_loss":0,"event_name":"Golden Idol","floor":3,"gold_loss":0},{"damage_healed":0,"gold_gain":0,"player_choice":"Searched \u00271\u0027 times","damage_taken":0,"max_hp_gain":0,"max_hp_loss":0,"event_name":"Dead Adventurer","floor":12,"gold_loss":0},{"damage_healed":18,"gold_gain":0,"player_choice":"Healed","damage_taken":0,"max_hp_gain":0,"max_hp_loss":0,"event_name":"The Cleric","floor":13,"gold_loss":35},{"damage_healed":0,"gold_gain":0,"player_choice":"Simplicity","damage_taken":0,"max_hp_gain":0,"max_hp_loss":0,"event_name":"Back to Basics","floor":23,"gold_loss":0,"cards_upgraded":["Strike_B","Strike_B","Strike_B","Defend_B","Defend_B","Defend_B","Defend_B"]},{"damage_healed":0,"gold_gain":0,"player_choice":"","damage_taken":6,"max_hp_gain":0,"max_hp_loss":0,"event_name":"Knowing Skull","floor":31,"potions_obtained":[],"gold_loss":0,"cards_obtained":[]},{"damage_healed":0,"gold_gain":0,"player_choice":"Fight","damage_taken":0,"max_hp_gain":0,"max_hp_loss":0,"event_name":"Mysterious Sphere","floor":46,"gold_loss":0},{"damage_healed":0,"gold_gain":0,"player_choice":"Memory 1","damage_taken":0,"max_hp_gain":0,"max_hp_loss":0,"event_name":"SensoryStone","floor":48,"gold_loss":0}],"is_beta":false,"boss_relics":[{"not_picked":["SacredBark","Sozu"],"picked":"Runic Pyramid"},{"not_picked":["Snecko Eye","Coffee Dripper","Runic Dome"]}],"items_purged_floors":[22],"is_endless":false,"potions_floor_spawned":[1,6,10,12,20,21,27,33,38,39,46,47],"ascension_level":0}}