{"host":"KYO","time":1611225900,"event":{"mods":["ATMod(°¢èªMod)","BaseMod","Minty Spire (QoL Compilation)","Permanent Neow","Shop Mod","StSLib","SuperFastMode","TestMod","[IsaacMod]ÒÔÈö¼âËþ","¡¾ÒÅÎï¿¨ÅÆ¡¿REMEMod"],"gold_per_floor":[112,112,112,127,202,202,242,242,268,268,268],"floor_reached":10,"language":"ZHS","playtime":590,"items_purged":[],"score":178,"play_id":"30f34bcb-b259-4e14-93e1-0f54f7010e19","local_time":"20210121184500","is_ascension_mode":true,"campfire_choices":[{"data":"Zap","floor":6,"key":"SMITH"},{"data":"Pulse","floor":8,"key":"SMITH"}],"circlet_count":0,"master_deck":["AscendersBane","Strike_B","Defend_B","Defend_B","Zap+1","Dualcast","SuicideKing","Burst","AT_FamilyPortrait","Cancel","ElectricPowerLearning","Self Repair","Blizzard","Pulse+1"],"relics":["Cracked Core","HushsDoor","AT_ATBox","REME_ComplimentaryCards","testmod-TestBox","SatanicBible","testmod-KeyOfTheVoid","FossilizedHelix","Golden Idol","NineVolt","BelialBook"],"acts_visited":["Exordium"],"potions_floor_usage":[],"damage_taken":[{"damage":0,"enemies":"2 Louse","floor":1,"turns":2},{"damage":7,"enemies":"Small Slimes","floor":4,"turns":3},{"damage":0,"enemies":"Lagavulin","floor":7,"turns":7},{"damage":39,"enemies":"Gremlin Nob","floor":10,"turns":4}],"seed_played":"-7667111788241142939","potions_obtained":[],"is_trial":false,"path_per_floor":["M","?","?","M","?","R","E","R","T","E"],"character_chosen":"DEFECT","items_purchased":[],"campfire_rested":0,"item_purchase_floors":[],"current_hp_per_floor":[46,41,41,44,33,33,40,40,40,1,1],"gold":268,"neow_bonus":"TRANSFORM_TWO_CARDS","is_daily":false,"chose_seed":false,"campfire_upgraded":2,"win_rate":0.0,"timestamp":1611225900,"path_taken":["M","?","?","M","?","R","E","R","T","E"],"items_purchased_type":[],"build_version":"2020-12-18","purchased_purges":0,"victory":false,"max_hp_per_floor":[71,71,64,67,67,67,67,67,67,67,67],"card_choices":[{"not_picked":[],"picked":"SuicideKing","floor":0},{"not_picked":["Barrage","Gash"],"picked":"Self Repair","floor":1},{"not_picked":["Rebound","Glacier"],"picked":"Blizzard","floor":4},{"not_picked":["Gash","Barrage"],"picked":"Pulse","floor":7}],"player_experience":644674,"relics_obtained":[{"floor":7,"key":"NineVolt"},{"floor":9,"key":"BelialBook"}],"event_choices":[{"damage_healed":0,"gold_gain":0,"player_choice":"Success","damage_taken":5,"relics_obtained":["FossilizedHelix"],"max_hp_gain":0,"max_hp_loss":0,"event_name":"Scrap Ooze","floor":2,"gold_loss":0},{"damage_healed":0,"gold_gain":0,"player_choice":"Lose Max HP","damage_taken":0,"relics_obtained":["Golden Idol"],"max_hp_gain":0,"max_hp_loss":7,"event_name":"Golden Idol","floor":3,"gold_loss":0},{"damage_healed":0,"gold_gain":75,"player_choice":"Gather Gold","damage_taken":11,"max_hp_gain":0,"max_hp_loss":0,"event_name":"World of Goop","floor":5,"gold_loss":0}],"is_beta":true,"boss_relics":[],"items_purged_floors":[],"is_endless":false,"potions_floor_spawned":[],"killed_by":"Gremlin Nob","ascension_level":20}}