{"host":"gobyjzz6xbwq9f9i","time":1611255117,"event":{"mods":["AchievementEnabler","BaseMod","Bestiary","Colored Map","Minty Spire (QoL Compilation)"],"gold_per_floor":[118,118,134,150,164,195,195,224,278,278,334,368,368,318,318,422,422,440,457,457,7,26,51,71,71,123,123,123,140,173,190,190,190,190],"floor_reached":33,"language":"ENG","playtime":1747,"items_purged":["Writhe"],"score":305,"play_id":"179b1995-a524-464f-8f61-6363f4c8a79b","local_time":"20210121105157","is_ascension_mode":false,"campfire_choices":[{"data":"CutThroughFate","floor":10,"key":"SMITH"},{"data":"BowlingBash","floor":13,"key":"SMITH"},{"data":"Eruption","floor":15,"key":"SMITH"},{"data":"WaveOfTheHand","floor":25,"key":"SMITH"},{"data":"ThirdEye","floor":27,"key":"SMITH"},{"floor":32,"key":"DIG"}],"circlet_count":0,"master_deck":["Strike_P","Strike_P","Strike_P","Defend_P","Defend_P","Defend_P","Eruption+1","Vigilance","CutThroughFate+1","FlyingSleeves","BowlingBash+1","Protect","Consecrate","CarveReality","Establishment","ThirdEye+1","WaveOfTheHand+1","ReachHeaven+1","EmptyFist+1","FlurryOfBlows","J.A.X.+1","InnerPeace+1"],"relics":["Sozu","Toy Ornithopter","Matryoshka","Bronze Scales","Oddly Smooth Stone","Meat on the Bone","Strawberry","Coffee Dripper","Smiling Mask","Bag of Marbles","Frozen Egg 2","Bottled Flame","Toxic Egg 2","Shovel","Sundial"],"acts_visited":["Exordium","TheCity"],"potions_floor_usage":[],"damage_taken":[{"damage":0,"enemies":"Small Slimes","floor":1,"turns":3},{"damage":0,"enemies":"Cultist","floor":3,"turns":2},{"damage":0,"enemies":"Jaw Worm","floor":4,"turns":2},{"damage":0,"enemies":"3 Louse","floor":5,"turns":3},{"damage":16,"enemies":"Lagavulin","floor":6,"turns":10},{"damage":20,"enemies":"Gremlin Nob","floor":8,"turns":3},{"damage":3,"enemies":"3 Sentries","floor":11,"turns":5},{"damage":3,"enemies":"Lagavulin","floor":12,"turns":4},{"damage":13,"enemies":"The Guardian","floor":16,"turns":8},{"damage":11,"enemies":"2 Thieves","floor":18,"turns":3},{"damage":0,"enemies":"3 Byrds","floor":19,"turns":2},{"damage":0,"enemies":"Cultist and Chosen","floor":22,"turns":5},{"damage":46,"enemies":"Book of Stabbing","floor":23,"turns":5},{"damage":2,"enemies":"Snake Plant","floor":24,"turns":3},{"damage":6,"enemies":"Snecko","floor":29,"turns":4},{"damage":14,"enemies":"Slavers","floor":30,"turns":3},{"damage":0,"enemies":"Centurion and Healer","floor":31,"turns":5},{"damage":55,"enemies":"Automaton","floor":33,"turns":6}],"seed_played":"136910624848130902","potions_obtained":[],"is_trial":false,"path_per_floor":["M","?","M","M","M","E","?","E","T","R","?","E","R","?","R","B",null,"M","M","?","$","M","E","M","R","T","R","?","M","E","M","R","B"],"character_chosen":"WATCHER","items_purchased":["Bag of Marbles","Frozen Egg 2"],"campfire_rested":0,"item_purchase_floors":[21,21],"current_hp_per_floor":[72,72,72,72,72,56,56,36,36,36,33,49,49,49,49,48,79,68,68,68,68,68,34,44,44,44,44,44,50,48,48,48,0,0],"gold":190,"neow_bonus":"BOSS_RELIC","is_daily":false,"chose_seed":false,"campfire_upgraded":5,"win_rate":0.0,"timestamp":1611255117,"path_taken":["M","?","M","?","M","E","?","E","T","R","?","E","R","?","R","BOSS","M","M","?","$","M","E","M","R","T","R","?","M","E","M","R","BOSS"],"items_purchased_type":["Relic","Relic"],"build_version":"2020-12-22","purchased_purges":1,"victory":false,"max_hp_per_floor":[72,72,72,72,72,72,72,72,72,72,72,79,79,79,79,79,79,79,79,79,79,79,79,79,79,79,79,79,79,79,79,79,79,79],"card_choices":[{"not_picked":["ThirdEye","DeceiveReality"],"picked":"CutThroughFate","floor":1},{"not_picked":["ThirdEye","CrushJoints"],"picked":"FlyingSleeves","floor":3},{"not_picked":["Sanctity","CrushJoints"],"picked":"BowlingBash","floor":4},{"not_picked":["Worship","FollowUp"],"picked":"Protect","floor":5},{"not_picked":["Pray","JustLucky"],"picked":"Consecrate","floor":6},{"not_picked":["ReachHeaven","Conclude","Wireheading"],"picked":"SKIP","floor":8},{"not_picked":["EmptyBody","FlyingSleeves"],"picked":"CarveReality","floor":11},{"not_picked":["Weave","BowlingBash","Alpha"],"picked":"SKIP","floor":12},{"not_picked":["ConjureBlade","LessonLearned"],"picked":"Establishment","floor":16},{"not_picked":["JustLucky","BowlingBash"],"picked":"ThirdEye","floor":18},{"not_picked":["JustLucky","Consecrate"],"picked":"WaveOfTheHand","floor":19},{"not_picked":["Evaluate","Study+1"],"picked":"ReachHeaven+1","floor":22},{"not_picked":["JustLucky+1","Alpha"],"picked":"EmptyFist+1","floor":23},{"not_picked":["ReachHeaven","Consecrate+1"],"picked":"FlurryOfBlows","floor":24},{"not_picked":["BattleHymn+1","Protect+1"],"picked":"InnerPeace+1","floor":29},{"not_picked":["Alpha+1","FlyingSleeves","InnerPeace+1"],"picked":"SKIP","floor":30},{"not_picked":["EmptyBody+1","Pray+1","WreathOfFlame+1"],"picked":"SKIP","floor":31}],"player_experience":1099498,"relics_obtained":[{"floor":6,"key":"Toy Ornithopter"},{"floor":8,"key":"Matryoshka"},{"floor":9,"key":"Bronze Scales"},{"floor":9,"key":"Oddly Smooth Stone"},{"floor":11,"key":"Meat on the Bone"},{"floor":12,"key":"Strawberry"},{"floor":23,"key":"Bottled Flame"},{"floor":26,"key":"Toxic Egg 2"},{"floor":30,"key":"Shovel"},{"floor":32,"key":"Sundial"}],"event_choices":[{"cards_removed":["Defend_P"],"damage_healed":0,"gold_gain":0,"player_choice":"Card Removal","damage_taken":0,"max_hp_gain":0,"max_hp_loss":0,"event_name":"Wheel of Change","floor":2,"gold_loss":0},{"damage_healed":0,"gold_gain":0,"player_choice":"Ignored","damage_taken":0,"max_hp_gain":0,"max_hp_loss":0,"event_name":"Liars Game","floor":7,"gold_loss":0},{"damage_healed":0,"gold_gain":30,"player_choice":"Searched \u00272\u0027 times","damage_taken":0,"max_hp_gain":0,"max_hp_loss":0,"event_name":"Dead Adventurer","floor":11,"gold_loss":0},{"cards_removed":["Strike_P"],"damage_healed":0,"gold_gain":0,"player_choice":"Card Removal","damage_taken":0,"max_hp_gain":0,"max_hp_loss":0,"event_name":"The Cleric","floor":14,"gold_loss":50},{"damage_healed":0,"gold_gain":0,"player_choice":"Opened","damage_taken":0,"relics_obtained":["Smiling Mask"],"max_hp_gain":0,"max_hp_loss":0,"event_name":"The Mausoleum","floor":20,"gold_loss":0,"cards_obtained":["Writhe"]},{"damage_healed":0,"gold_gain":0,"player_choice":"Obtain J.A.X.","damage_taken":0,"max_hp_gain":0,"max_hp_loss":0,"event_name":"Drug Dealer","floor":28,"gold_loss":0,"cards_obtained":["J.A.X."]}],"is_beta":false,"boss_relics":[{"not_picked":["Calling Bell","VioletLotus"],"picked":"Coffee Dripper"}],"items_purged_floors":[21],"is_endless":false,"potions_floor_spawned":[3,4,5,8,16,18,23,24,31],"killed_by":"Automaton","ascension_level":0}}