{"host":"xc18ixkpjvqrt8st","time":1611246724,"event":{"mods":["Act Like it!","BaseMod","Better Match","Better Third Choice","Conspire","Hallownest","Hermit","Hubris","Infinite Spire","Minty Spire (QoL Compilation)","Replay The Spire","Robot Space Explorer","Shop Mod","Spicy Shops","StSLib","The Animator","The Jungle","The Marked"],"gold_per_floor":[114,114,133,45,45,73,73,114,114,131,131,145,170,189,189,284,284,306,322,322,43,43,43,62,62,62,62,90,15,15,29,29,29,29],"floor_reached":33,"language":"ENG","playtime":1652,"items_purged":[],"score":289,"play_id":"af294715-0860-4063-a88e-e487ac869010","local_time":"20210121103204","is_ascension_mode":true,"campfire_choices":[{"floor":7,"key":"REST"},{"floor":15,"key":"DIG"},{"floor":23,"key":"REST"},{"floor":25,"key":"RECALL"},{"floor":30,"key":"REST"},{"floor":32,"key":"REST"}],"circlet_count":0,"master_deck":["animator:Strike_OnePunchMan","animator:Defend_OnePunchMan","animator:Strike","animator:Strike","animator:Strike","animator:Defend","animator:Defend","animator:Defend","animator:Genos","animator:MumenRider","animator:ElricAlphonse","animator:Benimaru","animator:MisaKurobane","animator:YachiyoNanami","animator:Tatsumaki","animator:Emonzaemon","animator:MetalKnight","animator:DolaSchwi","animator:MumenRider","animator:Envy","animator:Geryuganshoop+1","animator:Scar","animator:Canti","animator:Elsword","animator:Jibril","animator:MaesHughes","animator:Chung","animator:YachiyoNanami","animator:ElricAlphonse+1","animator:Melzalgald","animator:WinryRockbell","animator:IzunaHatsuse"],"relics":["animator:LivingPicture","animator:TheMissingPiece","Pet Ghost","infinitespire:Blanks Blanky","Omamori","Akabeko","Turnip","conspire:BottledYoYo","BargainBundle","Garlic"],"acts_visited":["Exordium","TheCity"],"potions_floor_usage":[6,16,16,19,24,28,28],"damage_taken":[{"damage":0,"enemies":"Cultist","floor":1,"turns":2},{"damage":5,"enemies":"Jaw Worm","floor":3,"turns":3},{"damage":29,"enemies":"3 Sentries","floor":6,"turns":7},{"damage":12,"enemies":"Replay:BlueRogue","floor":8,"turns":5},{"damage":0,"enemies":"Small Slimes","floor":10,"turns":3},{"damage":1,"enemies":"Exordium Thugs","floor":12,"turns":4},{"damage":6,"enemies":"2 Fungi Beasts","floor":13,"turns":2},{"damage":6,"enemies":"Exordium Wildlife","floor":14,"turns":3},{"damage":18,"enemies":"Slime Boss","floor":16,"turns":7},{"damage":28,"enemies":"Shell Parasite","floor":18,"turns":5},{"damage":5,"enemies":"Chosen","floor":19,"turns":3},{"damage":14,"enemies":"Sentry and Sphere","floor":24,"turns":5},{"damage":15,"enemies":"Book of Stabbing","floor":28,"turns":5},{"damage":14,"enemies":"Snecko","floor":31,"turns":5},{"damage":96,"enemies":"Collector","floor":33,"turns":7}],"seed_played":"4366673771300387905","potions_obtained":[{"floor":3,"key":"Fire Potion"},{"floor":12,"key":"Adrenaline Potion"},{"floor":13,"key":"Milkshake"},{"floor":14,"key":"Energy Potion"},{"floor":19,"key":"Fire Potion"},{"floor":24,"key":"Languid Potion"}],"is_trial":false,"path_per_floor":["M","T","M","$","?","E","R","E","T","M","?","M","M","M","R","B",null,"M","M","?","$","?","R","M","R","T","$","E","$","R","M","R","B"],"character_chosen":"THE_ANIMATOR","items_purchased":["animator:MisaKurobane","animator:Canti","BargainBundle","animator:Elsword","animator:Jibril","animator:MaesHughes","animator:Chung","animator:YachiyoNanami","EssenceOfSteel","animator:WinryRockbell"],"campfire_rested":4,"item_purchase_floors":[4,21,21,21,21,21,21,21,21,29],"current_hp_per_floor":[66,66,61,61,61,32,66,54,54,54,59,59,53,47,47,29,72,44,39,39,39,26,77,63,63,63,63,49,49,78,65,79,0,0],"gold":29,"neow_bonus":"RANDOM_COMMON_RELIC","is_daily":false,"chose_seed":false,"campfire_upgraded":0,"win_rate":0.0,"timestamp":1611246724,"path_taken":["M","?","M","$","?","E","R","E","T","M","?","M","M","M","R","BOSS","M","M","?","$","?","R","M","R","T","?","E","$","R","M","R","BOSS"],"items_purchased_type":["Card","Card","Relic","Card","Card","Card","Card","Card","Potion","Card"],"build_version":"2020-12-22","purchased_purges":0,"victory":false,"max_hp_per_floor":[66,66,66,66,66,66,66,66,66,66,71,72,72,72,72,72,72,72,72,72,72,77,77,77,77,77,77,78,78,78,79,79,79,79],"card_choices":[{"not_picked":["animator:Hakurou","animator:Sloth"],"picked":"animator:ElricAlphonse","floor":1},{"not_picked":["animator:SayakaMiki","animator:Chung"],"picked":"animator:Benimaru","floor":3},{"not_picked":["animator:Kaijin","animator:Geryuganshoop"],"picked":"animator:YachiyoNanami","floor":6},{"not_picked":["animator:Genos","animator:MumenRider"],"picked":"animator:Tatsumaki","floor":8},{"not_picked":["animator:Biyorigo","animator:OrikoMikuni"],"picked":"animator:Emonzaemon","floor":10},{"not_picked":["animator:DolaCouronne","animator:Sloth"],"picked":"animator:MetalKnight","floor":12},{"not_picked":["animator:IrohaTamaki","animator:YuiTsuruno"],"picked":"animator:DolaSchwi","floor":13},{"not_picked":["animator:Tatsumaki","animator:SilverFang"],"picked":"animator:MumenRider","floor":14},{"not_picked":["animator:Biyorigo","animator:Eve"],"picked":"animator:Envy","floor":16},{"not_picked":["animator:Gluttony","animator:Benimaru"],"picked":"animator:Geryuganshoop+1","floor":18},{"not_picked":["animator:DolaRiku","animator:Genos+1"],"picked":"animator:Scar","floor":19},{"not_picked":["animator:Millim","animator:Elsword"],"picked":"animator:ElricAlphonse+1","floor":24},{"not_picked":["animator:Tatsumaki","animator:Geryuganshoop"],"picked":"animator:Melzalgald","floor":28},{"not_picked":["animator:Jibril","animator:Tet+1"],"picked":"animator:IzunaHatsuse","floor":31}],"player_experience":574197,"relics_obtained":[{"floor":2,"key":"Regal Pillow"},{"floor":6,"key":"Omamori"},{"floor":8,"key":"Akabeko"},{"floor":9,"key":"Turnip"},{"floor":15,"key":"conspire:BottledYoYo"},{"floor":28,"key":"Garlic"}],"event_choices":[{"damage_healed":0,"gold_gain":0,"player_choice":"Donut","damage_taken":0,"max_hp_gain":5,"max_hp_loss":0,"event_name":"Big Fish","floor":11,"gold_loss":0},{"damage_healed":0,"gold_gain":0,"player_choice":"Shed Blood","damage_taken":18,"max_hp_gain":5,"max_hp_loss":0,"event_name":"Forgotten Altar","floor":22,"gold_loss":0}],"is_beta":false,"boss_relics":[{"not_picked":["animator:CursedBlade","Velvet Choker","Runic Dome"]}],"items_purged_floors":[],"is_endless":false,"potions_floor_spawned":[3,12,13,14,19,24],"killed_by":"Collector","ascension_level":1}}