{"host":"0qlrtuw7bw78ucw4","time":1611235036,"event":{"mods":["BaseMod","Downfall","Minty Spire (QoL Compilation)","StSLib"],"gold_per_floor":[99,115,143,54,68,37,37,52,52,52,52,52,37,137,149,258,258,258,272,283,302,302,302,325,335,148,162,162,98,98,110,124,124,124,124],"floor_reached":33,"language":"ENG","playtime":1751,"items_purged":["sneckomod:Strike","sneckomod:TailWhip"],"score":251,"play_id":"c89b83ed-3c5e-44a3-8efc-bc818b456677","local_time":"20210122001716","is_ascension_mode":true,"campfire_choices":[{"data":"sneckomod:DiceBoulder","floor":9,"key":"SMITH"},{"data":"sneckomod:DiceBoulder+1","floor":11,"key":"SMITH"},{"data":"sneckomod:DiceBoulder+2","floor":18,"key":"SMITH"},{"data":"sneckomod:DiceBoulder+3","floor":23,"key":"SMITH"},{"floor":28,"key":"REST"}],"circlet_count":0,"master_deck":["sneckomod:Strike+1","sneckomod:Strike+1","sneckomod:Defend","sneckomod:Defend","sneckomod:Defend","sneckomod:SnekBite","sneckomod:Unknown","Neutralize","sneckomod:UnknownUncommonPower","sneckomod:WideSting+1","sneckomod:UnknownBlock","sneckomod:DiceBoulder+4","sneckomod:SlitherStrike","sneckomod:UnknownRareSkill","sneckomod:DiceBlock","sneckomod:UnknownUncommonSkill","sneckomod:CheapStock","sneckomod:UnknownColorless","sneckomod:UnknownRareSkill","sneckomod:DiceBlock","sneckomod:SnakeSap","sneckomod:TrashToTreasure","sneckomod:SoulDraw","sneckomod:UnknownCommonSkill+1","sneckomod:Unknown0Cost+1"],"relics":["sneckomod:SneckoSoul","Art of War","SlaversCollar","HornCleat","Happy Flower","Ice Cream"],"acts_visited":["Exordium","TheCity"],"potions_floor_usage":[21,25,29,33],"damage_taken":[{"damage":1,"enemies":"Cultist","floor":2,"turns":4},{"damage":7,"enemies":"Small Slimes","floor":3,"turns":4},{"damage":0,"enemies":"downfall:FleeingMerchant","floor":4,"turns":4},{"damage":6,"enemies":"Jaw Worm","floor":5,"turns":3},{"damage":0,"enemies":"downfall:FleeingMerchant","floor":6,"turns":4},{"damage":9,"enemies":"Large Slime","floor":8,"turns":6},{"damage":4,"enemies":"downfall:FleeingMerchant","floor":13,"turns":4},{"damage":13,"enemies":"Red Slaver","floor":15,"turns":4},{"damage":39,"enemies":"IC_STATUS_ARCHETYPE","floor":16,"turns":10},{"damage":11,"enemies":"Shell Parasite","floor":19,"turns":7},{"damage":11,"enemies":"Snecko","floor":20,"turns":4},{"damage":50,"enemies":"Sentry and Sphere","floor":21,"turns":6},{"damage":3,"enemies":"Snake Plant","floor":25,"turns":4},{"damage":0,"enemies":"downfall:FleeingMerchant","floor":26,"turns":4},{"damage":15,"enemies":"Centurion and Healer","floor":27,"turns":6},{"damage":0,"enemies":"downfall:FleeingMerchant","floor":29,"turns":4},{"damage":0,"enemies":"3 Cultists","floor":31,"turns":5},{"damage":22,"enemies":"Snake Plant","floor":32,"turns":5},{"damage":18,"enemies":"SI_MIRROR_ARCHETYPE","floor":33,"turns":4}],"seed_played":"7270413190501376709","potions_obtained":[{"floor":2,"key":"champ:CounterPotion"},{"floor":5,"key":"champ:CounterPotion"},{"floor":8,"key":"AttackPotion"},{"floor":15,"key":"SneckoOil"},{"floor":21,"key":"Block Potion"},{"floor":25,"key":"FearPotion"},{"floor":27,"key":"LiquidMemories"},{"floor":31,"key":"BlessingOfTheForge"},{"floor":32,"key":"LiquidBronze"}],"is_trial":false,"path_per_floor":["R","M","M","$","M","$","T","M","R","?","R","?","$","?","M","B",null,"R","M","M","M","T","R","T","M","$","M","R","$","?","M","M","B"],"character_chosen":"THE_SNECKO","items_purchased":["sneckomod:DiceBoulder","sneckomod:DiceBlock","sneckomod:DiceBlock","sneckomod:SnakeSap","sneckomod:SoulDraw","Ice Cream"],"campfire_rested":1,"item_purchase_floors":[4,6,26,26,29,29],"current_hp_per_floor":[99,98,91,91,85,85,85,76,76,76,76,76,79,79,66,27,99,99,88,77,27,27,27,27,24,24,9,38,38,38,38,16,0,0,0],"gold":124,"neow_bonus":"TEN_PERCENT_HP_BONUS","is_daily":false,"chose_seed":false,"campfire_upgraded":4,"win_rate":0.0,"timestamp":1611235036,"path_taken":["R","?","M","$","M","$","T","M","R","?","R","?","?","?","M","BOSS","R","M","M","M","?","R","T","M","$","?","R","$","?","?","M","BOSS"],"items_purchased_type":["Card","Card","Card","Card","Card","Relic"],"build_version":"2020-12-22","purchased_purges":2,"victory":false,"max_hp_per_floor":[99,99,99,99,99,99,99,99,99,99,99,99,99,99,99,99,99,99,99,99,99,99,99,99,99,99,99,99,99,99,99,99,99,99,99],"card_choices":[{"not_picked":["sneckomod:UnknownDraw","sneckomod:QuickBite"],"picked":"sneckomod:UnknownUncommonPower","floor":2},{"not_picked":["sneckomod:SoulDraw","sneckomod:Unknown1Cost"],"picked":"sneckomod:WideSting","floor":3},{"not_picked":["sneckomod:UnknownCommonSkill","sneckomod:SoulRoll"],"picked":"sneckomod:UnknownBlock","floor":4},{"not_picked":["sneckomod:UnknownDraw","sneckomod:SoulDraw"],"picked":"sneckomod:SlitherStrike","floor":5},{"not_picked":["sneckomod:QuickMove","sneckomod:QuickBite"],"picked":"sneckomod:UnknownRareSkill","floor":6},{"not_picked":["sneckomod:WideSting","sneckomod:Nope"],"picked":"sneckomod:UnknownUncommonSkill","floor":8},{"not_picked":["sneckomod:UnknownDexterity","sneckomod:SerpentIdol"],"picked":"sneckomod:CheapStock","floor":13},{"not_picked":["sneckomod:RainOfDice","sneckomod:Rotation"],"picked":"sneckomod:UnknownColorless","floor":15},{"not_picked":["sneckomod:UnknownRareAttack","sneckomod:Mudshield"],"picked":"sneckomod:UnknownRareSkill","floor":16},{"not_picked":["sneckomod:UnknownCommonAttack","sneckomod:CheapStock","sneckomod:QuickBite"],"picked":"SKIP","floor":19},{"not_picked":["sneckomod:UnknownClassPURPLE","sneckomod:UnknownUncommonAttack","sneckomod:Unknown1Cost"],"picked":"SKIP","floor":20},{"not_picked":["sneckomod:Unknown2Cost+1","sneckomod:Unknown1Cost","sneckomod:UnknownDraw"],"picked":"SKIP","floor":21},{"not_picked":["sneckomod:WideSting","sneckomod:Memorize","sneckomod:UnknownDraw"],"picked":"SKIP","floor":25},{"not_picked":["sneckomod:SoulRoll","sneckomod:Rotation+1","sneckomod:UnknownClassHEXA_GHOST_PURPLE"],"picked":"SKIP","floor":26},{"not_picked":["sneckomod:UnknownDraw+1","sneckomod:ImprovisedGuard","sneckomod:DiceBoulder+1"],"picked":"SKIP","floor":27},{"not_picked":["sneckomod:UnknownClassHEXA_GHOST_PURPLE","sneckomod:UnknownCommonAttack"],"picked":"sneckomod:TrashToTreasure","floor":29},{"not_picked":["sneckomod:QuickBite+1","sneckomod:DefensiveFlair"],"picked":"sneckomod:UnknownCommonSkill+1","floor":31},{"not_picked":["sneckomod:TrashToTreasure","sneckomod:WideSting"],"picked":"sneckomod:Unknown0Cost+1","floor":32}],"player_experience":906706,"relics_obtained":[{"floor":7,"key":"Art of War"},{"floor":22,"key":"HornCleat"},{"floor":24,"key":"Happy Flower"}],"event_choices":[{"cards_removed":["downfall:Malfunctioning"],"damage_healed":0,"gold_gain":0,"player_choice":"Card Removal","damage_taken":0,"max_hp_gain":0,"max_hp_loss":0,"event_name":"The Cleric","floor":12,"gold_loss":0}],"is_beta":false,"boss_relics":[{"not_picked":["Tiny House","Runic Dome"],"picked":"SlaversCollar"}],"items_purged_floors":[26,29],"is_endless":false,"potions_floor_spawned":[2,5,8,15,21,25,27,31,32],"killed_by":"SI_MIRROR_ARCHETYPE","ascension_level":1}}