{"host":"pno9h1fupbyz205f","time":1611187409,"event":{"mods":["Aspiration","BaseMod","Better Altar","Better Match","Better Note","Better Sensory Stone","Better Skull","Better Third Choice","Colored Map","Colored Powertips","Hermit","Highlight Path","Hubris","Infinite Spire","Jedi Mod","Mad Scientist","Marisa????????","Minty Spire (QoL Compilation)","Permanent Neow","Potionbrewer","Prisma Mod","Replay The Spire","Robot Space Explorer","Shop Mod","Spicy Shops","StSLib","Td1madao Mod","The Blackbeard","The Gatherer","The Hierophant","The Marked","The Poker Player","The Runesmith","The Servant 0.9.4","The Spell Scribe","The Vixen","thorton","vexMod"],"gold_per_floor":[114,114,133,150,150,150,165,165,165,176,192,22,22,56,56,157,157,168,168,138,151,167,199,209,209,232,251,268,27,45,64,64,64,64],"floor_reached":33,"language":"ENG","playtime":1369,"items_purged":[],"score":323,"play_id":"0cfe1485-de78-4043-83af-fc4fef8da8b5","local_time":"20210120160329","is_ascension_mode":false,"campfire_choices":[{"data":"hermit:WideOpen","floor":6,"key":"SMITH"},{"data":"hermit:HighCaliber","floor":8,"key":"SMITH"},{"data":"hermit:Quickdraw","floor":15,"key":"SMITH"},{"floor":25,"key":"REST"}],"circlet_count":0,"master_deck":["hermit:Strike_Hermit","hermit:Strike_Hermit","hermit:Strike_Hermit","hermit:Defend_Hermit","hermit:Defend_Hermit","hermit:Defend_Hermit","hermit:Snapshot","hermit:Covet","hermit:WideOpen+1","Dramatic Entrance+1","hermit:Maintenance+1","hermit:HighCaliber+1","hermit:Quickdraw+1","hermit:Horror","hermit:Maintenance+1","hermit:BodyArmor","hermit:FullyLoaded+1","ReplayTheSpireMod:IOU","ReplayTheSpireMod:IOU","hermit:Brawl+1"],"relics":["hermit:Momento","aspiration:Nostalgia","blackbeard:LoadTheCannons","Singing Bowl","Lantern","Simple Rune","Blue Doll","Empty Cage","Replay:Wax Seal","Whetstone","infinitespire:Golems Mask","Membership Card","Bag of Preparation","aspiration:Lifesprig","ClockworkSouvenir"],"acts_visited":["Exordium","TheCity"],"potions_floor_usage":[14,16,22,23,23,23,23,24,28,30,31],"damage_taken":[{"damage":1,"enemies":"Jaw Worm","floor":1,"turns":3},{"damage":0,"enemies":"Small Slimes","floor":3,"turns":1},{"damage":0,"enemies":"Cultist","floor":4,"turns":1},{"damage":0,"enemies":"Lots of Slimes","floor":7,"turns":2},{"damage":0,"enemies":"Large Slime","floor":10,"turns":2},{"damage":0,"enemies":"Gremlin Gang","floor":11,"turns":2},{"damage":0,"enemies":"3 Sentries","floor":14,"turns":5},{"damage":32,"enemies":"Fading Forest","floor":16,"turns":11},{"damage":7,"enemies":"Shell Parasite","floor":18,"turns":3},{"damage":0,"enemies":"Spheric Guardian","floor":21,"turns":3},{"damage":9,"enemies":"Snake Plant","floor":22,"turns":3},{"damage":57,"enemies":"Nightmare","floor":23,"turns":7},{"damage":11,"enemies":"Snecko","floor":24,"turns":4},{"damage":21,"enemies":"Shelled Parasite and Fungi","floor":27,"turns":4},{"damage":2,"enemies":"3 Cultists","floor":28,"turns":4},{"damage":0,"enemies":"Snake Plant","floor":30,"turns":2},{"damage":0,"enemies":"Snecko","floor":31,"turns":3},{"damage":43,"enemies":"Pondfish","floor":33,"turns":7}],"seed_played":"3134640651455777696","potions_obtained":[{"floor":1,"key":"LifebloodPotion"},{"floor":14,"key":"Dexterity Potion"},{"floor":16,"key":"SpeedPotion"},{"floor":20,"key":"EntropicBrew"},{"floor":20,"key":"BlessingOfTheForge"},{"floor":24,"key":"BlessingOfTheForge"},{"floor":27,"key":"FearPotion"},{"floor":30,"key":"Toxic Potion"},{"floor":31,"key":"Venom Potion"}],"is_trial":false,"path_per_floor":["M","?","M","M","?","R","M","R","T","M","M","$","?","E","R","B",null,"M","?","?","M","M","NM","M","R","T","M","M","$","M","M","R_BF","B"],"character_chosen":"HERMIT","items_purchased":["Lantern","hermit:Quickdraw","infinitespire:Golems Mask","Membership Card","Bag of Preparation","aspiration:Lifesprig","ClockworkSouvenir"],"campfire_rested":1,"item_purchase_floors":[12,12,29,29,29,29,29],"current_hp_per_floor":[74,74,74,74,74,74,74,74,74,76,78,78,78,80,80,59,83,78,78,78,78,71,14,3,29,29,10,10,10,10,12,39,0,0],"gold":64,"neow_bonus":"NOSTALGIA","is_daily":false,"chose_seed":false,"campfire_upgraded":3,"win_rate":0.0,"timestamp":1611187409,"path_taken":["M","?","?","?","?","R","?","R","T","M","?","$","?","E","R","BOSS","M","?","?","M","M","NM","?","R","T","M","M","$","?","M","R_BF","BOSS"],"items_purchased_type":["Relic","Card","Relic","Relic","Relic","Relic","Relic"],"build_version":"2020-12-22","purchased_purges":0,"victory":false,"max_hp_per_floor":[75,75,75,75,75,75,75,75,75,77,79,79,79,81,81,83,83,85,85,85,85,87,87,87,87,87,89,91,91,91,93,93,93,93],"card_choices":[{"not_picked":["hermit:Midnight","hermit:Vantage"],"picked":"hermit:WideOpen","floor":1},{"not_picked":["Panacea","ReplayTheSpireMod:Trickstab"],"picked":"Dramatic Entrance","floor":2},{"not_picked":["hermit:Roulette","hermit:NoHoldsBarred","hermit:Grudge"],"picked":"SKIP","floor":3},{"not_picked":["hermit:Cheat","hermit:CalledShot"],"picked":"hermit:Maintenance","floor":4},{"not_picked":["hermit:Ricochet","hermit:Malice"],"picked":"hermit:HighCaliber","floor":7},{"not_picked":["hermit:FlashPowder","hermit:Virtue","hermit:Coalescence"],"picked":"Singing Bowl","floor":10},{"not_picked":["hermit:Roulette","hermit:TakeAim","hermit:Purgatory"],"picked":"Singing Bowl","floor":11},{"not_picked":["hermit:Deadeye","hermit:SprayPray","hermit:Headshot"],"picked":"Singing Bowl","floor":14},{"not_picked":["hermit:Purgatory","hermit:RoundhouseKick","hermit:Adapt"],"picked":"Singing Bowl","floor":16},{"not_picked":["hermit:Grudge","hermit:Ricochet","hermit:TrackingShot+1"],"picked":"Singing Bowl","floor":18},{"not_picked":["hermit:Quickdraw","hermit:DeadMansHand+1"],"picked":"hermit:Maintenance+1","floor":21},{"not_picked":["hermit:Glare","hermit:HoleUp","hermit:SprayPray"],"picked":"Singing Bowl","floor":22},{"not_picked":["hermit:FullyLoaded","hermit:Headshot+1"],"picked":"hermit:BodyArmor","floor":23},{"not_picked":["hermit:Manifest","hermit:Ricochet"],"picked":"hermit:FullyLoaded+1","floor":24},{"not_picked":["hermit:Coalescence+1","hermit:RoundhouseKick","hermit:LowProfile+1"],"picked":"Singing Bowl","floor":27},{"not_picked":["hermit:TrackingShot","hermit:Cheat","hermit:Feint"],"picked":"Singing Bowl","floor":28},{"not_picked":["hermit:Glare","hermit:Spite"],"picked":"hermit:Brawl","floor":30},{"not_picked":["hermit:ItchyTrigger+1","hermit:Misfire","hermit:Feint"],"picked":"Singing Bowl","floor":31}],"player_experience":212245,"relics_obtained":[{"floor":9,"key":"Singing Bowl"},{"floor":13,"key":"Simple Rune"},{"floor":14,"key":"Blue Doll"},{"floor":23,"key":"Replay:Wax Seal"},{"floor":26,"key":"Whetstone"}],"event_choices":[{"damage_healed":0,"gold_gain":1,"player_choice":"1","damage_taken":0,"max_hp_gain":0,"max_hp_loss":0,"event_name":"betterStone:BetterStone","floor":2,"gold_loss":0},{"damage_healed":0,"gold_gain":0,"player_choice":"Forge","damage_taken":0,"max_hp_gain":0,"max_hp_loss":0,"event_name":"Accursed Blacksmith","floor":5,"gold_loss":0,"cards_upgraded":["hermit:Maintenance"]},{"cards_removed":["hermit:Maintenance"],"damage_healed":0,"gold_gain":0,"player_choice":"Take \u0026 Give","damage_taken":0,"max_hp_gain":0,"max_hp_loss":0,"event_name":"betterNote:BetterNote","floor":19,"gold_loss":0,"cards_obtained":["hermit:Horror"]},{"damage_healed":0,"gold_gain":0,"player_choice":"Bought 2 Potions","damage_taken":0,"max_hp_gain":0,"max_hp_loss":0,"event_name":"The Woman in Blue","floor":20,"gold_loss":0}],"is_beta":false,"boss_relics":[{"not_picked":["Pandora\u0027s Box","Coffee Dripper"],"picked":"Empty Cage"}],"items_purged_floors":[],"is_endless":true,"potions_floor_spawned":[1,14,16,22,24,27,30,31],"killed_by":"Pondfish","ascension_level":0}}