{"host":"vyjryxuuuxkt43k4","time":1611206845,"event":{"mods":["AchievementEnabler","BaseMod","Colored Map","DeckTracker","Keyboard Shortcuts","Minty Spire (QoL Compilation)","Permanent Neow","Quick Restart","StSLib","SuperFastMode","everything is the same but u backflip on backflip"],"gold_per_floor":[111,121,140,150,170,170,202,214,239,239,239,239,257,125,125,218,218,231,281,92,77,93,93,143,143,190,190,29,48,48,88,88,88,88],"floor_reached":33,"language":"KOR","playtime":1545,"items_purged":["Strike_R","Strike_R"],"score":494,"play_id":"3ad094a9-68ac-4785-9d0d-b3bb721ebf49","local_time":"20210121142725","is_ascension_mode":true,"campfire_choices":[{"data":"Bash","floor":6,"key":"SMITH"},{"data":"Entrench","floor":11,"key":"SMITH"},{"data":"Armaments","floor":15,"key":"SMITH"},{"floor":23,"key":"REST"},{"floor":25,"key":"RECALL"},{"floor":30,"key":"REST"},{"floor":32,"key":"REST"}],"circlet_count":0,"master_deck":["AscendersBane","Strike_R","Strike_R","Strike_R","Defend_R","Defend_R","Defend_R","Defend_R","Bash+1","Flame Barrier","Dark Embrace","Evolve","Ghostly Armor","Headbutt","Entrench+1","Shrug It Off","Armaments+1","Corruption+1","Battle Trance+1","Second Wind","True Grit+1","Warcry+1","Wild Strike"],"relics":["Burning Blood","Bird Faced Urn","Paper Frog","Bag of Preparation","Red Skull","Golden Idol","Fusion Hammer","Strange Spoon","Vajra"],"acts_visited":["Exordium","TheCity"],"potions_floor_usage":[4,7,8,16,21,29,33,33],"damage_taken":[{"damage":3,"enemies":"2 Louse","floor":1,"turns":3},{"damage":8,"enemies":"Small Slimes","floor":2,"turns":7},{"damage":2,"enemies":"Cultist","floor":3,"turns":5},{"damage":12,"enemies":"2 Fungi Beasts","floor":4,"turns":5},{"damage":5,"enemies":"Red Slaver","floor":5,"turns":5},{"damage":54,"enemies":"Gremlin Nob","floor":7,"turns":5},{"damage":9,"enemies":"Blue Slaver","floor":8,"turns":4},{"damage":0,"enemies":"2 Fungi Beasts","floor":13,"turns":3},{"damage":14,"enemies":"The Guardian","floor":16,"turns":15},{"damage":0,"enemies":"3 Byrds","floor":18,"turns":5},{"damage":3,"enemies":"2 Thieves","floor":21,"turns":4},{"damage":34,"enemies":"Centurion and Healer","floor":22,"turns":8},{"damage":0,"enemies":"Cultist and Chosen","floor":29,"turns":7},{"damage":26,"enemies":"Slavers","floor":31,"turns":8},{"damage":88,"enemies":"Collector","floor":33,"turns":6}],"seed_played":"5488374643031292998","potions_obtained":[{"floor":1,"key":"BloodPotion"},{"floor":4,"key":"BloodPotion"},{"floor":5,"key":"FearPotion"},{"floor":8,"key":"GamblersBrew"},{"floor":13,"key":"FearPotion"},{"floor":18,"key":"LiquidMemories"},{"floor":22,"key":"Ancient Potion"},{"floor":31,"key":"Energy Potion"}],"is_trial":false,"path_per_floor":["M","M","M","M","M","R","E","M","T","?","R","?","M","$","R","B",null,"M","?","$","M","M","R","?","R","T","?","$","M","R","E","R","B"],"character_chosen":"IRONCLAD","items_purchased":["Fire Potion","Second Wind","Strange Spoon"],"campfire_rested":3,"item_purchase_floors":[14,20,28],"current_hp_per_floor":[53,51,55,64,65,65,19,31,31,26,26,26,34,34,34,30,59,68,68,68,68,40,60,60,60,60,60,60,68,68,52,68,0,0],"gold":88,"neow_bonus":"ONE_RARE_RELIC","is_daily":false,"chose_seed":false,"campfire_upgraded":3,"win_rate":0.0,"timestamp":1611206845,"path_taken":["M","M","M","M","M","R","E","M","T","?","R","?","M","$","R","BOSS","M","?","?","M","M","R","?","R","T","?","$","?","R","E","R","BOSS"],"items_purchased_type":["Potion","Card","Relic"],"build_version":"2020-12-22","purchased_purges":2,"victory":false,"max_hp_per_floor":[75,75,75,75,75,75,75,75,75,75,75,68,68,68,68,68,68,68,68,68,68,68,68,68,68,68,68,68,68,68,68,68,68,68],"card_choices":[{"not_picked":["Combust","Headbutt"],"picked":"Flame Barrier","floor":1},{"not_picked":["Flex","Infernal Blade"],"picked":"Dark Embrace","floor":2},{"not_picked":["Flex","Infernal Blade"],"picked":"Evolve","floor":3},{"not_picked":["Anger","Dual Wield"],"picked":"Ghostly Armor","floor":4},{"not_picked":["Clash","Flame Barrier"],"picked":"Headbutt","floor":5},{"not_picked":["Clothesline","Thunderclap"],"picked":"Entrench","floor":7},{"not_picked":["Infernal Blade","Sentinel"],"picked":"Shrug It Off","floor":8},{"not_picked":["Cleave","Infernal Blade"],"picked":"Armaments","floor":13},{"not_picked":["Offering","Bludgeon"],"picked":"Corruption","floor":16},{"not_picked":["Clash","Body Slam"],"picked":"Battle Trance+1","floor":18},{"not_picked":["Pommel Strike","Searing Blow","Heavy Blade"],"picked":"SKIP","floor":21},{"not_picked":["Anger","Ghostly Armor"],"picked":"True Grit+1","floor":22},{"not_picked":["Headbutt","Wild Strike"],"picked":"Warcry+1","floor":29},{"not_picked":["Flex","Twin Strike"],"picked":"Wild Strike","floor":31}],"player_experience":190434,"relics_obtained":[{"floor":7,"key":"Paper Frog"},{"floor":9,"key":"Bag of Preparation"},{"floor":31,"key":"Vajra"}],"event_choices":[{"damage_healed":0,"gold_gain":0,"player_choice":"Success","damage_taken":5,"relics_obtained":["Red Skull"],"max_hp_gain":0,"max_hp_loss":0,"event_name":"Scrap Ooze","floor":10,"gold_loss":0},{"damage_healed":0,"gold_gain":0,"player_choice":"Lose Max HP","damage_taken":0,"relics_obtained":["Golden Idol"],"max_hp_gain":0,"max_hp_loss":7,"event_name":"Golden Idol","floor":12,"gold_loss":0},{"damage_healed":0,"gold_gain":100,"player_choice":"Bet on Murderer","damage_taken":0,"max_hp_gain":0,"max_hp_loss":0,"event_name":"The Joust","floor":19,"gold_loss":50},{"damage_healed":0,"gold_gain":50,"player_choice":"Stole From Cult","damage_taken":0,"max_hp_gain":0,"max_hp_loss":0,"event_name":"Nest","floor":24,"gold_loss":0},{"damage_healed":0,"gold_gain":0,"player_choice":"Upgraded","damage_taken":0,"max_hp_gain":0,"max_hp_loss":0,"event_name":"Upgrade Shrine","floor":27,"gold_loss":0,"cards_upgraded":["Corruption"]}],"is_beta":false,"boss_relics":[{"not_picked":["Ectoplasm","Busted Crown"],"picked":"Fusion Hammer"}],"items_purged_floors":[14,20],"is_endless":false,"potions_floor_spawned":[1,4,5,8,13,18,22,31],"killed_by":"Collector","ascension_level":17}}