{"host":"rzvepkyh9344fbo1","time":1611235250,"event":{"mods":["AchievementEnabler","Act Like it!","BaseMod","Colored Map","Colored Powertips","Curses Come First","Minty Spire (QoL Compilation)","Replay The Spire","Shop Mod","StSLib","The Cursed"],"gold_per_floor":[119,135,155,165,180,210,223,223,246,246,421,421,455,466,466,566,566,580,580,597,624,640,665,680,710,710,710,80,113,123,151,151,255,255,268,268,278,294,294,294,1,15,38,38,50,75,75,107,107,107,107,107,3,38,38],"floor_reached":56,"language":"ENG","playtime":8095,"items_purged":["TheCursedMod:Strike_TheCursed"],"score":1599,"play_id":"dfee2c7b-bb85-4a54-a83d-bc209900a05f","local_time":"20210122002050","is_ascension_mode":false,"campfire_choices":[{"data":"TheCursedMod:HellsGateOpen","floor":8,"key":"SMITH"},{"data":"TheCursedMod:ReleasedKnowledge","floor":10,"key":"SMITH"},{"data":"TheCursedMod:Defend_TheCursed","floor":15,"key":"PURGE"},{"data":"TheCursedMod:BloodBarrier","floor":27,"key":"SMITH"},{"floor":32,"key":"RECALL"},{"data":"TheCursedMod:DemonicPact","floor":40,"key":"SMITH"},{"data":"TheCursedMod:Hemoplague","floor":44,"key":"SMITH"},{"data":"TheCursedMod:ManaBullet","floor":47,"key":"SMITH"},{"data":"TheCursedMod:VoidForm","floor":49,"key":"SMITH"},{"data":"TheCursedMod:LuckyCharm","floor":52,"key":"SMITH"}],"circlet_count":0,"master_deck":["TheCursedMod:Strike_TheCursed+1","TheCursedMod:Strike_TheCursed","TheCursedMod:Defend_TheCursed","TheCursedMod:Defend_TheCursed","TheCursedMod:Defend_TheCursed","TheCursedMod:CursedWand","TheCursedMod:CleanUpWorkshop","TheCursedMod:SoulReap","TheCursedMod:CursedBoomerang+1","TheCursedMod:SmokeScreen","TheCursedMod:HellsGateOpen+1","TheCursedMod:ReleasedKnowledge+1","TheCursedMod:WearCloak","TheCursedMod:CursedShiv","TheCursedMod:DemonSword","TheCursedMod:BloodBarrier+1","TheCursedMod:CursedShiv+1","TheCursedMod:CircleOfFlame+1","TheCursedMod:LuckyCharm+1","TheCursedMod:CircleOfFlame+1","Pot Of Greed","Pot Of Greed","TheCursedMod:AbyssShockwave","TheCursedMod:AbyssShockwave","Pot Of Greed","TheCursedMod:SpitefulPray+1","TheCursedMod:RapidMovement","TheCursedMod:ManaBullet+1","TheCursedMod:DemonicPact+1","TheCursedMod:CursedSpellbook","TheCursedMod:WearCloak","TheCursedMod:Hemoplague+1","TheCursedMod:Hemoplague+1","TheCursedMod:CursedShiv+1","TheCursedMod:DoubleShield+1","TheCursedMod:SurpriseAttack","TheCursedMod:VoidForm+1","Pot Of Greed","TheCursedMod:BlessingInDisguise+1"],"relics":["TheCursedMod:BlackMagic101","Ancient Tea Set","Omamori","Whetstone","TheCursedMod:OminousMark","Tiny Chest","Grinning Jar","Ornamental Fan","Question Card","Divine Protection","TheCursedMod:DemonicMark","Pet Ghost","Honey Jar","Strawberry","TheCursedMod:Tack","Oddly Smooth Stone","Replay:Bottled Snecko","Incense Burner","White Beast Statue"],"acts_visited":["Exordium","TheCity","TheBeyond","TheEnding"],"potions_floor_usage":[6,13,23,25,25,31,46,46,46,48,54,54],"damage_taken":[{"damage":1,"enemies":"Cultist","floor":1,"turns":4},{"damage":10,"enemies":"Jaw Worm","floor":2,"turns":4},{"damage":0,"enemies":"2 Louse","floor":3,"turns":4},{"damage":2,"enemies":"Looter","floor":4,"turns":4},{"damage":4,"enemies":"Exordium Wildlife","floor":5,"turns":4},{"damage":19,"enemies":"Gremlin Nob","floor":6,"turns":4},{"damage":1,"enemies":"Gremlin Gang","floor":7,"turns":7},{"damage":15,"enemies":"Lagavulin","floor":13,"turns":8},{"damage":0,"enemies":"3 Louse","floor":14,"turns":3},{"damage":59,"enemies":"Fading Forest","floor":16,"turns":11},{"damage":0,"enemies":"Shell Parasite","floor":18,"turns":3},{"damage":0,"enemies":"3 Byrds","floor":20,"turns":4},{"damage":4,"enemies":"Cultist and Chosen","floor":22,"turns":4},{"damage":7,"enemies":"Replay:Snechameleon","floor":23,"turns":5},{"damage":23,"enemies":"Centurion and Healer","floor":24,"turns":4},{"damage":22,"enemies":"Book of Stabbing","floor":25,"turns":4},{"damage":19,"enemies":"Slavers","floor":29,"turns":5},{"damage":0,"enemies":"Sentry and Sphere","floor":30,"turns":5},{"damage":3,"enemies":"Book of Stabbing","floor":31,"turns":4},{"damage":13,"enemies":"Pondfish","floor":33,"turns":10},{"damage":8,"enemies":"3 Shapes","floor":35,"turns":3},{"damage":0,"enemies":"Orb Walker","floor":37,"turns":3},{"damage":0,"enemies":"Maw","floor":38,"turns":5},{"damage":0,"enemies":"3 Darklings","floor":42,"turns":2},{"damage":0,"enemies":"Jaw Worm Horde","floor":45,"turns":3},{"damage":0,"enemies":"Giant Head","floor":46,"turns":6},{"damage":0,"enemies":"R_Hoarder","floor":48,"turns":6},{"damage":19,"enemies":"Donu and Deca","floor":50,"turns":6},{"damage":16,"enemies":"Shield and Spear","floor":54,"turns":4},{"damage":76,"enemies":"The Heart","floor":55,"turns":8}],"seed_played":"-2054900902379782860","potions_obtained":[{"floor":2,"key":"AttackPotion"},{"floor":4,"key":"Swift Potion"},{"floor":6,"key":"Ancient Potion"},{"floor":13,"key":"FearPotion"},{"floor":16,"key":"Swift Potion"},{"floor":22,"key":"FearPotion"},{"floor":23,"key":"Elixir"},{"floor":25,"key":"BlessingOfTheForge"},{"floor":29,"key":"SkillPotion"},{"floor":35,"key":"BlessingOfTheForge"},{"floor":37,"key":"Reflective Coating"},{"floor":38,"key":"Block Potion"}],"is_trial":false,"path_per_floor":["M","M","M","M","M","E","M","R","T","R","?","?","E","M","R_BF","B",null,"M","?","M","T","M","E","M","E","T","R","$","E","M","E","R_BF","B",null,"M","?","M","M","T","R","$","M","T","R","M","E","R","E","R","B",null,"R","$","E","B",null],"character_chosen":"THE_CURSED","items_purchased":["Question Card","Divine Protection","TheCursedMod:AbyssShockwave","TheCursedMod:Tack","TheCursedMod:Hemoplague","TheCursedMod:DregsPotion","PowerPotion","AttackPotion"],"campfire_rested":0,"item_purchase_floors":[28,28,28,41,41,41,53,53],"current_hp_per_floor":[81,73,73,76,77,64,65,65,65,65,65,65,55,60,60,6,82,82,66,69,69,70,70,56,41,41,41,41,27,32,39,39,34,87,79,79,79,82,89,89,89,94,94,94,94,94,94,94,94,83,94,94,94,85,14],"gold":38,"neow_bonus":"TEN_PERCENT_HP_BONUS","is_daily":false,"chose_seed":false,"campfire_upgraded":8,"win_rate":0.0,"timestamp":1611235250,"path_taken":["M","M","M","M","M","E","?","R","T","R","?","?","E","M","R_BF","BOSS","M","?","M","?","M","E","M","E","T","R","$","E","?","E","R_BF","BOSS","M","?","M","?","?","R","$","M","T","R","?","E","R","E","R","BOSS","R","$","E","BOSS"],"items_purchased_type":["Relic","Relic","Card","Relic","Card","Potion","Potion","Potion"],"build_version":"2020-12-22","purchased_purges":1,"victory":true,"max_hp_per_floor":[82,82,82,82,82,82,82,82,82,82,82,82,82,82,82,82,82,82,87,87,87,87,87,87,87,87,87,87,87,87,87,87,87,87,87,87,87,87,94,94,94,94,94,94,94,94,94,94,94,94,94,94,94,94,94],"card_choices":[{"not_picked":["TheCursedMod:CircleOfFlame","TheCursedMod:SmokeScreen"],"picked":"TheCursedMod:SoulReap","floor":1},{"not_picked":["TheCursedMod:CursedStaff","TheCursedMod:TacticalStrike"],"picked":"TheCursedMod:CursedBoomerang","floor":2},{"not_picked":["TheCursedMod:CursedSpellbook","TheCursedMod:SaltUponWound"],"picked":"TheCursedMod:SmokeScreen","floor":3},{"not_picked":["TheCursedMod:CircleOfFocus","TheCursedMod:VitalStrike","TheCursedMod:ReleasedKnowledge"],"picked":"SKIP","floor":4},{"not_picked":["TheCursedMod:FleshFromBone","TheCursedMod:Obscuration"],"picked":"TheCursedMod:HellsGateOpen","floor":5},{"not_picked":["TheCursedMod:RavingStaff","TheCursedMod:Evocation"],"picked":"TheCursedMod:ReleasedKnowledge","floor":6},{"not_picked":["TheCursedMod:FleshFromBone","TheCursedMod:StingEye","TheCursedMod:VitalStrike"],"picked":"SKIP","floor":7},{"not_picked":["TheCursedMod:SoulCrush","TheCursedMod:DarkBarrier"],"picked":"TheCursedMod:WearCloak","floor":13},{"not_picked":["TheCursedMod:Torture","TheCursedMod:CursedAmulet"],"picked":"TheCursedMod:CursedShiv","floor":14},{"not_picked":["TheCursedMod:OutForBlood","TheCursedMod:CollectTribute"],"picked":"TheCursedMod:DemonSword","floor":16},{"not_picked":["TheCursedMod:Wield","TheCursedMod:Stretching+1"],"picked":"TheCursedMod:BloodBarrier","floor":18},{"not_picked":["TheCursedMod:CursedAmulet+1","TheCursedMod:SpreadPlague"],"picked":"TheCursedMod:CursedShiv+1","floor":20},{"not_picked":["TheCursedMod:SpitefulStrike","TheCursedMod:TacticalStrike+1"],"picked":"TheCursedMod:CircleOfFlame+1","floor":22},{"not_picked":["TheCursedMod:VitalStrike","TheCursedMod:SmokeScreen"],"picked":"TheCursedMod:LuckyCharm","floor":23},{"not_picked":["TheCursedMod:CursedArmor+1","TheCursedMod:TroublousMinions"],"picked":"TheCursedMod:CircleOfFlame+1","floor":24},{"not_picked":["TheCursedMod:CursedArmor","TheCursedMod:CursedBoomerang","TheCursedMod:Wield"],"picked":"SKIP","floor":25},{"not_picked":["TheCursedMod:CursedRelics","TheCursedMod:FleshFromBone","TheCursedMod:RavingStaff"],"picked":"TheCursedMod:SpitefulPray+1","floor":29},{"not_picked":["TheCursedMod:Grudge","TheCursedMod:AshesToAshes","TheCursedMod:CursedStaff"],"picked":"TheCursedMod:RapidMovement","floor":30},{"not_picked":["TheCursedMod:SpitefulStrike","TheCursedMod:Stretching","TheCursedMod:CursedMace"],"picked":"TheCursedMod:ManaBullet","floor":31},{"not_picked":["TheCursedMod:OutForBlood","TheCursedMod:ShockAndAwe","TheCursedMod:AntiAging"],"picked":"TheCursedMod:DemonicPact","floor":33},{"not_picked":["TheCursedMod:CircleOfFlame","TheCursedMod:CircleOfCorruption","TheCursedMod:CursedStaff","TheCursedMod:AshesToAshes+1"],"picked":"TheCursedMod:CursedSpellbook","floor":35},{"not_picked":["TheCursedMod:FleshFromBone+1","TheCursedMod:VitalStrike","TheCursedMod:Torture","TheCursedMod:RapidMovement"],"picked":"TheCursedMod:WearCloak","floor":37},{"not_picked":["TheCursedMod:SmokeScreen+1","TheCursedMod:UltimatePain","TheCursedMod:CursedMace","TheCursedMod:SoulReap"],"picked":"TheCursedMod:Hemoplague+1","floor":38},{"not_picked":["TheCursedMod:CircleOfWindfury","TheCursedMod:Mangle+1","TheCursedMod:CursedMace","TheCursedMod:Hemoplague+1"],"picked":"TheCursedMod:CursedShiv+1","floor":42},{"not_picked":["TheCursedMod:Obscuration+1","TheCursedMod:SoulCrush+1","TheCursedMod:RavingStaff+1","TheCursedMod:Wield"],"picked":"TheCursedMod:DoubleShield+1","floor":45},{"not_picked":["TheCursedMod:SpitefulPray","TheCursedMod:CursedRelics","TheCursedMod:CursedSpellbook+1","TheCursedMod:CursedAmulet"],"picked":"TheCursedMod:SurpriseAttack","floor":46},{"not_picked":["TheCursedMod:DemonSword","TheCursedMod:Torture+1","TheCursedMod:CursedArmor+1","TheCursedMod:CircleOfCorruption"],"picked":"TheCursedMod:VoidForm","floor":48},{"not_picked":["TheCursedMod:CursedShiv","TheCursedMod:SmokeScreen+1","TheCursedMod:CursedAmulet+1","TheCursedMod:VitalStrike+1"],"picked":"TheCursedMod:BlessingInDisguise+1","floor":54}],"player_experience":185648,"relics_obtained":[{"floor":6,"key":"Ancient Tea Set"},{"floor":9,"key":"Omamori"},{"floor":13,"key":"Whetstone"},{"floor":23,"key":"Tiny Chest"},{"floor":25,"key":"Grinning Jar"},{"floor":26,"key":"Ornamental Fan"},{"floor":29,"key":"TheCursedMod:DemonicMark"},{"floor":31,"key":"Pet Ghost"},{"floor":39,"key":"Strawberry"},{"floor":43,"key":"Oddly Smooth Stone"},{"floor":46,"key":"Replay:Bottled Snecko"},{"floor":48,"key":"Incense Burner"},{"floor":54,"key":"White Beast Statue"}],"event_choices":[{"damage_healed":0,"gold_gain":175,"player_choice":"AGREE","damage_taken":0,"max_hp_gain":0,"max_hp_loss":0,"event_name":"Liars Game","floor":11,"gold_loss":0,"cards_obtained":["Doubt"]},{"damage_healed":0,"gold_gain":0,"player_choice":"Shed Blood","damage_taken":21,"max_hp_gain":5,"max_hp_loss":0,"event_name":"Forgotten Altar","floor":19,"gold_loss":0},{"cards_removed":["TheCursedMod:Dregs"],"damage_healed":0,"gold_gain":0,"player_choice":"Removed Curses","damage_taken":0,"max_hp_gain":0,"max_hp_loss":0,"event_name":"Fountain of Cleansing","floor":36,"gold_loss":0}],"is_beta":false,"boss_relics":[{"not_picked":["SlaversCollar","Fusion Hammer"],"picked":"TheCursedMod:OminousMark"},{"not_picked":["Tiny House","Black Star"],"picked":"Honey Jar"}],"items_purged_floors":[28],"is_endless":false,"potions_floor_spawned":[2,4,6,13,16,22,23,25,29,30,35,37,38],"ascension_level":0}}