{"host":"2ccem01eblg14btk","time":1611218682,"event":{"mods":["BaseMod","Colored Map","Minty Spire (QoL Compilation)","Quick Restart","Replay The Spire","StSLib"],"gold_per_floor":[111,111,128,138,138,173,184,184,184,184,42,42,54,74,74,174,174,193,207,207,207,207],"floor_reached":21,"language":"ENG","playtime":705,"items_purged":["Strike_B"],"score":206,"play_id":"3f51cc8d-4b50-46f1-b7a4-307a2682fe31","local_time":"20210121094442","is_ascension_mode":false,"campfire_choices":[{"floor":8,"key":"REST"},{"floor":12,"key":"REST"},{"data":"Fusion","floor":15,"key":"SMITH"}],"circlet_count":0,"master_deck":["Strike_B","Defend_B","Defend_B","Defend_B","Zap","Dualcast","Capacitor","Conserve Battery","Consume","Glacier","Coolheaded","Darkness","Loop+1","Fusion+1","Loop","Electrodynamics+1","Redo","Capacitor+1"],"relics":["Cracked Core","Golden Egg","Potion Belt","Matryoshka","Fusion Hammer"],"acts_visited":["Exordium","TheCity"],"potions_floor_usage":[],"damage_taken":[{"damage":0,"enemies":"Jaw Worm","floor":1,"turns":3},{"damage":6,"enemies":"Cultist","floor":3,"turns":3},{"damage":0,"enemies":"Small Slimes","floor":4,"turns":2},{"damage":11,"enemies":"3 Sentries","floor":6,"turns":9},{"damage":12,"enemies":"Exordium Thugs","floor":7,"turns":7},{"damage":2,"enemies":"Exordium Wildlife","floor":13,"turns":4},{"damage":6,"enemies":"Blue Slaver","floor":14,"turns":5},{"damage":21,"enemies":"Hexaghost","floor":16,"turns":12},{"damage":4,"enemies":"Shell Parasite","floor":18,"turns":7},{"damage":28,"enemies":"2 Thieves","floor":19,"turns":3}],"seed_played":"-2316344631524282401","potions_obtained":[{"floor":1,"key":"Cursed Concoction"},{"floor":6,"key":"SmokeBomb"},{"floor":7,"key":"EssenceOfDarkness"},{"floor":16,"key":"Languid Potion"},{"floor":18,"key":"AttackPotion"}],"is_trial":false,"path_per_floor":["M","?","M","M","?","E","M","R","T","?","$","R","M","M","R","B",null,"M","M","?","$"],"character_chosen":"DEFECT","items_purchased":["Loop"],"campfire_rested":2,"item_purchase_floors":[11],"current_hp_per_floor":[54,47,41,41,29,18,6,28,28,28,28,50,48,42,42,21,75,71,43,43,43,43],"gold":207,"neow_bonus":"TRANSFORM_TWO_CARDS","is_daily":false,"chose_seed":false,"campfire_upgraded":1,"win_rate":0.0,"timestamp":1611218682,"path_taken":["M","?","?","M","?","E","M","R","T","?","$","R","M","M","R","BOSS","M","?","?","$"],"items_purchased_type":["Card"],"build_version":"2020-12-22","purchased_purges":1,"victory":false,"max_hp_per_floor":[75,75,75,75,75,75,75,75,75,75,75,75,75,75,75,75,75,75,75,75,75,75],"card_choices":[{"not_picked":["FIFO Queue","Undo"],"picked":"Consume","floor":1},{"not_picked":["Turbo","Aggregate"],"picked":"Glacier","floor":3},{"not_picked":["Sweeping Beam","Hologram","Turbo"],"picked":"SKIP","floor":4},{"not_picked":["BasicCrystalCard","ReplaySolidLightProjector"],"picked":"Coolheaded","floor":6},{"not_picked":["Reprogram","Force Field","Stack"],"picked":"SKIP","floor":7},{"not_picked":["Sunder","Blizzard"],"picked":"Fusion","floor":13},{"not_picked":["ReplayTheSpireMod:GoodbyeWorld","Panic Button"],"picked":"Loop","floor":14},{"not_picked":["Biased Cognition","Fission"],"picked":"Electrodynamics","floor":16},{"not_picked":["Beam Cell","Consume"],"picked":"Redo","floor":18},{"not_picked":["Stack","Cold Snap+1"],"picked":"Capacitor+1","floor":19}],"player_experience":123185,"relics_obtained":[{"floor":6,"key":"Potion Belt"},{"floor":9,"key":"Matryoshka"}],"event_choices":[{"damage_healed":0,"gold_gain":0,"player_choice":"Damaged","damage_taken":7,"max_hp_gain":0,"max_hp_loss":0,"event_name":"Wheel of Change","floor":2,"gold_loss":0},{"damage_healed":0,"gold_gain":0,"player_choice":"Success","damage_taken":12,"relics_obtained":["Golden Egg"],"max_hp_gain":0,"max_hp_loss":0,"event_name":"Scrap Ooze","floor":5,"gold_loss":0},{"damage_healed":0,"gold_gain":0,"cards_transformed":["Strike_B"],"player_choice":"Transformed","damage_taken":0,"max_hp_gain":0,"max_hp_loss":0,"event_name":"Transmorgrifier","floor":10,"gold_loss":0,"cards_obtained":["Darkness"]},{"damage_healed":0,"gold_gain":0,"player_choice":"Ignored","damage_taken":0,"max_hp_gain":0,"max_hp_loss":0,"event_name":"N\u0027loth","floor":20,"gold_loss":0}],"is_beta":false,"boss_relics":[{"not_picked":["Philosopher\u0027s Stone","Busted Crown"],"picked":"Fusion Hammer"}],"items_purged_floors":[11],"is_endless":false,"potions_floor_spawned":[1,6,7,16,18],"ascension_level":0}}