{"host":"9xbpusgrz0p5n7ce","time":1611246935,"event":{"mods":["Act Like it!","BaseMod","Downfall","Gensokyo","Hermit","Marisa£®ÏF”Í°°ƒß¿Ì…≥£©","Minty Spire (QoL Compilation)","Reimu£®≤©¿ˆ¡È√Œ£©","Remilia£®¿Ÿ√◊¿Ú—«£©","StSLib","The Cursed","The Servant 0.9.4","Youmu£®ªÍ∆«—˝√Œ£©"],"gold_per_floor":[109,109,109,109,109,109,141,158,205,64,93,93,126,142,142,263,263,279,299,259,312,327,327,101,136,136,165,165,182,212,243,243,346,346,364,78,59,77,77,406,426,437,462,485,501,541,207,223,223,349,349,367,378,392,80,90,115,115,150,150,6,25,62,62,62,62,173,173,201,201,451,465,181,181,211,249,275,275,275,316,351,366,366,472,472,485,536,222,231,263,307,323,334,377,193,221,236,255,270,270,370,370,390,390,408,156,172,172],"floor_reached":107,"language":"ZHS","playtime":13796,"items_purged":["Clumsy","ScarletImprint"],"score":3636,"play_id":"ba0e970c-d11f-42f7-93e4-4c37a5db41a7","local_time":"20210122003535","daily_mods":["Draft","Allstar","Colorless Cards","Heirloom","Time Dilation","DeadlyEvents","Elite Swarm"],"is_ascension_mode":true,"campfire_choices":[{"data":"MiserableFate","floor":6.0,"key":"SMITH"},{"data":"DemonKingCradle","floor":12.0,"key":"SMITH"},{"data":"Transmutation","floor":15.0,"key":"SMITH"},{"data":"Secret Weapon","floor":23.0,"key":"SMITH"},{"data":"BatForm","floor":28.0,"key":"SMITH"},{"data":"Apotheosis","floor":32.0,"key":"SMITH"},{"data":"Discovery","floor":49.0,"key":"SMITH"},{"data":"MastersStateliness","floor":58.0,"key":"SMITH"},{"data":"Thinking Ahead","floor":64,"key":"SMITH"},{"data":"ChaoticDestiny","floor":66,"key":"SMITH"},{"data":"ScarletCoffin","floor":74,"key":"SMITH"},{"data":"Master of Strategy","floor":78,"key":"SMITH"},{"data":"Master of Strategy","floor":83,"key":"SMITH"},{"data":"BloodyHallows","floor":100,"key":"SMITH"}],"circlet_count":0,"master_deck":["MiserableFate+1","VampirishNight+1","BombardNight","RedRainbow+1","Finesse","LeisurelyOfLord+1","BloodHunter","UnderTheZenith","SuperhumanBloodyKnife+1","EndlessAdversity+1","CharismaGuard","BlasphemousPunishment","MastersStateliness+1","Impatience+1","ScarletCoffin+1","NightDance","Discovery+1","ChainGang+1","DemonKingCradle+1","Transmutation+1","TransientEternity+1","Maim","Secret Weapon+1","ScarletGensokyo+1","ReincarnationDial+1","Apotheosis+1","RedRainbow+1","BatForm+1","BloodyCatastrophe+1","Violence+1","Panache+1","ChaoticDestiny+1","Ultimatum+1","Finesse+1","BatForm+1","ScarletDevilSign+1","BloodAndWine+1","ScarletMeister+1","Jack Of All Trades","Thinking Ahead+1","Sadistic Nature+1","EternalNight","BloodAndWine+1","Master of Strategy+1","Master of Strategy+1","Secret Weapon","Mayhem+1","BloodyHallows+1","Panache+1","Mayhem+1"],"relics":["ScarletHat","Prayer Wheel","Gensokyo:NagashiBinaDoll","Mango","Ornamental Fan","Letter Opener","Tea:ReiMu","War Paint","Art of War","Blood Vial","sneckomod:SneckoTalon","Boot","Guardian:BottledAnomaly","Regal Pillow","Bag of Marbles","Mango","White Beast Statue","Frozen Egg 2","StoneCalendar","Sozu","Ice Cream","Potion Belt","CeramicFish","bronze:DecasWashers","PureWhite:ReiMu","Bronze Scales","Lizard Tail","SlaversCollar","OrangePellets","Guardian:PocketSentry","Akabeko","Pear","sneckomod:BlankCard","Cursed Key","DollysMirror","Vajra","Centennial Puzzle","Kunai","Omamori","Happy Flower","hexamod:Sixitude","ScarletEmblem","CaptainsWheel","RedBat","Gungnir","Bottled Lightning","Coffee Dripper","Bottled Tornado"],"acts_visited":["Exordium","Gensokyo:Gensokyo","Gensokyo:Gensokyoer","Exordium","Exordium","TheBeyond","TheBeyond"],"potions_floor_usage":[],"damage_taken":[{"damage":0.0,"enemies":"Gensokyo:3_Fairies","floor":1.0,"turns":3.0},{"damage":0.0,"enemies":"Gensokyo:Aya","floor":7.0,"turns":1.0},{"damage":0.0,"enemies":"Gensokyo:2_Kodama","floor":8.0,"turns":6.0},{"damage":0.0,"enemies":"Gensokyo:Cirno","floor":11.0,"turns":4.0},{"damage":10.0,"enemies":"Gensokyo:Mamizou","floor":13.0,"turns":3.0},{"damage":10.0,"enemies":"Gensokyo:Gryphon","floor":14.0,"turns":1.0},{"damage":10.0,"enemies":"Gensokyo:Reimu","floor":16.0,"turns":4.0},{"damage":6.0,"enemies":"Gensokyo:AngelMirror","floor":18.0,"turns":3.0},{"damage":0.0,"enemies":"Gensokyo:2_Gloops","floor":19.0,"turns":2.0},{"damage":15.0,"enemies":"Gensokyo:Reisen","floor":21.0,"turns":4.0},{"damage":29.0,"enemies":"Gensokyo:Slime_Group","floor":22.0,"turns":3.0},{"damage":0.0,"enemies":"Gensokyo:Tenshi","floor":25.0,"turns":2.0},{"damage":29.0,"enemies":"Gensokyo:Reisen","floor":27.0,"turns":3.0},{"damage":0.0,"enemies":"Gensokyo:3_Gloops","floor":29.0,"turns":3.0},{"damage":12.0,"enemies":"Gensokyo:Koishi","floor":30.0,"turns":2.0},{"damage":10.0,"enemies":"Gensokyo:Reisen","floor":31.0,"turns":2.0},{"damage":13.0,"enemies":"Gensokyo:Kaguya","floor":33.0,"turns":5.0},{"damage":0.0,"enemies":"Gensokyo:3_Boulders","floor":35.0,"turns":1.0},{"damage":0.0,"enemies":"Gensokyo:AncientGuardian","floor":38.0,"turns":2.0},{"damage":19.0,"enemies":"Gensokyo:Marisa","floor":40.0,"turns":2.0},{"damage":0.0,"enemies":"Gensokyo:4_Bats","floor":41.0,"turns":1.0},{"damage":4.0,"enemies":"Gensokyo:3_Boulders","floor":42.0,"turns":3.0},{"damage":22.0,"enemies":"Gensokyo:AtlasGolem","floor":44.0,"turns":3.0},{"damage":0.0,"enemies":"Gensokyo:4_Bats","floor":45.0,"turns":1.0},{"damage":18.0,"enemies":"Gensokyo:Doremy","floor":46.0,"turns":2.0},{"damage":14.0,"enemies":"Gensokyo:3_Boulders","floor":48.0,"turns":2.0},{"damage":11.0,"enemies":"Gensokyo:Shinki","floor":50.0,"turns":4.0},{"damage":0.0,"enemies":"Jaw Worm","floor":52.0,"turns":1.0},{"damage":0.0,"enemies":"Cultist","floor":53.0,"turns":1.0},{"damage":0.0,"enemies":"2 Louse","floor":54.0,"turns":2.0},{"damage":0.0,"enemies":"Looter","floor":56.0,"turns":1.0},{"damage":18.0,"enemies":"Gremlin Nob","floor":57.0,"turns":1.0},{"damage":3.0,"enemies":"Lagavulin","floor":59.0,"turns":1.0},{"damage":0.0,"enemies":"2 Fungi Beasts","floor":62.0,"turns":1.0},{"damage":0,"enemies":"Gremlin Nob","floor":63,"turns":1},{"damage":0,"enemies":"Hexaghost","floor":67,"turns":2},{"damage":4,"enemies":"Gensokyo:3_Dogs","floor":69,"turns":2},{"damage":10,"enemies":"Gensokyo:CosmicMonolith","floor":72,"turns":1},{"damage":10,"enemies":"Gensokyo:Tenshi","floor":75,"turns":1},{"damage":4,"enemies":"Gensokyo:Reisen","floor":76,"turns":1},{"damage":0,"enemies":"Gensokyo:Koishi","floor":77,"turns":1},{"damage":0,"enemies":"Gensokyo:Reisen","floor":80,"turns":1},{"damage":10,"enemies":"Gensokyo:Tenshi","floor":81,"turns":1},{"damage":0,"enemies":"Gensokyo:Slime_Group","floor":82,"turns":1},{"damage":14,"enemies":"Gensokyo:Kaguya","floor":84,"turns":2},{"damage":0,"enemies":"3 Shapes","floor":86,"turns":1},{"damage":0,"enemies":"2 Orb Walkers","floor":87,"turns":1},{"damage":3,"enemies":"Reptomancer","floor":90,"turns":2},{"damage":4,"enemies":"Nemesis","floor":91,"turns":1},{"damage":8,"enemies":"Orb Walker","floor":92,"turns":1},{"damage":0,"enemies":"3 Darklings","floor":93,"turns":1},{"damage":0,"enemies":"Reptomancer","floor":94,"turns":1},{"damage":8,"enemies":"Giant Head","floor":96,"turns":1},{"damage":0,"enemies":"Jaw Worm Horde","floor":97,"turns":1},{"damage":10,"enemies":"Writhing Mass","floor":98,"turns":1},{"damage":8,"enemies":"4 Shapes","floor":99,"turns":1},{"damage":54,"enemies":"Time Eater","floor":101,"turns":2},{"damage":0,"enemies":"Gensokyo:2_Kodama","floor":103,"turns":1},{"damage":10,"enemies":"Gensokyo:Gryphon","floor":105,"turns":1},{"damage":0,"enemies":"Gensokyo:Python","floor":107,"turns":1}],"seed_played":"7243956680905079709","potions_obtained":[{"floor":7.0,"key":"LiquidMemories"},{"floor":8.0,"key":"Energy Potion"},{"floor":11.0,"key":"champ:CounterPotion"},{"floor":18.0,"key":"GamblersBrew"},{"floor":18.0,"key":"Fire Potion"},{"floor":19.0,"key":"ColorlessPotion"},{"floor":21.0,"key":"DuplicationPotion"},{"floor":22.0,"key":"GamblersBrew"},{"floor":27.0,"key":"Guardian:BlockOnCardUsePotion"},{"floor":29.0,"key":"Fire Potion"},{"floor":30.0,"key":"champ:CounterPotion"},{"floor":31.0,"key":"Explosive Potion"},{"floor":33.0,"key":"Energy Potion"},{"floor":33.0,"key":"Fire Potion"}],"is_trial":true,"path_per_floor":["M","?","COS","?","T","R","E","M","T","$","E","R","E","M","R","B",null,"M","M","?","E","M","R","$","E","T","E","R","M","E","E","R","B",null,"M","$","COS","M","?","E","M","M","T","M","M","E","$","M","R","B",null,"M","M","M","$","M","E","R","E","T","$","M","E","R","?","R","B",null,"M","$","?","M","COS","R","E","E","E","R","?","E","E","M","R","B",null,"M","?","$","?","E","E","M","M","E","$","E","M","M","M","R","B",null,"M","?","M","$","M"],"character_chosen":"REMILIA","items_purchased":["ChainGang","DemonKingCradle","Guardian:BottledAnomaly","Ice Cream","Bronze Scales","Jack Of All Trades","OrangePellets","Guardian:PocketSentry","sneckomod:BlankCard","Gungnir","Mayhem+1","Bottled Tornado"],"campfire_rested":0,"item_purchase_floors":[10,10,24,36,47,47,55,55,61,88,95,106],"current_hp_per_floor":[75,75,75,68,68,68,72,76,76,76,86,86,82,74,74,77,86,86,89,89,82,66,66,66,73,87,69,69,79,82,76,76,72,95,97,97,97,103,103,98,103,101,101,90,94,91,91,81,81,103,103,103,103,103,103,103,97,97,103,113,113,113,113,113,113,113,113,113,113,113,107,107,107,107,106,104,107,107,107,107,106,107,107,97,105,107,107,107,107,106,107,102,107,107,107,110,110,100,94,94,86,104,106,106,98,98,102,102],"gold":172,"neow_bonus":"","is_daily":false,"chose_seed":false,"campfire_upgraded":14,"win_rate":0.0,"timestamp":1611246935,"path_taken":["M","?","COS","?","?","R","E","M","T","$","E","R","?","M","R","BOSS","M","?","?","?","?","R","?","E","T","E","R","M","E","?","R","BOSS","M","?","COS","M","?","E","M","M","T","M","M","E","$","M","R","BOSS","M","M","M","$","M","E","R","E","T","$","M","E","R","?","R","BOSS","M","$","?","M","COS","R","?","E","E","R","?","?","E","M","R","BOSS","M","?","$","?","?","E","M","M","E","$","E","?","M","M","R","BOSS","M","?","?","$","M"],"items_purchased_type":["Card","Card","Relic","Relic","Relic","Card","Relic","Relic","Relic","Relic","Card","Relic"],"build_version":"2020-12-22","purchased_purges":2,"victory":false,"max_hp_per_floor":[75,75,75,89,89,89,89,89,89,89,89,89,89,89,89,89,89,89,89,89,89,89,89,89,89,103,103,103,103,103,103,103,103,103,103,103,103,103,103,103,103,103,103,103,103,103,103,103,103,103,103,103,103,103,103,103,103,103,103,113,113,113,113,113,113,113,113,113,113,113,107,107,107,107,107,107,107,107,107,107,107,107,107,107,107,107,107,107,107,107,107,107,107,107,107,110,110,110,110,110,110,110,110,110,110,110,110,110],"card_choices":[{"not_picked":["ScarletSymphony","BombardNight"],"picked":"MiserableFate","floor":0.0},{"not_picked":["MastersStateliness","ScarletDevil"],"picked":"VampirishNight","floor":0.0},{"not_picked":["NightDance","StarOfDavid"],"picked":"BombardNight","floor":0.0},{"not_picked":["EndlessAdversity","VampirishNight"],"picked":"RedRainbow","floor":0.0},{"not_picked":["BadLadyScramble","DiffusionOfMisfortune"],"picked":"Finesse","floor":0.0},{"not_picked":["MastersStateliness","PanicButton"],"picked":"LeisurelyOfLord","floor":0.0},{"not_picked":["Good Instincts","Enlightenment"],"picked":"Finesse","floor":0.0},{"not_picked":["Discovery","MastersStateliness"],"picked":"BloodHunter","floor":0.0},{"not_picked":["ForbiddenFruit","BloodHunter"],"picked":"UnderTheZenith","floor":0.0},{"not_picked":["ForbiddenFruit","StarOfDavid"],"picked":"ScarletImprint","floor":0.0},{"not_picked":["Good Instincts","BloodHunter"],"picked":"SuperhumanBloodyKnife","floor":0.0},{"not_picked":["SuperhumanBloodyKnife","RedRainbow"],"picked":"EndlessAdversity","floor":0.0},{"not_picked":["Good Instincts","NightDance"],"picked":"CharismaGuard","floor":0.0},{"not_picked":["Dark Shackles","NightLord"],"picked":"BlasphemousPunishment","floor":0.0},{"not_picked":["RedRainbow","EndlessAdversity"],"picked":"MastersStateliness","floor":0.0},{"not_picked":["UnderTheZenith","UnstableMagic"],"picked":"Impatience","floor":1.0},{"not_picked":["EndlessAdversity","UnstableMagic","DiffusionOfMisfortune"],"picked":"SKIP","floor":1.0},{"not_picked":["TricksterDevil","CurseOfVladTepes"],"picked":"ScarletCoffin","floor":7.0},{"not_picked":["FavorOfDestiny","CharismaGuard"],"picked":"NightDance","floor":8.0},{"not_picked":["ScarletImprint","EndlessAdversity"],"picked":"Discovery","floor":8.0},{"not_picked":["ScarletCoffin","CurseOfVladTepes"],"picked":"Transmutation","floor":11.0},{"not_picked":["Transmutation","Master of Strategy"],"picked":"TransientEternity","floor":13.0},{"not_picked":["BlasphemousPunishment","RedRainbow"],"picked":"Maim","floor":14.0},{"not_picked":["BadLadyScramble","MastersStateliness","FavorOfDestiny"],"picked":"SKIP","floor":14.0},{"not_picked":["HandOfGreed","Metamorphosis"],"picked":"Secret Weapon","floor":16.0},{"not_picked":["CharismaGuard","UnstableMagic"],"picked":"ScarletGensokyo","floor":18.0},{"not_picked":["BloodyMagicSquare","Madness","ScarletSymphony"],"picked":"SKIP","floor":18.0},{"not_picked":["EndlessAdversity","EmergencyRegeneration"],"picked":"ReincarnationDial+1","floor":19.0},{"not_picked":["BlasphemousPunishment+1","EmergencyRegeneration","ScarletDevil"],"picked":"SKIP","floor":19.0},{"not_picked":["Secret Technique","Secret Weapon"],"picked":"Apotheosis","floor":21.0},{"not_picked":["UnstableMagic","UltimateOffering"],"picked":"RedRainbow","floor":22.0},{"not_picked":["ScarletImprint","Panacea+1","DiffusionOfMisfortune"],"picked":"SKIP","floor":22.0},{"not_picked":["DiffusionOfMisfortune","NightDance","VampireClaw"],"picked":"SKIP","floor":22.0},{"not_picked":["Violence","CeilingFear"],"picked":"BatForm","floor":25.0},{"not_picked":["The Bomb","BloodyHallows"],"picked":"BloodyCatastrophe","floor":27.0},{"not_picked":["EndlessAdversity","BloodHunter"],"picked":"Violence","floor":29.0},{"not_picked":["ScarletNetherworld+1","BlasphemousPunishment","ScarletImprint+1"],"picked":"SKIP","floor":29.0},{"not_picked":["TricksterDevil+1","Thinking Ahead","Apotheosis"],"picked":"SKIP","floor":30.0},{"not_picked":["Apotheosis","Transmutation"],"picked":"Panache+1","floor":31.0},{"not_picked":["BloodRain","Transmutation"],"picked":"ChaoticDestiny","floor":33.0},{"not_picked":["ForbiddenFruit+1","DiffusionOfMisfortune"],"picked":"Ultimatum+1","floor":35.0},{"not_picked":["UnstableMagic+1","ScarletImprint+1","ScarletDream"],"picked":"SKIP","floor":35.0},{"not_picked":["RedMagic","Dramatic Entrance"],"picked":"Finesse+1","floor":38.0},{"not_picked":["RedRainbow","Septette+1","Trip"],"picked":"SKIP","floor":38.0},{"not_picked":["HeartBreak","TransientEternity+1"],"picked":"BatForm+1","floor":40.0},{"not_picked":["VampireSweep","ScarletDevil+1","FavorOfDestiny"],"picked":"SKIP","floor":41.0},{"not_picked":["VampireSweep+1","ScarletDream+1","Stigmanizer"],"picked":"SKIP","floor":41.0},{"not_picked":["UnstableMagic","ScarletSymphony+1"],"picked":"ScarletDevilSign+1","floor":42.0},{"not_picked":["Maim","EndlessAdversity+1","ScarletImprint"],"picked":"SKIP","floor":42.0},{"not_picked":["ScarletDream","Bandage Up"],"picked":"BloodAndWine+1","floor":44.0},{"not_picked":["BlasphemousPunishment","NightLord+1","LeisurelyOfLord"],"picked":"SKIP","floor":44.0},{"not_picked":["Impatience","Stigmanizer+1","ForbiddenFruit"],"picked":"SKIP","floor":45.0},{"not_picked":["BlasphemousPunishment","Deep Breath","BloodyTrap+1"],"picked":"SKIP","floor":45.0},{"not_picked":["CeilingFear","BloodRain"],"picked":"ScarletMeister+1","floor":46.0},{"not_picked":["CharismaGuard+1","LeisurelyOfLord","ScarletDevil+1"],"picked":"SKIP","floor":48.0},{"not_picked":["BombardNight","FavorOfDestiny+1","Swift Strike"],"picked":"SKIP","floor":48.0},{"not_picked":["BombardNight","ScarletDevil","FavorOfDestiny"],"picked":"SKIP","floor":52.0},{"not_picked":["ScarletImprint","Dark Shackles","ChainGang"],"picked":"SKIP","floor":52.0},{"not_picked":["ScarletDevil","Jack Of All Trades","EndlessAdversity"],"picked":"SKIP","floor":53.0},{"not_picked":["RedNightlessCastle","BloodHunter","EndlessAdversity"],"picked":"SKIP","floor":53.0},{"not_picked":["ScarletSymphony","VampireKiss","ChainGang"],"picked":"SKIP","floor":54.0},{"not_picked":["FavorOfDestiny","AfternoonTea","ScarletImprint"],"picked":"SKIP","floor":54.0},{"not_picked":["Chrysalis","Bandage Up","ChainGang"],"picked":"SKIP","floor":56.0},{"not_picked":["UnderTheZenith","Mind Blast","StarOfDavid"],"picked":"SKIP","floor":56.0},{"not_picked":["ChaoticDestiny","BloodyHallows","ForecastOfChange"],"picked":"SKIP","floor":57.0},{"not_picked":["BloodyHallows","Metamorphosis","Secret Technique"],"picked":"SKIP","floor":59.0},{"not_picked":["Blind","HunterOfTheNight","Madness"],"picked":"SKIP","floor":62},{"not_picked":["Forethought","ChainGang","NightLord"],"picked":"SKIP","floor":62},{"not_picked":["HandOfGreed","Chrysalis"],"picked":"Thinking Ahead","floor":63},{"not_picked":["The Bomb","Violence"],"picked":"Sadistic Nature+1","floor":67},{"not_picked":["NightDance","DiffusionOfMisfortune"],"picked":"EternalNight","floor":69},{"not_picked":["Jack Of All Trades","CharismaGuard+1","Deep Breath"],"picked":"SKIP","floor":69},{"not_picked":["Enlightenment+1","BlasphemousPunishment","Apotheosis"],"picked":"SKIP","floor":69},{"not_picked":["MillenniumVampire","RedRainbow","Septette"],"picked":"SKIP","floor":72},{"not_picked":["SuperhumanBloodyKnife","UnstableMagic","Jack Of All Trades"],"picked":"SKIP","floor":72},{"not_picked":["BatForm+1","TransientEternity+1","ScarletCoffin"],"picked":"SKIP","floor":75},{"not_picked":["Transmutation","Violence"],"picked":"Master of Strategy","floor":76},{"not_picked":["Transmutation","The Bomb","HandOfGreed"],"picked":"SKIP","floor":77},{"not_picked":["CeilingFear","EquivalentExchange+1"],"picked":"Master of Strategy","floor":80},{"not_picked":["Magnetism+1","Thinking Ahead","The Bomb"],"picked":"SKIP","floor":81},{"not_picked":["UnstableMagic+1","Trip+1","ScarletDream"],"picked":"SKIP","floor":82},{"not_picked":["Maim+1","MastersStateliness+1","Stigmanizer+1"],"picked":"SKIP","floor":82},{"not_picked":["VampireKiss","Ultimatum","UnderTheZenith"],"picked":"SKIP","floor":82},{"not_picked":["ChaoticDestiny","Apotheosis"],"picked":"Secret Weapon","floor":84},{"not_picked":["RedRainbow+1","MastersStateliness+1","GlobalNightmare"],"picked":"SKIP","floor":86},{"not_picked":["Stigmanizer","NightLord","Secret Technique"],"picked":"SKIP","floor":86},{"not_picked":["Good Instincts","Dark Shackles"],"picked":"Mayhem+1","floor":89},{"not_picked":["Chrysalis","TransientEternity+1","CeilingFear"],"picked":"SKIP","floor":90},{"not_picked":["HellCatastrophe","Transmutation"],"picked":"BloodyHallows","floor":91},{"not_picked":["Mind Blast+1","UnderTheZenith","DiffusionOfMisfortune+1"],"picked":"SKIP","floor":92},{"not_picked":["BloodHunter","StarOfDavid","SuperhumanBloodyKnife+1"],"picked":"SKIP","floor":92},{"not_picked":["PanicButton","StarOfDavid","Impatience+1"],"picked":"SKIP","floor":93},{"not_picked":["MiserableFate+1","CharismaGuard+1","FavorOfDestiny"],"picked":"SKIP","floor":93},{"not_picked":["HeartBreak","ScarletMeister+1"],"picked":"Panache+1","floor":94},{"not_picked":["BloodySeventeenLaser","TransientEternity+1","KillingBlow"],"picked":"SKIP","floor":96},{"not_picked":["BloodyMagicSquare+1","Finesse","RedNightlessCastle"],"picked":"SKIP","floor":97},{"not_picked":["SuperhumanBloodyKnife+1","HunterOfTheNight","BombardNight"],"picked":"SKIP","floor":97},{"not_picked":["EndlessAdversity","MiserableFate+1","Flash of Steel"],"picked":"SKIP","floor":98},{"not_picked":["MastersStateliness+1","StarOfDavid","BombardNight"],"picked":"SKIP","floor":98},{"not_picked":["Dramatic Entrance","PanicButton","VampireKiss+1"],"picked":"SKIP","floor":99},{"not_picked":["Maim","ScarletDevil","ForecastOfChange"],"picked":"SKIP","floor":99},{"not_picked":["VampireKiss","UnstableMagic","BlasphemousPunishment"],"picked":"SKIP","floor":103},{"not_picked":["UnstableMagic","Purity","RedMagic"],"picked":"SKIP","floor":103},{"not_picked":["ScarletDevil","ScarletDevilSign","ReincarnationDial"],"picked":"SKIP","floor":105},{"not_picked":["CharismaGuard+1","SuperhumanBloodyKnife","Metamorphosis"],"picked":"SKIP","floor":105},{"not_picked":["UnderTheZenith","DiffusionOfMisfortune","ScarletDevil"],"picked":"SKIP","floor":107},{"not_picked":["ScarletImprint","Impatience","UnderTheZenith"],"picked":"SKIP","floor":107}],"player_experience":102015,"relics_obtained":[{"floor":5.0,"key":"Ornamental Fan"},{"floor":7.0,"key":"Letter Opener"},{"floor":8.0,"key":"Tea:ReiMu"},{"floor":9.0,"key":"War Paint"},{"floor":11.0,"key":"Art of War"},{"floor":13.0,"key":"Blood Vial"},{"floor":21.0,"key":"Boot"},{"floor":25.0,"key":"Regal Pillow"},{"floor":25.0,"key":"Bag of Marbles"},{"floor":26.0,"key":"Mango"},{"floor":27.0,"key":"White Beast Statue"},{"floor":30.0,"key":"Frozen Egg 2"},{"floor":31.0,"key":"StoneCalendar"},{"floor":40.0,"key":"Potion Belt"},{"floor":43.0,"key":"CeramicFish"},{"floor":46.0,"key":"bronze:DecasWashers"},{"floor":46.0,"key":"PureWhite:ReiMu"},{"floor":50.0,"key":"Lizard Tail"},{"floor":56.0,"key":"Akabeko"},{"floor":60.0,"key":"Pear"},{"floor":76,"key":"Vajra"},{"floor":77,"key":"Kunai"},{"floor":82,"key":"Happy Flower"},{"floor":87,"key":"CaptainsWheel"},{"floor":87,"key":"RedBat"},{"floor":94,"key":"Bottled Lightning"}],"event_choices":[{"damage_healed":0,"gold_gain":0,"player_choice":"Leave","damage_taken":0,"max_hp_gain":0,"max_hp_loss":0,"event_name":"The Cleric","floor":65,"gold_loss":0},{"damage_healed":0,"gold_gain":0,"player_choice":"Fight","damage_taken":0,"max_hp_gain":0,"max_hp_loss":0,"event_name":"Mysterious Sphere","floor":87,"gold_loss":0},{"damage_healed":0,"gold_gain":0,"player_choice":"Memory 1","damage_taken":0,"max_hp_gain":0,"max_hp_loss":0,"event_name":"SensoryStone","floor":89,"gold_loss":0}],"is_beta":false,"boss_relics":[{"not_picked":["Snecko Eye","Empty Cage"],"picked":"sneckomod:SneckoTalon"},{"not_picked":["Tiny House","bronze:MakeshiftBattery"],"picked":"Sozu"},{"not_picked":["APieceOfRedMist","Cursed Key"],"picked":"SlaversCollar"},{"not_picked":["Velvet Choker","Busted Crown"],"picked":"Cursed Key"},{"not_picked":["Black Star","SacredBark"],"picked":"ScarletEmblem"},{"not_picked":["APieceOfRedMist","Empty Cage"],"picked":"Coffee Dripper"}],"items_purged_floors":[24,47],"is_endless":true,"potions_floor_spawned":[7,8,11,18,19,21,29,30,31,33,35,38,40,41,42,44,45,46,48,50,52,53,54,56,57,59,62,63,67,69,72,75,76,77,80,81,82,84,86,87,90,91,92,93,94,96,97,98,99,101,103,105,107],"killed_by":"Gensokyo:Python","ascension_level":5}}