{"host":"eckg3lzugnpjvwsg","time":1611257101,"event":{"mods":["Act Like it!","BaseMod","Better Third Choice","Minty Spire (QoL Compilation)","Replay The Spire","Somnambulant","StSLib"],"gold_per_floor":[110,37,37,47,64,64,93,93,93,48,82,96,96,172,172,267,267,286,286,296,296,396,396,396],"floor_reached":23,"language":"ENG","playtime":1882,"items_purged":[],"score":247,"play_id":"0755cdf3-38ab-4848-b5a2-f58cb8074223","local_time":"20210121172501","is_ascension_mode":false,"campfire_choices":[{"data":"Backstab","floor":6.0,"key":"SMITH"},{"data":"Hidden Blade","floor":8.0,"key":"SMITH"},{"data":"After Image","floor":15.0,"key":"SMITH"}],"circlet_count":0,"master_deck":["Defend_G","Defend_G","Defend_G","Defend_G","Defend_G","Survivor","Neutralize","Reflex","Backstab+1","Hidden Blade+1","Escape Plan","Backflip","Deflect","After Image+1","Backflip","Adrenaline","Footwork","Bite","Bite","Bite","Bite","Bite","Escape Plan+1"],"relics":["Ring of the Snake","Replay:Baseball","Mercury Hourglass","Counterbalance","Black Star"],"acts_visited":["Exordium","TheCity"],"potions_floor_usage":[],"damage_taken":[{"damage":0.0,"enemies":"Jaw Worm","floor":1.0,"turns":4.0},{"damage":0.0,"enemies":"2 Louse","floor":4.0,"turns":2.0},{"damage":0.0,"enemies":"Small Slimes","floor":5.0,"turns":3.0},{"damage":61.0,"enemies":"Lagavulin","floor":7.0,"turns":11.0},{"damage":0.0,"enemies":"Replay:BlueRogue","floor":11.0,"turns":7.0},{"damage":0.0,"enemies":"Blue Slaver","floor":12.0,"turns":3.0},{"damage":11.0,"enemies":"Slime Boss","floor":16.0,"turns":17.0},{"damage":3,"enemies":"2 Thieves","floor":18,"turns":5},{"damage":0,"enemies":"Shell Parasite","floor":20,"turns":9},{"damage":78,"enemies":"Gremlin Leader","floor":23,"turns":9}],"seed_played":"-5133097981543359464","potions_obtained":[{"floor":1.0,"key":"Strength Potion"},{"floor":12.0,"key":"Elixir"},{"floor":16.0,"key":"Block Potion"}],"is_trial":false,"path_per_floor":["M","$","?","M","M","R","E","R","T","$","E","M","?","?","R","B",null,"M","?","M","?","?","E"],"character_chosen":"THE_SILENT","items_purchased":["Backstab","Deflect"],"campfire_rested":0,"item_purchase_floors":[2,10],"current_hp_per_floor":[77,77,77,77,77,77,16,16,16,16,16,16,16,16,16,5,77,74,53,53,45,45,0,0],"gold":396,"neow_bonus":"TEN_PERCENT_HP_BONUS","is_daily":false,"chose_seed":false,"campfire_upgraded":3,"win_rate":0.0,"timestamp":1611257101,"path_taken":["M","$","?","M","M","R","E","R","T","$","E","M","?","?","R","BOSS","M","?","M","?","?","E"],"items_purchased_type":["Card","Card"],"build_version":"2020-12-22","purchased_purges":0,"victory":false,"max_hp_per_floor":[77,77,77,77,77,77,77,77,77,77,77,77,77,77,77,77,77,77,53,53,58,58,58,58],"card_choices":[{"not_picked":["Riddle With Holes","Slice"],"picked":"Reflex","floor":1.0},{"not_picked":["Dodge and Roll","Replay:Poison Smokescreen"],"picked":"Hidden Blade","floor":4.0},{"not_picked":["Bouncing Flask","ReplayTheSpireMod:Exploit Weakness"],"picked":"Escape Plan","floor":5.0},{"not_picked":["Malaise","Bouncing Flask"],"picked":"Backflip","floor":7.0},{"not_picked":["ReplayTheSpireMod:Scrap Shanks","Dagger Throw"],"picked":"After Image","floor":11.0},{"not_picked":["Outmaneuver","Quick Slash"],"picked":"Backflip","floor":12.0},{"not_picked":["Glass Knife","Phantasmal Killer"],"picked":"Adrenaline","floor":16.0},{"not_picked":["Deflect+1","Outmaneuver"],"picked":"Footwork","floor":18},{"not_picked":["Hidden Blade","Heel Hook"],"picked":"Escape Plan+1","floor":20}],"player_experience":32851,"relics_obtained":[{"floor":7.0,"key":"Replay:Baseball"},{"floor":9.0,"key":"Mercury Hourglass"},{"floor":11.0,"key":"Counterbalance"}],"event_choices":[{"damage_healed":0.0,"max_hp_gain":0.0,"max_hp_loss":0.0,"gold_gain":0.0,"event_name":"The Cleric","player_choice":"Leave","floor":3.0,"gold_loss":0.0,"damage_taken":0.0},{"damage_healed":0.0,"max_hp_gain":0.0,"max_hp_loss":0.0,"gold_gain":0.0,"event_name":"betterThird:BetterScrap","player_choice":"LEAVE","floor":13.0,"gold_loss":0.0,"damage_taken":0.0,"cards_obtained":["SignatureMove"]},{"damage_healed":0.0,"max_hp_gain":0.0,"max_hp_loss":0.0,"gold_gain":76.0,"event_name":"Golden Wing","player_choice":"Gained Gold","floor":14.0,"gold_loss":0.0,"damage_taken":0.0},{"damage_healed":0,"gold_gain":0,"player_choice":"Became a vampire","damage_taken":0,"max_hp_gain":0,"max_hp_loss":24,"event_name":"Vampires","floor":19,"gold_loss":0,"cards_obtained":["Bite","Bite","Bite","Bite","Bite"]},{"damage_healed":0,"gold_gain":0,"player_choice":"Shed Blood","damage_taken":13,"max_hp_gain":5,"max_hp_loss":0,"event_name":"Forgotten Altar","floor":21,"gold_loss":0},{"damage_healed":0,"gold_gain":100,"player_choice":"Pray","damage_taken":0,"max_hp_gain":0,"max_hp_loss":0,"event_name":"Golden Shrine","floor":22,"gold_loss":0}],"is_beta":false,"boss_relics":[{"not_picked":["Replay:Wanted Poster","Snecko Scales"],"picked":"Black Star"}],"items_purged_floors":[],"is_endless":false,"potions_floor_spawned":[1,12,16,20],"killed_by":"Gremlin Leader","ascension_level":0}}