{"host":"vyjryxuuuxkt43k4","time":1611207304,"event":{"mods":["AchievementEnabler","BaseMod","Colored Map","DeckTracker","Keyboard Shortcuts","Minty Spire (QoL Compilation)","Permanent Neow","Quick Restart","StSLib","SuperFastMode","everything is the same but u backflip on backflip"],"gold_per_floor":[20,30,30,47,97,97,111,111,135,135,35,59,69,69,69,69,69],"floor_reached":16,"language":"KOR","playtime":450,"items_purged":["Strike_R"],"score":167,"play_id":"7cd20d42-c987-40a3-8893-1a0e26e1a7c8","local_time":"20210121143504","is_ascension_mode":true,"campfire_choices":[{"data":"Searing Blow","floor":6,"key":"SMITH"},{"data":"Searing Blow+1","floor":8,"key":"SMITH"},{"data":"Searing Blow+2","floor":10,"key":"SMITH"},{"floor":15,"key":"REST"}],"circlet_count":0,"master_deck":["AscendersBane","Strike_R","Strike_R","Defend_R","Defend_R","Defend_R","Defend_R","Bash","Searing Blow+3","Barricade","Bloodletting","Evolve","Pommel Strike","Dual Wield","Shrug It Off","Spot Weakness"],"relics":["Burning Blood","Juzu Bracelet","Odd Mushroom"],"acts_visited":["Exordium"],"potions_floor_usage":[16],"damage_taken":[{"damage":2,"enemies":"Cultist","floor":1,"turns":4},{"damage":8,"enemies":"2 Louse","floor":2,"turns":4},{"damage":22,"enemies":"Small Slimes","floor":4,"turns":4},{"damage":26,"enemies":"Exordium Wildlife","floor":7,"turns":5},{"damage":28,"enemies":"The Mushroom Lair","floor":12,"turns":4},{"damage":15,"enemies":"Gremlin Gang","floor":13,"turns":7},{"damage":66,"enemies":"Hexaghost","floor":16,"turns":9}],"seed_played":"-5295929870194655845","potions_obtained":[{"floor":4,"key":"ElixirPotion"},{"floor":7,"key":"FairyPotion"},{"floor":12,"key":"Energy Potion"}],"is_trial":false,"path_per_floor":["M","M","?","M","?","R","M","R","T","R","$","?","M","?","R","B"],"character_chosen":"IRONCLAD","items_purchased":["Shrug It Off"],"campfire_rested":1,"item_purchase_floors":[11],"current_hp_per_floor":[72,70,75,59,59,59,39,39,39,39,39,17,8,8,32,0,0],"gold":69,"neow_bonus":"TRANSFORM_TWO_CARDS","is_daily":false,"chose_seed":false,"campfire_upgraded":3,"win_rate":0.0,"timestamp":1611207304,"path_taken":["M","?","?","M","?","R","M","R","T","R","$","?","M","?","R","BOSS"],"items_purchased_type":["Card"],"build_version":"2020-12-22","purchased_purges":1,"victory":false,"max_hp_per_floor":[75,75,80,80,80,80,80,80,80,80,80,80,80,80,80,80,80],"card_choices":[{"not_picked":["Body Slam","Iron Wave"],"picked":"Bloodletting","floor":1},{"not_picked":["Warcry","Blood for Blood"],"picked":"Evolve","floor":2},{"not_picked":["Flame Barrier","Wild Strike"],"picked":"Pommel Strike","floor":4},{"not_picked":["Anger","Thunderclap"],"picked":"Dual Wield","floor":7},{"not_picked":["Warcry","Wild Strike"],"picked":"Spot Weakness","floor":12},{"not_picked":["True Grit","Body Slam","Reckless Charge"],"picked":"SKIP","floor":13}],"player_experience":191979,"relics_obtained":[{"floor":9,"key":"Juzu Bracelet"},{"floor":12,"key":"Odd Mushroom"}],"event_choices":[{"damage_healed":0,"gold_gain":0,"player_choice":"Donut","damage_taken":0,"max_hp_gain":5,"max_hp_loss":0,"event_name":"Big Fish","floor":3,"gold_loss":0},{"damage_healed":0,"gold_gain":50,"player_choice":"Pray","damage_taken":0,"max_hp_gain":0,"max_hp_loss":0,"event_name":"Golden Shrine","floor":5,"gold_loss":0},{"damage_healed":0,"gold_gain":0,"player_choice":"Fought Mushrooms","damage_taken":0,"max_hp_gain":0,"max_hp_loss":0,"event_name":"Mushrooms","floor":12,"gold_loss":0},{"damage_healed":0,"gold_gain":0,"player_choice":"Ignored","damage_taken":0,"max_hp_gain":0,"max_hp_loss":0,"event_name":"Shining Light","floor":14,"gold_loss":0}],"is_beta":false,"boss_relics":[],"items_purged_floors":[11],"is_endless":false,"potions_floor_spawned":[4,7,12],"killed_by":"Hexaghost","ascension_level":17}}