{"host":"290egjt91b2tngam","time":1611235970,"event":{"mods":["BaseMod","Colored Map","Colored Powertips","Hubris","Infinite Spire","Marisa????????","Minty Spire (QoL Compilation)","Replay The Spire","StSLib","The Bug Knight","The Cursed","The Servant 0.9.4"],"gold_per_floor":[119,119,138,138,157,184,204,204,204,204,379,257,270,289,289,289,289],"floor_reached":16,"language":"ENG","playtime":534,"items_purged":["Regret"],"score":102,"play_id":"6bf88895-c373-42b8-bcc8-793590dc7ca9","local_time":"20210121203250","is_ascension_mode":false,"campfire_choices":[{"data":"HollowMod:InfectedCysts","floor":8,"key":"SMITH"},{"data":"HollowMod:TaintedHusks","floor":10,"key":"SMITH"},{"data":"HollowMod:CycloneSlash","floor":15,"key":"SMITH"}],"circlet_count":0,"master_deck":["HollowMod:NailStrikeStart","HollowMod:NailStrikeStart","HollowMod:NailStrikeStart","HollowMod:NailStrikeStart","HollowMod:QuickDashStart","HollowMod:QuickDashStart","HollowMod:QuickDashStart","HollowMod:QuickDashStart","HollowMod:FocusHealStart+1","HollowMod:PogoStrike","HollowMod:MonarchWings","HollowMod:NewLittleFool","HollowMod:TaintedHusks+1","HollowMod:InfectedCysts+1","Doubt","HollowMod:CycloneSlash+1","HollowMod:FallenFury"],"relics":["HollowMod:VesselMask","NeowsBlessing","Garlic","Anchor","Thread and Needle"],"acts_visited":["Exordium"],"potions_floor_usage":[6,16],"damage_taken":[{"damage":0,"enemies":"Jaw Worm","floor":1,"turns":1},{"damage":0,"enemies":"Cultist","floor":3,"turns":1},{"damage":0,"enemies":"Small Slimes","floor":5,"turns":1},{"damage":48,"enemies":"Lagavulin","floor":6,"turns":9},{"damage":8,"enemies":"Looter","floor":7,"turns":4},{"damage":0,"enemies":"3 Louse","floor":13,"turns":3},{"damage":0,"enemies":"Lots of Slimes","floor":14,"turns":1},{"damage":62,"enemies":"The Guardian","floor":16,"turns":8}],"seed_played":"-7692390825543682353","potions_obtained":[{"floor":5,"key":"Languid Potion"},{"floor":6,"key":"Strength Potion"},{"floor":14,"key":"Milkshake"}],"is_trial":false,"path_per_floor":["M","?","M","?","M","E","M","R","T","R","?","$","M","M","R","B"],"character_chosen":"THE_BUGKNIGHT","items_purchased":["HollowMod:CycloneSlash"],"campfire_rested":0,"item_purchase_floors":[12],"current_hp_per_floor":[75,75,75,75,75,37,39,39,39,39,39,39,45,45,45,0,0],"gold":289,"neow_bonus":"THREE_ENEMY_KILL","is_daily":false,"chose_seed":false,"campfire_upgraded":3,"win_rate":0.0,"timestamp":1611235970,"path_taken":["M","?","M","?","M","E","?","R","T","R","?","$","M","M","R","BOSS"],"items_purchased_type":["Card"],"build_version":"2020-12-22","purchased_purges":1,"victory":false,"max_hp_per_floor":[75,75,75,75,75,75,75,75,75,75,75,75,75,75,75,75,75],"card_choices":[{"not_picked":["HollowMod:CornifersMapStart","HollowMod:SharpenedShadows"],"picked":"HollowMod:MonarchWings","floor":1},{"not_picked":["HollowMod:ShapeofUnn","HollowMod:SiblingsSouls","HollowMod:NewJinnsSoul"],"picked":"SKIP","floor":3},{"not_picked":["HollowMod:HuntersJournal","HollowMod:DashSlash"],"picked":"HollowMod:NewLittleFool","floor":5},{"not_picked":["HollowMod:SiblingsSouls","HollowMod:NewInfectedGuardian"],"picked":"HollowMod:TaintedHusks","floor":6},{"not_picked":["HollowMod:SoulStrike","HollowMod:DungDefenderAura"],"picked":"HollowMod:InfectedCysts","floor":7},{"not_picked":["HollowMod:DashSlash","HollowMod:HuntersJournal"],"picked":"HollowMod:FallenFury","floor":13},{"not_picked":["HollowMod:ShadowDash","HollowMod:RecoilStrike","HollowMod:SoulShaman"],"picked":"SKIP","floor":14}],"player_experience":731288,"relics_obtained":[{"floor":6,"key":"Anchor"},{"floor":9,"key":"Thread and Needle"}],"event_choices":[{"damage_healed":0,"gold_gain":0,"player_choice":"Box","damage_taken":0,"relics_obtained":["Garlic"],"max_hp_gain":0,"max_hp_loss":0,"event_name":"Big Fish","floor":2,"gold_loss":0,"cards_obtained":["Regret"]},{"damage_healed":0,"gold_gain":0,"player_choice":"Upgraded","damage_taken":0,"max_hp_gain":0,"max_hp_loss":0,"event_name":"Upgrade Shrine","floor":4,"gold_loss":0,"cards_upgraded":["HollowMod:FocusHealStart"]},{"damage_healed":0,"gold_gain":175,"player_choice":"AGREE","damage_taken":0,"max_hp_gain":0,"max_hp_loss":0,"event_name":"Liars Game","floor":11,"gold_loss":0,"cards_obtained":["Doubt"]}],"is_beta":false,"boss_relics":[],"items_purged_floors":[12],"is_endless":false,"potions_floor_spawned":[5,6,14],"killed_by":"The Guardian","ascension_level":0}}