{"host":"xp5rvh2jwe2ejyfm","time":1611189391,"event":{"mods":["BaseMod","Downfall","Hermit","Minty Spire (QoL Compilation)","Robot Space Explorer","StSLib","The Clintock","The Construct","The Cursed","The Disciple","The Forsaken","The Hierophant","The Runesmith"],"gold_per_floor":[99,99,99,99,99,99,122,137,149,49,74,91,91,104,117,212,212,212,232,251,251,251,251,251],"floor_reached":22,"language":"ENG","playtime":716,"items_purged":[],"score":184,"play_id":"f72981c7-f1da-47bd-8f34-f27ae2a17408","local_time":"20210120193631","is_ascension_mode":false,"campfire_choices":[{"floor":1,"key":"RECALL"},{"data":"hexamod:WildfireWeapon","floor":10,"key":"SMITH"},{"floor":13,"key":"REST"},{"data":"hexamod:GhostOfSpirePresent","floor":18,"key":"SMITH"}],"circlet_count":0,"master_deck":["hexamod:Strike","hexamod:Strike","hexamod:Strike","hexamod:Strike","hexamod:Defend","hexamod:Defend","hexamod:Defend","hexamod:Sear","hexamod:Float","hexamod:HauntingEcho","hexamod:WildfireWeapon+1","hexamod:ThermalTransfer","hexamod:Incineration","hexamod:FlamesFromBeyond","hexamod:FastForward","hexamod:HeatCrush","hexamod:HeatMetal","hexamod:RainOfEmbers","hexamod:GhostOfSpireFuture","hexamod:GhostOfSpirePresent+1","hexamod:HauntingEcho","hexamod:SkipABeat+1"],"relics":["hexamod:UnbrokenSoul","downfall:HeartsMalice","Mercury Hourglass","Regal Pillow","downfall:HeartBlessingRed","Blood Vial"],"acts_visited":["Exordium","TheCity"],"potions_floor_usage":[11,12,15,22],"damage_taken":[{"damage":0,"enemies":"Jaw Worm","floor":3,"turns":1},{"damage":0,"enemies":"2 Louse","floor":5,"turns":1},{"damage":0,"enemies":"Cultist","floor":6,"turns":1},{"damage":1,"enemies":"Lots of Slimes","floor":8,"turns":4},{"damage":4,"enemies":"3 Louse","floor":9,"turns":2},{"damage":11,"enemies":"Lagavulin","floor":11,"turns":4},{"damage":7,"enemies":"Gremlin Gang","floor":12,"turns":3},{"damage":16,"enemies":"Exordium Thugs","floor":14,"turns":3},{"damage":8,"enemies":"Lots of Slimes","floor":15,"turns":2},{"damage":41,"enemies":"DF_ARCHETYPE_STREAMLINE","floor":16,"turns":7},{"damage":51,"enemies":"Shell Parasite","floor":19,"turns":6},{"damage":5,"enemies":"Chosen","floor":20,"turns":3},{"damage":20,"enemies":"Sentry and Sphere","floor":22,"turns":3}],"seed_played":"-8165313869349399467","potions_obtained":[{"floor":8,"key":"DistilledChaos"},{"floor":11,"key":"Energy Potion"},{"floor":12,"key":"LiquidMemories"},{"floor":21,"key":"SneckoOil"},{"floor":21,"key":"Slimebound:ThreeZeroPotion"},{"floor":21,"key":"CultistPotion"}],"is_trial":false,"path_per_floor":["R","?","M","?","M","M","T","M","M","R","E","M","R","M","M","B",null,"R","M","M","?","M"],"character_chosen":"THE_SPIRIT","items_purchased":[],"campfire_rested":1,"item_purchase_floors":[],"current_hp_per_floor":[70,45,45,45,45,45,45,44,40,40,29,24,60,46,40,1,70,70,19,16,16,0,0,0],"gold":251,"neow_bonus":"THREE_ENEMY_KILL","is_daily":false,"chose_seed":false,"campfire_upgraded":2,"win_rate":0.0,"timestamp":1611189391,"path_taken":["R","?","M","?","M","?","T","M","M","R","E","M","R","?","M","BOSS","R","M","M","?","?"],"items_purchased_type":[],"build_version":"2020-12-22","purchased_purges":0,"victory":false,"max_hp_per_floor":[70,70,70,70,70,70,70,70,70,70,70,70,70,70,70,70,70,70,70,70,70,70,70,70],"card_choices":[{"not_picked":["hexamod:EtherealExpedition","hexamod:RetreatToShadows"],"picked":"hexamod:HauntingEcho","floor":3},{"not_picked":["hexamod:RetreatToShadows","hexamod:SpectersWail"],"picked":"hexamod:ThermalTransfer","floor":5},{"not_picked":["hexamod:GhostLash","hexamod:BacktrackSmack"],"picked":"hexamod:Incineration","floor":6},{"not_picked":["hexamod:Hexaguard","hexamod:NightmareGuise"],"picked":"hexamod:FlamesFromBeyond","floor":8},{"not_picked":["hexamod:NightmareGuise","hexamod:GhostShield"],"picked":"hexamod:FastForward","floor":9},{"not_picked":["hexamod:HauntingEcho","hexamod:NightmareStrike"],"picked":"hexamod:HeatCrush","floor":11},{"not_picked":["hexamod:NecessarySacrifice","hexamod:SwordOfDarkness"],"picked":"hexamod:HeatMetal","floor":12},{"not_picked":["hexamod:SpectersWail","hexamod:NightmareStrike"],"picked":"hexamod:RainOfEmbers","floor":14},{"not_picked":["hexamod:DynamicBlow","hexamod:FlamesFromBeyond"],"picked":"hexamod:GhostOfSpireFuture","floor":15},{"not_picked":["hexamod:SixthSeal","hexamod:GhostflameInferno"],"picked":"hexamod:GhostOfSpirePresent","floor":16},{"not_picked":["hexamod:SwordOfDarkness+1","hexamod:ShieldOfDarkness"],"picked":"hexamod:HauntingEcho","floor":19},{"not_picked":["hexamod:NecessarySacrifice+1","hexamod:RainOfEmbers"],"picked":"hexamod:SkipABeat+1","floor":20}],"player_experience":273704,"relics_obtained":[{"floor":7,"key":"Regal Pillow"},{"floor":11,"key":"Blood Vial"}],"event_choices":[{"damage_healed":0,"gold_gain":0,"player_choice":"Success","damage_taken":25,"relics_obtained":["Mercury Hourglass"],"max_hp_gain":0,"max_hp_loss":0,"event_name":"Scrap Ooze","floor":2,"gold_loss":0},{"damage_healed":0,"gold_gain":0,"player_choice":"Got Potions","damage_taken":0,"max_hp_gain":0,"max_hp_loss":0,"event_name":"Lab","floor":21,"gold_loss":0}],"is_beta":false,"boss_relics":[{"not_picked":["Velvet Choker","Empty Cage"],"picked":"hexamod:UnbrokenSoul"}],"items_purged_floors":[],"is_endless":false,"potions_floor_spawned":[8,11,12],"killed_by":"Sentry and Sphere","ascension_level":0}}