{"host":"7fyy23rucerupe6i","time":1611204172,"event":{"mods":["AchievementEnabler","Act Like it!","BaseMod","BetterRewards","Colored Map","Colored Powertips","Conspire","Custom Start","Downfall","Mad Scientist","Marisa£®ÏF”Í°°ƒß¿Ì…≥£©","Minty Spire (QoL Compilation)","Pale of the Ancients","Quick Restart","Shop Mod","ShortenTheSpire","Spicy Shops","StSLib","SuperFastMode","The Bug Knight","The Construct","The Cursed","The Factory","The Jungle","The Servant 0.9.4","UnlockEverythingMod"],"gold_per_floor":[114,127,127,141,291,291,291],"floor_reached":6,"language":"ZHS","playtime":198,"items_purged":["Defend_B"],"score":72,"play_id":"f09b8bbd-dcc3-4951-8a0d-7aa0a9d97203","local_time":"20210121124252","is_ascension_mode":true,"campfire_choices":[],"circlet_count":0,"master_deck":["AscendersBane","Strike_B","Strike_B","Strike_B","Strike_B","Defend_B","Defend_B","Defend_B","Zap","Dualcast","Scrape","Hologram","White Noise","Steam","Loop","Doubt"],"relics":["Cracked Core","Matryoshka","DataDisk","Anchor","HandDrill","Nunchaku","Eternal Feather"],"acts_visited":["Exordium"],"potions_floor_usage":[6],"damage_taken":[{"damage":1,"enemies":"Cultist","floor":1,"turns":3},{"damage":0,"enemies":"Jaw Worm","floor":2,"turns":2},{"damage":0,"enemies":"2 Louse","floor":4,"turns":2},{"damage":39,"enemies":"Gremlin Nob","floor":6,"turns":3}],"seed_played":"-800968077253592636","potions_obtained":[{"floor":1,"key":"FearPotion"}],"is_trial":false,"path_per_floor":["M","M","T","M","?","E"],"character_chosen":"DEFECT","items_purchased":["Matryoshka","DataDisk","Anchor","Scrape","HandDrill","Hologram"],"campfire_rested":0,"item_purchase_floors":[0,0,0,0,0,0],"current_hp_per_floor":[31,31,31,31,31,0,0],"gold":291,"neow_bonus":"","is_daily":false,"chose_seed":false,"campfire_upgraded":0,"win_rate":0.0,"timestamp":1611204172,"path_taken":["M","?","?","?","?","E"],"items_purchased_type":["Relic","Relic","Relic","Card","Relic","Card"],"build_version":"2020-12-22","purchased_purges":1,"victory":false,"max_hp_per_floor":[71,71,71,71,71,71,71],"card_choices":[{"not_picked":["Cold Snap","Storm"],"picked":"White Noise","floor":1},{"not_picked":["Melter","Ball Lightning"],"picked":"Steam","floor":2},{"not_picked":["Tempest","Consume"],"picked":"Loop","floor":4}],"player_experience":534769,"relics_obtained":[{"floor":3,"key":"Nunchaku"},{"floor":3,"key":"Eternal Feather"}],"event_choices":[{"damage_healed":0,"gold_gain":150,"player_choice":"AGREE","damage_taken":0,"max_hp_gain":0,"max_hp_loss":0,"event_name":"Liars Game","floor":5,"gold_loss":0,"cards_obtained":["Doubt"]}],"is_beta":false,"boss_relics":[],"items_purged_floors":[0],"is_endless":false,"potions_floor_spawned":[1],"killed_by":"Gremlin Nob","ascension_level":20}}