{"host":"t7mx8yfj1no5p62f","time":1611188956,"event":{"mods":["BaseMod","Bestiary","Colored Map","Colored Powertips","Minty Spire (QoL Compilation)","Relic Stats","StSLib"],"gold_per_floor":[111,111,111,124,274,274,300,300,300,318,353,628,64,76,76,151,151,165,25,25,25,39,39,68,103,103,113,127,147,157,157,157],"floor_reached":31,"language":"ENG","playtime":1095,"items_purged":["Regret","Doubt"],"score":630,"play_id":"dd463723-c355-48e1-9751-3fe738b5f990","local_time":"20210120192916","is_ascension_mode":true,"campfire_choices":[{"data":"Crippling Poison","floor":6.0,"key":"SMITH"},{"data":"Dash","floor":8.0,"key":"SMITH"},{"data":"Neutralize","floor":15.0,"key":"SMITH"},{"floor":23,"key":"REST"}],"circlet_count":0,"master_deck":["AscendersBane","Strike_G+1","Strike_G+1","Strike_G+1","Strike_G+1","Defend_G","Defend_G","Defend_G","Defend_G","Defend_G","Survivor","Neutralize+1","Quick Slash","Dash+1","Crippling Poison+1","Backflip","Backflip+1","Dodge and Roll+1","PiercingWail+1","Cloak And Dagger+1","Deadly Poison+1","Glass Knife","Concentrate+1","PiercingWail+1","Dodge and Roll+1","Outmaneuver+1","Prepared+1","Crippling Poison+1"],"relics":["Ring of the Serpent","NeowsBlessing","Shuriken","Toxic Egg 2","Whetstone","Gremlin Horn","Nilry\u0027s Codex","Ginger","Red Mask"],"acts_visited":["Exordium","TheCity"],"potions_floor_usage":[16,24,25,28,29],"damage_taken":[{"damage":0.0,"enemies":"2 Louse","floor":1.0,"turns":1.0},{"damage":0.0,"enemies":"Jaw Worm","floor":4.0,"turns":1.0},{"damage":0.0,"enemies":"3 Sentries","floor":7.0,"turns":1.0},{"damage":0.0,"enemies":"Small Slimes","floor":10.0,"turns":2.0},{"damage":0.0,"enemies":"Gremlin Nob","floor":11.0,"turns":2.0},{"damage":0.0,"enemies":"Looter","floor":14.0,"turns":3.0},{"damage":4,"enemies":"The Guardian","floor":16,"turns":9},{"damage":22,"enemies":"Spheric Guardian","floor":18,"turns":4},{"damage":0,"enemies":"Shell Parasite","floor":22,"turns":6},{"damage":37,"enemies":"Book of Stabbing","floor":24,"turns":6},{"damage":0,"enemies":"Masked Bandits","floor":25,"turns":5},{"damage":5,"enemies":"Snake Plant","floor":27,"turns":6},{"damage":3,"enemies":"Snecko","floor":28,"turns":4},{"damage":0,"enemies":"Sentry and Sphere","floor":29,"turns":8},{"damage":2,"enemies":"Snake Plant","floor":30,"turns":5},{"damage":4,"enemies":"Slavers","floor":31,"turns":2}],"seed_played":"-1534188138003947883","potions_obtained":[{"floor":4.0,"key":"SkillPotion"},{"floor":10.0,"key":"LiquidMemories"},{"floor":16,"key":"Regen Potion"},{"floor":24,"key":"SteroidPotion"},{"floor":27,"key":"Explosive Potion"}],"is_trial":false,"path_per_floor":["M","?","?","M","?","R","E","R","T","M","E","?","$","M","R","B",null,"M","$","?","$","M","R","E","?","T","M","M","M","M","E"],"character_chosen":"THE_SILENT","items_purchased":["PiercingWail+1","Gremlin Horn","DuplicationPotion","Cloak And Dagger+1","FearPotion","Concentrate+1"],"campfire_rested":1,"item_purchase_floors":[13,13,13,13,13,19],"current_hp_per_floor":[59,59,39,39,39,39,39,39,39,39,39,39,39,39,39,35,58,36,36,15,15,15,34,12,12,12,7,4,4,2,0,0],"gold":157,"neow_bonus":"THREE_ENEMY_KILL","is_daily":false,"chose_seed":false,"campfire_upgraded":3,"win_rate":0.0,"timestamp":1611188956,"path_taken":["M","?","?","M","?","R","E","R","T","M","E","?","$","M","R","BOSS","M","?","?","?","M","R","E","?","T","M","M","M","M","E"],"items_purchased_type":["Card","Relic","Potion","Card","Potion","Card"],"build_version":"2020-12-22","purchased_purges":2,"victory":false,"max_hp_per_floor":[66,66,66,66,66,66,66,66,66,66,66,66,66,66,66,66,66,66,66,66,66,66,66,66,66,66,66,66,66,66,66,66],"relic_stats":{"Gremlin Horn":[3,3],"counters":[16,65],"Shuriken":[20],"Whetstone":["Strike_G","Strike_G"],"Ginger":[7],"obtain_stats":[{"NeowsBlessing":0,"Gremlin Horn":13,"Shuriken":7,"Nilry\u0027s Codex":20,"Red Mask":25,"Whetstone":11,"Ginger":24,"Toxic Egg 2":9,"Ring of the Serpent":17,"Ring of the Snake":0},{"NeowsBlessing":0,"Gremlin Horn":5,"Shuriken":3,"Nilry\u0027s Codex":8,"Red Mask":11,"Whetstone":5,"Ginger":10,"Toxic Egg 2":3,"Ring of the Serpent":7,"Ring of the Snake":0},{"NeowsBlessing":0,"Gremlin Horn":7,"Shuriken":3,"Nilry\u0027s Codex":23,"Red Mask":40,"Whetstone":7,"Ginger":35,"Toxic Egg 2":3,"Ring of the Serpent":19,"Ring of the Snake":0}]},"card_choices":[{"not_picked":["Flying Knee","Deflect"],"picked":"Quick Slash","floor":1.0},{"not_picked":["Flechettes","Outmaneuver"],"picked":"Crippling Poison","floor":4.0},{"not_picked":["Prepared","Quick Slash"],"picked":"Backflip","floor":7.0},{"not_picked":["Flechettes","Outmaneuver+1"],"picked":"Backflip+1","floor":10.0},{"not_picked":["Envenom","Infinite Blades"],"picked":"Dodge and Roll+1","floor":11.0},{"not_picked":["Flechettes","Dagger Throw"],"picked":"Deadly Poison+1","floor":14.0},{"not_picked":["Grand Finale","Envenom"],"picked":"Glass Knife","floor":16},{"not_picked":["Flying Knee","Poisoned Stab","Underhanded Strike"],"picked":"SKIP","floor":18},{"not_picked":["Quick Slash+1","Flying Knee"],"picked":"PiercingWail+1","floor":22},{"not_picked":["Poisoned Stab","Choke"],"picked":"Dodge and Roll+1","floor":24},{"not_picked":["Flechettes","Night Terror+1"],"picked":"Outmaneuver+1","floor":25},{"not_picked":["Choke","Predator"],"picked":"Prepared+1","floor":27},{"not_picked":["Predator","Slice","Dash"],"picked":"SKIP","floor":28},{"not_picked":["Prepared+1","Noxious Fumes"],"picked":"Crippling Poison+1","floor":29},{"not_picked":["Sucker Punch","Flying Knee","Bane"],"picked":"SKIP","floor":30}],"player_experience":1803314,"relics_obtained":[{"floor":7.0,"key":"Shuriken"},{"floor":9.0,"key":"Toxic Egg 2"},{"floor":11.0,"key":"Whetstone"},{"floor":20,"key":"Nilry\u0027s Codex"},{"floor":24,"key":"Ginger"},{"floor":25,"key":"Red Mask"}],"event_choices":[{"damage_healed":0.0,"max_hp_gain":0.0,"max_hp_loss":0.0,"gold_gain":0.0,"cards_transformed":["Strike_G"],"event_name":"Living Wall","player_choice":"Change","floor":2.0,"gold_loss":0.0,"damage_taken":0.0,"cards_obtained":["Dash"]},{"damage_healed":0.0,"max_hp_gain":0.0,"max_hp_loss":0.0,"gold_gain":0.0,"event_name":"Shining Light","player_choice":"Entered Light","floor":3.0,"gold_loss":0.0,"damage_taken":20.0,"cards_upgraded":["Strike_G","Strike_G"]},{"damage_healed":0.0,"max_hp_gain":0.0,"max_hp_loss":0.0,"gold_gain":150.0,"event_name":"Liars Game","player_choice":"AGREE","floor":5.0,"gold_loss":0.0,"damage_taken":0.0,"cards_obtained":["Doubt"]},{"damage_healed":0.0,"max_hp_gain":0.0,"max_hp_loss":0.0,"gold_gain":275.0,"event_name":"Golden Shrine","player_choice":"Desecrate","floor":12.0,"gold_loss":0.0,"damage_taken":0.0,"cards_obtained":["Regret"]},{"damage_healed":0,"gold_gain":0,"player_choice":"Obtained Book","damage_taken":21,"max_hp_gain":0,"max_hp_loss":0,"event_name":"Cursed Tome","floor":20,"gold_loss":0},{"damage_healed":0,"gold_gain":0,"player_choice":"Fought Bandits","damage_taken":0,"max_hp_gain":0,"max_hp_loss":0,"event_name":"Masked Bandits","floor":25,"gold_loss":0}],"is_beta":false,"boss_relics":[{"not_picked":["Astrolabe","Tiny House"],"picked":"Ring of the Serpent"}],"items_purged_floors":[13,19],"is_endless":false,"potions_floor_spawned":[4,10,16,24,27],"killed_by":"Slavers","ascension_level":20}}