{"host":"Zandorum","time":1611224647,"event":{"mods":["100% Spire Juice","2.2 Compatiblity","Act Like it!","Bard","BaseMod","Hermit","Hubris","Jorbs\u0027s Wanderer Trilogy","Mimic Mod","Minty Spire (QoL Compilation)","Quick Restart","Rare Cards Sparkle","Reorder Act Four","Somnambulant","StSLib","The Cursed","The Disciple","The Hierophant","The Jungle","The Runesmith"],"gold_per_floor":[211,211,90,90,107,107,134,150,150,169,200,200,215,226,226,321,321,291,303,303,228,228,228,248,248,248,259,294,294,294,294],"floor_reached":30,"language":"ENG","playtime":1054,"items_purged":["Defend_G"],"score":262,"play_id":"8d592e52-7cc3-461f-b4ed-5e6de9427a95","local_time":"20210121022407","is_ascension_mode":false,"campfire_choices":[{"data":"Envenom","floor":6.0,"key":"SMITH"},{"floor":12.0,"key":"REST"},{"data":"Noxious Fumes","floor":15.0,"key":"SMITH"},{"data":"Venomology","floor":23.0,"key":"SMITH"}],"circlet_count":0,"master_deck":["Strike_G","Strike_G","Strike_G","Defend_G","Defend_G","Defend_G","Defend_G","Survivor","Neutralize","Flying Knee","Cloak And Dagger","Neutralize","Dramatic Entrance","Envenom+1","Dagger Spray","Poisoned Stab","Noxious Fumes+1","Acrobatics","Venomology+1","Dagger Spray","Infinite Blades+1","Endless Agony+1","Blade Dance","Noxious Fumes","Flying Knee"],"relics":["Ring of the Snake","hubris:Icosahedron","Omamori","Mango","Ancient Tea Set","Black Star","Enchiridion","Sundial","hubris:TenFootPole","PreservedInsect"],"acts_visited":["Exordium","TheCity"],"potions_floor_usage":[],"damage_taken":[{"damage":1.0,"enemies":"Cultist","floor":1.0,"turns":4.0},{"damage":0.0,"enemies":"Small Slimes","floor":5.0,"turns":2.0},{"damage":30.0,"enemies":"Gremlin Nob","floor":7.0,"turns":5.0},{"damage":2.0,"enemies":"Jaw Worm","floor":8.0,"turns":2.0},{"damage":7.0,"enemies":"Exordium Wildlife","floor":10.0,"turns":2.0},{"damage":19.0,"enemies":"3 Sentries","floor":11.0,"turns":5.0},{"damage":0.0,"enemies":"3 Louse","floor":13.0,"turns":2.0},{"damage":0.0,"enemies":"2 Fungi Beasts","floor":14.0,"turns":2.0},{"damage":26.0,"enemies":"The Guardian","floor":16.0,"turns":7.0},{"damage":25.0,"enemies":"2 Thieves","floor":18.0,"turns":5.0},{"damage":13.0,"enemies":"3 Byrds","floor":19.0,"turns":3.0},{"damage":10.0,"enemies":"Shelled Parasite and Fungi","floor":24.0,"turns":4.0},{"damage":0.0,"enemies":"Cultist and Chosen","floor":25.0,"turns":1.0},{"damage":9.0,"enemies":"Snake Plant","floor":27.0,"turns":3.0},{"damage":10.0,"enemies":"Slavers","floor":28.0,"turns":4.0},{"damage":1,"enemies":"3 Cultists","floor":30,"turns":2}],"seed_played":"8541598616482834167","potions_obtained":[{"floor":5.0,"key":"DistilledChaos"},{"floor":7.0,"key":"Energy Potion"},{"floor":10.0,"key":"Block Potion"},{"floor":16.0,"key":"Block Potion"},{"floor":24.0,"key":"AttackPotion"},{"floor":27.0,"key":"Swift Potion"}],"is_trial":false,"path_per_floor":["M","?","$","?","M","R","E","M","T","M","E","R","M","M","R","B",null,"M","M","?","?","?","R","M","M","T","M","E","?","M"],"character_chosen":"THE_SILENT","items_purchased":["Cloak And Dagger"],"campfire_rested":1,"item_purchase_floors":[3],"current_hp_per_floor":[69,69,69,69,69,69,39,37,51,44,25,50,50,50,50,24,84,59,46,30,30,30,30,20,20,20,11,1,1,0,0],"gold":294,"neow_bonus":"HUNDRED_GOLD","is_daily":false,"chose_seed":false,"campfire_upgraded":3,"win_rate":0.0,"timestamp":1611224647,"path_taken":["M","?","$","?","M","R","E","M","T","?","E","R","M","M","R","BOSS","M","M","?","?","?","R","M","?","T","M","E","?","M"],"items_purchased_type":["Card"],"build_version":"2020-12-18","purchased_purges":1,"victory":false,"max_hp_per_floor":[70,70,70,70,70,70,70,70,84,84,84,84,84,84,84,84,84,84,84,84,84,84,84,84,84,84,84,84,84,84,84],"card_choices":[{"not_picked":["Sucker Punch","Dodge and Roll"],"picked":"Flying Knee","floor":1.0},{"not_picked":["Infinite Blades","hubris:Sniper"],"picked":"Dagger Spray","floor":5.0},{"not_picked":["Expertise","Well Laid Plans","Leg Sweep"],"picked":"SKIP","floor":7.0},{"not_picked":["Deadly Poison","Outmaneuver"],"picked":"Poisoned Stab","floor":8.0},{"not_picked":["hubris:SlightOfHand","Dodge and Roll"],"picked":"Noxious Fumes","floor":10.0},{"not_picked":["Masterful Stab","Slice","Dagger Throw"],"picked":"SKIP","floor":11.0},{"not_picked":["Underhanded Strike","Escape Plan"],"picked":"Acrobatics","floor":13.0},{"not_picked":["hubris:TrickCloak","Finisher","Quick Slash"],"picked":"SKIP","floor":14.0},{"not_picked":["Burst","Night Terror"],"picked":"Venomology","floor":16.0},{"not_picked":["Cloak And Dagger+1","Dagger Spray","Underhanded Strike"],"picked":"SKIP","floor":18.0},{"not_picked":["Cloak And Dagger+1","Underhanded Strike"],"picked":"Dagger Spray","floor":18.0},{"not_picked":["Reflex","Flying Knee"],"picked":"Infinite Blades","floor":19.0},{"not_picked":["Prepared","Slice"],"picked":"Endless Agony+1","floor":24.0},{"not_picked":["Flying Knee+1","Dash"],"picked":"Blade Dance","floor":27.0},{"not_picked":["Bane","Deadly Poison"],"picked":"Noxious Fumes","floor":28.0}],"player_experience":159008,"relics_obtained":[{"floor":7.0,"key":"Omamori"},{"floor":9.0,"key":"Mango"},{"floor":11.0,"key":"Ancient Tea Set"},{"floor":20.0,"key":"Enchiridion"},{"floor":26.0,"key":"Sundial"},{"floor":28.0,"key":"hubris:TenFootPole"},{"floor":28.0,"key":"PreservedInsect"}],"event_choices":[{"damage_healed":0.0,"max_hp_gain":0.0,"max_hp_loss":0.0,"gold_gain":0.0,"event_name":"Match and Keep!","player_choice":"3 cards matched","floor":4.0,"gold_loss":0.0,"damage_taken":0.0,"cards_obtained":["Neutralize","Dramatic Entrance","Envenom"]},{"damage_healed":0.0,"max_hp_gain":0.0,"max_hp_loss":0.0,"gold_gain":0.0,"event_name":"Cursed Tome","player_choice":"Obtained Book","floor":20.0,"gold_loss":0.0,"damage_taken":16.0},{"cards_removed":["Strike_G"],"damage_healed":0.0,"max_hp_gain":0.0,"max_hp_loss":0.0,"gold_gain":0.0,"event_name":"Beggar","player_choice":"Gave Gold","floor":21.0,"gold_loss":75.0,"damage_taken":0.0},{"damage_healed":0.0,"max_hp_gain":0.0,"max_hp_loss":0.0,"gold_gain":0.0,"cards_transformed":["Strike_G"],"event_name":"Transmorgrifier","player_choice":"Transformed","floor":29.0,"gold_loss":0.0,"damage_taken":0.0,"cards_obtained":["Flying Knee"]}],"is_beta":true,"boss_relics":[{"not_picked":["Snecko Eye","Fusion Hammer"],"picked":"Black Star"}],"items_purged_floors":[3],"is_endless":false,"potions_floor_spawned":[5,7,10,11,16,24,27],"killed_by":"3 Cultists","ascension_level":0}}