{"host":"94qggqh0xz0sp6ai","time":1611272221,"event":{"mods":["100% Spire Juice","Abigail Mod","Act Like it!","BaseMod","CapriCore","Downfall","Friendly Minions","Gensokyo","Hermit","Jorbs\u0027s Wanderer Trilogy","Koishi","Marisa（霧雨　魔理沙）","Minty Spire (QoL Compilation)","Permanent Neow","Reimu（博??梦）","StSLib","The Alterego","The Construct","The Cursed","The Hierophant","The Immortal","The Marked","The Servant 0.9.4","TheBandit","Waifu the Spire"],"gold_per_floor":[117,117,117,77,3,3,3,3,53,81,81,113,113,147,147,284,164,198,196,205,227,257,257,284,44,44,44,94,108,55,73,73,213,213,243,576,576,586,612,612,649,649,649,690,709,709,736,736,496,496],"floor_reached":51,"language":"ENG","playtime":1768,"items_purged":[],"score":954,"play_id":"986e3be9-1a76-40d1-b042-ced807fde50a","local_time":"20210121173701","is_ascension_mode":true,"campfire_choices":[{"data":"Moonworks:UnpaidWork","floor":6,"key":"SMITH"},{"data":"Moonworks:LongDistanceShot","floor":8,"key":"SMITH"},{"data":"Moonworks:DeployBits","floor":11,"key":"SMITH"},{"data":"Moonworks:Defend","floor":15,"key":"SMITH"},{"floor":23,"key":"REST"},{"data":"Moonworks:DevilHand","floor":25,"key":"SMITH"},{"floor":27,"key":"REST"},{"floor":32,"key":"REST"},{"data":"Moonworks:MeltingMemories","floor":40,"key":"SMITH"},{"floor":42,"key":"REST"},{"data":"Moonworks:DeployBits","floor":46,"key":"SMITH"},{"data":"Moonworks:RedAndBlue","floor":49,"key":"SMITH"}],"circlet_count":0,"master_deck":["Moonworks:Strike","Moonworks:Strike","Moonworks:Strike","Moonworks:Strike+1","Moonworks:Defend+1","Moonworks:Defend+1","Moonworks:Defend","Moonworks:Defend","Moonworks:Ambush+1","Moonworks:LongDistanceShot+1","Moonworks:UnpaidWork+1","Moonworks:RagingMadness","Moonworks:DeployBits+1","Moonworks:SakisCookie","Moonworks:SakisCookie","Moonworks:HolyNight","Moonworks:Poppoformation+1","Moonworks:DevilHand+1","Moonworks:Assault","Moonworks:DeployBits+1","Moonworks:SakisCookie","Moonworks:FullSpeedAlicianrone","Moonworks:NicePresent","Moonworks:SakisCookie","Moonworks:Dinner","Moonworks:RedAndBlue+1","Moonworks:MeltingMemories+1","Moonworks:EvilSpyWorkPreparation","Moonworks:Dash+1","Moonworks:MiracleWalker+1","Moonworks:CompletionReward","Moonworks:LulusLuckyEgg+1"],"relics":["Moonworks:SBBomb","Moonworks:Homemark","PaintedHorse:ReiMu","CeramicFish","TungstenRod","construct:FoamFinger","HornCleat","Busted Crown","Ancient Tea Set","White Beast Statue","Smiling Mask","Eternal Feather"],"acts_visited":["Exordium","TheCity","TheBeyond"],"potions_floor_usage":[22,24,28,41,48,50,50],"damage_taken":[{"damage":2,"enemies":"2 Louse","floor":1,"turns":3},{"damage":0,"enemies":"Small Slimes","floor":10,"turns":3},{"damage":0,"enemies":"Jaw Worm","floor":12,"turns":3},{"damage":1,"enemies":"Blue Slaver","floor":14,"turns":3},{"damage":25,"enemies":"Hexaghost","floor":16,"turns":10},{"damage":5,"enemies":"Chosen","floor":18,"turns":4},{"damage":23,"enemies":"2 Thieves","floor":19,"turns":4},{"damage":14,"enemies":"Snake Plant","floor":21,"turns":5},{"damage":10,"enemies":"Cultist and Chosen","floor":22,"turns":6},{"damage":23,"enemies":"Centurion and Healer","floor":24,"turns":5},{"damage":30,"enemies":"Slavers","floor":28,"turns":6},{"damage":3,"enemies":"3 Cultists","floor":29,"turns":4},{"damage":23,"enemies":"Collector","floor":33,"turns":14},{"damage":0,"enemies":"3 Shapes","floor":35,"turns":3},{"damage":0,"enemies":"3 Darklings","floor":38,"turns":3},{"damage":20,"enemies":"Sphere and 2 Shapes","floor":39,"turns":2},{"damage":28,"enemies":"Reptomancer","floor":41,"turns":5},{"damage":11,"enemies":"Nemesis","floor":44,"turns":5},{"damage":5,"enemies":"Transient","floor":45,"turns":5},{"damage":0,"enemies":"Giant Head","floor":47,"turns":5},{"damage":18,"enemies":"Donu and Deca","floor":50,"turns":8}],"seed_played":"-7298748752112892629","potions_obtained":[{"floor":12,"key":"Block Potion"},{"floor":21,"key":"hexamod:SoulburnPotion"},{"floor":24,"key":"Dexterity Potion"},{"floor":35,"key":"SteroidPotion"},{"floor":39,"key":"DuplicationPotion"},{"floor":44,"key":"SteroidPotion"},{"floor":45,"key":"champ:CounterPotion"},{"floor":47,"key":"Weak Potion"},{"floor":48,"key":"Fruit Juice"},{"floor":48,"key":"Regen Potion"}],"is_trial":false,"path_per_floor":["M","?","?","?","$","R","$","R","T","M","R","M","$","M","R","B",null,"M","M","?","M","M","R","M","R","T","R","E","M","$","?","R","B",null,"M","?","?","M","M","R","E","R","T","E","M","R","E","?","R","B",null],"character_chosen":"THE_STARBREAKER","items_purchased":["Moonworks:RagingMadness","Moonworks:NicePresent","Moonworks:SakisCookie"],"campfire_rested":4,"item_purchase_floors":[5,30,30],"current_hp_per_floor":[58,46,31,31,31,31,31,31,31,31,31,31,31,30,30,5,60,55,36,36,24,16,34,11,11,11,29,3,2,2,2,20,5,60,60,60,60,60,40,40,35,53,53,52,60,60,60,65,65,48],"gold":496,"neow_bonus":"UPGRADE_CARD","is_daily":false,"chose_seed":false,"campfire_upgraded":8,"win_rate":0.0,"timestamp":1611272221,"path_taken":["M","?","?","?","$","R","?","R","T","M","R","?","?","M","R","BOSS","M","M","?","M","M","R","M","R","T","R","E","M","$","?","R","BOSS","M","?","?","?","M","R","E","R","T","E","M","R","E","?","R","BOSS"],"items_purchased_type":["Card","Card","Card"],"build_version":"2020-12-22","purchased_purges":0,"victory":true,"max_hp_per_floor":[60,60,60,60,60,60,60,60,60,60,60,60,60,60,60,60,60,60,60,60,60,60,60,60,60,60,60,60,60,60,60,60,60,60,60,60,60,60,60,60,60,60,60,60,60,60,60,65,65,65],"card_choices":[{"not_picked":["Moonworks:ImOnFire","Moonworks:CloudOfSeagulls"],"picked":"Moonworks:UnpaidWork","floor":1},{"not_picked":["Moonworks:ImOnFire","Moonworks:ReproductionOfRecords"],"picked":"Moonworks:DeployBits","floor":10},{"not_picked":["Moonworks:BigMagnum","Moonworks:CloudOfSeagulls"],"picked":"Moonworks:SakisCookie","floor":12},{"not_picked":["Moonworks:JonathanRush","Moonworks:TreasureThief"],"picked":"Moonworks:SakisCookie","floor":14},{"not_picked":["Moonworks:FinalBattle","Moonworks:PlushieMaster"],"picked":"Moonworks:HolyNight","floor":16},{"not_picked":["Moonworks:LulusLuckyEgg+1","Moonworks:Assault"],"picked":"Moonworks:Poppoformation+1","floor":18},{"not_picked":["Moonworks:LuckyCharm","Moonworks:DeployBits"],"picked":"Moonworks:DevilHand","floor":19},{"not_picked":["Moonworks:IntelligenceOfficer","Moonworks:Poppoformation"],"picked":"Moonworks:Assault","floor":21},{"not_picked":["Moonworks:LulusLuckyEgg","Moonworks:CloudOfSeagulls"],"picked":"Moonworks:DeployBits","floor":22},{"not_picked":["Moonworks:DevilHand","Moonworks:DeployBits"],"picked":"Moonworks:SakisCookie","floor":24},{"not_picked":["Moonworks:ReproductionOfRecords","Moonworks:JonathanRush"],"picked":"Moonworks:FullSpeedAlicianrone","floor":28},{"not_picked":["Moonworks:LulusLuckyEgg","Moonworks:JonathanRush+1","Moonworks:Assault"],"picked":"SKIP","floor":29},{"not_picked":["Moonworks:LeapThroughSpace","Moonworks:RocketCannon"],"picked":"Moonworks:MeltingMemories","floor":33},{"not_picked":[],"picked":"Moonworks:EvilSpyWorkPreparation","floor":35},{"not_picked":["Moonworks:ImmovableObject"],"picked":"SKIP","floor":38},{"not_picked":[],"picked":"Moonworks:Dash+1","floor":39},{"not_picked":[],"picked":"Moonworks:MiracleWalker+1","floor":41},{"not_picked":[],"picked":"Moonworks:CompletionReward","floor":44},{"not_picked":[],"picked":"Moonworks:LulusLuckyEgg+1","floor":45},{"not_picked":["Moonworks:ImmovableObject"],"picked":"SKIP","floor":47}],"player_experience":1411254,"relics_obtained":[{"floor":9,"key":"CeramicFish"},{"floor":26,"key":"construct:FoamFinger"},{"floor":28,"key":"HornCleat"},{"floor":41,"key":"Ancient Tea Set"},{"floor":43,"key":"White Beast Statue"},{"floor":44,"key":"Smiling Mask"},{"floor":47,"key":"Eternal Feather"}],"event_choices":[{"damage_healed":0,"gold_gain":0,"player_choice":"Entered Light","damage_taken":12,"max_hp_gain":0,"max_hp_loss":0,"event_name":"Shining Light","floor":2,"gold_loss":0,"cards_upgraded":["Moonworks:Strike","Moonworks:Defend"]},{"damage_healed":0,"gold_gain":0,"player_choice":"Take Damage","damage_taken":15,"relics_obtained":["Golden Idol"],"max_hp_gain":0,"max_hp_loss":0,"event_name":"Golden Idol","floor":3,"gold_loss":0},{"damage_healed":0,"gold_gain":0,"player_choice":"Donate","damage_taken":0,"relics_obtained":["PaintedHorse:ReiMu"],"max_hp_gain":0,"max_hp_loss":0,"event_name":"yidonshenshe","floor":4,"gold_loss":40},{"damage_healed":0,"gold_gain":0,"player_choice":"Opened","damage_taken":0,"relics_obtained":["TungstenRod"],"max_hp_gain":0,"max_hp_loss":0,"event_name":"The Mausoleum","floor":20,"gold_loss":0,"cards_obtained":["Writhe"]},{"damage_healed":0,"gold_gain":0,"player_choice":"2 cards matched","damage_taken":0,"max_hp_gain":0,"max_hp_loss":0,"event_name":"Match and Keep!","floor":31,"gold_loss":0,"cards_obtained":["Moonworks:Dinner","Moonworks:RedAndBlue"]},{"damage_healed":0,"gold_gain":333,"player_choice":"Gave Idol","damage_taken":0,"max_hp_gain":0,"max_hp_loss":0,"event_name":"The Moai Head","floor":36,"relics_lost":["Golden Idol"],"gold_loss":0},{"cards_removed":["Writhe"],"damage_healed":0,"gold_gain":0,"player_choice":"Card Removal","damage_taken":0,"max_hp_gain":0,"max_hp_loss":0,"event_name":"Wheel of Change","floor":37,"gold_loss":0},{"damage_healed":0,"gold_gain":0,"player_choice":"Got Potions","damage_taken":0,"max_hp_gain":0,"max_hp_loss":0,"event_name":"Lab","floor":48,"gold_loss":0}],"is_beta":false,"boss_relics":[{"not_picked":["construct:WeddingRing","Ectoplasm"],"picked":"Moonworks:SBBomb"},{"not_picked":["Pandora\u0027s Box","Coffee Dripper"],"picked":"Busted Crown"}],"items_purged_floors":[],"is_endless":false,"potions_floor_spawned":[12,21,24,35,39,44,45,47],"ascension_level":3}}