{"host":"0tiuc76yumknr6qf","time":1611250529,"event":{"mods":["BaseMod","Bestiary","Colored Map","DeckTracker","Downfall","Highlight Path","Minty Spire (QoL Compilation)","StSLib"],"gold_per_floor":[115,132,152,1,1,1,34,34,79,79,97,112,112,125,125,221,221,236,89,103,119,132,162,179,179,179,209,159,159,169,169,169,267,267,286,336,353,453,466,494,494,431,455,471,485,485,485,485,485],"floor_reached":48,"language":"ENG","playtime":2308,"items_purged":["Decay","Defend_P","Strike_P"],"score":801,"play_id":"c1e98e04-038c-4597-8046-f85b3d6f1aec","local_time":"20210121113529","is_ascension_mode":true,"campfire_choices":[{"data":"FlurryOfBlows","floor":6.0,"key":"SMITH"},{"data":"FlurryOfBlows","floor":8.0,"key":"SMITH"},{"data":"BowlingBash","floor":10.0,"key":"SMITH"},{"data":"FlyingSleeves","floor":15.0,"key":"SMITH"},{"data":"Blasphemy","floor":25.0,"key":"SMITH"},{"floor":32.0,"key":"REST"},{"floor":46.0,"key":"REST"}],"circlet_count":1,"master_deck":["Strike_P","Strike_P","Strike_P","Defend_P","Defend_P","Defend_P","Eruption","Vigilance","FlurryOfBlows+1","Consecrate+1","BowlingBash+1","FlurryOfBlows+1","Vengeance","FlyingSleeves+1","Blasphemy+1","Meditate+1","Master of Strategy","CutThroughFate+1","DevaForm","Protect+1","FearNoEvil+1","Halt","Devotion","ThirdEye+1","Prostrate","SpiritShield","Dark Shackles","WaveOfTheHand+1","Prostrate+1","Writhe","Parasite"],"relics":["PureWater","Circlet","Ring of the Snake","Membership Card","Lantern","SlaversCollar","Shuriken","Pen Nib","HornCleat","Fusion Hammer","CaptainsWheel","Pantograph","Centennial Puzzle"],"acts_visited":["Exordium","TheCity","TheBeyond"],"potions_floor_usage":[48],"damage_taken":[{"damage":0.0,"enemies":"Cultist","floor":1.0,"turns":2.0},{"damage":0.0,"enemies":"Jaw Worm","floor":2.0,"turns":4.0},{"damage":0.0,"enemies":"2 Louse","floor":3.0,"turns":2.0},{"damage":32.0,"enemies":"Gremlin Nob","floor":7.0,"turns":3.0},{"damage":0.0,"enemies":"Exordium Thugs","floor":11.0,"turns":2.0},{"damage":0.0,"enemies":"2 Fungi Beasts","floor":12.0,"turns":2.0},{"damage":0.0,"enemies":"Red Slaver","floor":14.0,"turns":1.0},{"damage":23.0,"enemies":"Hexaghost","floor":16.0,"turns":7.0},{"damage":0.0,"enemies":"Shell Parasite","floor":18.0,"turns":1.0},{"damage":11.0,"enemies":"2 Thieves","floor":20.0,"turns":2.0},{"damage":0.0,"enemies":"Shelled Parasite and Fungi","floor":21.0,"turns":1.0},{"damage":9.0,"enemies":"Cultist and Chosen","floor":22.0,"turns":3.0},{"damage":0.0,"enemies":"Gremlin Leader","floor":23.0,"turns":1.0},{"damage":0.0,"enemies":"Snecko","floor":24.0,"turns":1.0},{"damage":0.0,"enemies":"Book of Stabbing","floor":27.0,"turns":1.0},{"damage":7.0,"enemies":"Centurion and Healer","floor":30.0,"turns":2.0},{"damage":20.0,"enemies":"Automaton","floor":33.0,"turns":4.0},{"damage":0.0,"enemies":"Orb Walker","floor":35.0,"turns":1.0},{"damage":3.0,"enemies":"Mind Bloom Boss Battle","floor":36.0,"turns":7.0},{"damage":2.0,"enemies":"3 Darklings","floor":37.0,"turns":3.0},{"damage":9.0,"enemies":"Transient","floor":39.0,"turns":5.0},{"damage":19.0,"enemies":"Nemesis","floor":40.0,"turns":3.0},{"damage":3.0,"enemies":"Spire Growth","floor":44.0,"turns":3.0},{"damage":14.0,"enemies":"Jaw Worm Horde","floor":45.0,"turns":2.0},{"damage":99999,"enemies":"Writhing Mass","floor":48,"turns":4}],"seed_played":"-5262066790124357440","potions_obtained":[{"floor":1.0,"key":"LiquidBronze"},{"floor":7.0,"key":"DistilledChaos"},{"floor":11.0,"key":"Explosive Potion"},{"floor":22.0,"key":"StancePotion"},{"floor":39.0,"key":"SteroidPotion"},{"floor":40.0,"key":"Energy Potion"}],"is_trial":false,"path_per_floor":["M","M","M","$","?","R","E","R","T","R","M","M","?","M","R","B",null,"M","$","M","M","M","E","M","R","T","E","$","?","M","?","R","B",null,"M","?","M","?","M","E","?","$","T","M","M","R","?","M"],"character_chosen":"WATCHER","items_purchased":["Membership Card","Meditate","Master of Strategy"],"campfire_rested":2,"item_purchase_floors":[4,19,19],"current_hp_per_floor":[65,65,65,65,65,65,33,33,33,33,33,33,33,33,33,10,57,57,57,46,46,37,37,37,37,37,37,37,23,16,16,37,17,58,58,55,53,53,44,25,25,25,25,22,8,29,47,0,0],"gold":485,"neow_bonus":"NOSTALGIA","is_daily":false,"chose_seed":false,"campfire_upgraded":5,"win_rate":0.0,"timestamp":1611250529,"path_taken":["M","M","?","?","?","R","E","R","T","R","?","M","?","?","R","BOSS","M","$","M","M","?","E","M","R","T","E","$","?","M","?","R","BOSS","M","?","M","?","?","E","?","?","T","M","?","R","?","M"],"items_purchased_type":["Relic","Card","Card"],"build_version":"2020-12-22","purchased_purges":3,"victory":false,"max_hp_per_floor":[72,72,72,72,72,72,72,72,72,72,72,72,72,72,72,72,72,72,72,72,72,72,72,72,72,72,72,72,72,72,72,72,72,72,72,72,72,72,72,72,72,72,72,72,72,72,72,72,72],"card_choices":[{"not_picked":["Weave","Protect"],"picked":"FlurryOfBlows","floor":1.0},{"not_picked":["CrushJoints","Evaluate"],"picked":"Consecrate","floor":2.0},{"not_picked":["ThirdEye","Consecrate"],"picked":"BowlingBash","floor":3.0},{"not_picked":["Prostrate","PathToVictory"],"picked":"FlurryOfBlows","floor":7.0},{"not_picked":["EmptyBody","Sanctity"],"picked":"Vengeance","floor":11.0},{"not_picked":["FollowUp","EmptyFist","Omniscience"],"picked":"SKIP","floor":12.0},{"not_picked":["BowlingBash","Collect"],"picked":"FlyingSleeves","floor":14.0},{"not_picked":["Judgement","Omniscience"],"picked":"Blasphemy","floor":16.0},{"not_picked":["Prostrate","Crescendo","FollowUp+1"],"picked":"SKIP","floor":18.0},{"not_picked":["PathToVictory+1","Meditate","EmptyBody"],"picked":"SKIP","floor":20.0},{"not_picked":["Prostrate+1","EmptyBody","PathToVictory"],"picked":"SKIP","floor":21.0},{"not_picked":["Protect","Halt"],"picked":"CutThroughFate+1","floor":22.0},{"not_picked":["Fasting2","JustLucky"],"picked":"DevaForm","floor":23.0},{"not_picked":["Consecrate","EmptyBody"],"picked":"Protect+1","floor":24.0},{"not_picked":["Fasting2","Nirvana"],"picked":"FearNoEvil+1","floor":27.0},{"not_picked":["Evaluate+1","ClearTheMind"],"picked":"Halt","floor":30.0},{"not_picked":["Scrawl","Blasphemy"],"picked":"Devotion","floor":33.0},{"not_picked":["Collect","Meditate+1"],"picked":"ThirdEye+1","floor":35.0},{"not_picked":["BowlingBash","EmptyFist"],"picked":"Prostrate","floor":37.0},{"not_picked":["Vengeance","ReachHeaven","Protect"],"picked":"SKIP","floor":39.0},{"not_picked":["FlyingSleeves+1","ClearTheMind+1"],"picked":"SpiritShield","floor":40.0},{"not_picked":["Bandage Up","Dramatic Entrance"],"picked":"Dark Shackles","floor":41.0},{"not_picked":["FearNoEvil","Nirvana+1"],"picked":"WaveOfTheHand+1","floor":44.0},{"not_picked":["WaveOfTheHand+1","Vengeance+1"],"picked":"Prostrate+1","floor":45.0}],"player_experience":2032480,"relics_obtained":[{"floor":7.0,"key":"aspiration:FetidBarrel"},{"floor":9.0,"key":"Lantern"},{"floor":23.0,"key":"Shuriken"},{"floor":26.0,"key":"Pen Nib"},{"floor":27.0,"key":"HornCleat"},{"floor":36.0,"key":"CaptainsWheel"},{"floor":40.0,"key":"Pantograph"},{"floor":43.0,"key":"Centennial Puzzle"}],"event_choices":[{"damage_healed":0.0,"max_hp_gain":0.0,"max_hp_loss":0.0,"gold_gain":0.0,"event_name":"Upgrade Shrine","player_choice":"Upgraded","floor":5.0,"gold_loss":0.0,"damage_taken":0.0,"cards_upgraded":["Consecrate"]},{"damage_healed":0.0,"max_hp_gain":0.0,"max_hp_loss":0.0,"gold_gain":0.0,"event_name":"Wheel of Change","player_choice":"Cursed","floor":13.0,"gold_loss":0.0,"damage_taken":0.0,"cards_obtained":["Decay"]},{"damage_healed":0.0,"max_hp_gain":0.0,"max_hp_loss":0.0,"gold_gain":0.0,"event_name":"Upgrade Shrine","player_choice":"Upgraded","floor":31.0,"gold_loss":0.0,"damage_taken":0.0,"cards_upgraded":["Meditate"]},{"damage_healed":0.0,"max_hp_gain":0.0,"max_hp_loss":0.0,"gold_gain":0.0,"event_name":"MindBloom","player_choice":"Fight","floor":36.0,"gold_loss":0.0,"damage_taken":0.0},{"damage_healed":0.0,"max_hp_gain":0.0,"max_hp_loss":0.0,"gold_gain":100.0,"event_name":"Golden Shrine","player_choice":"Pray","floor":38.0,"gold_loss":0.0,"damage_taken":0.0},{"damage_healed":0.0,"max_hp_gain":0.0,"max_hp_loss":0.0,"gold_gain":0.0,"event_name":"SensoryStone","player_choice":"Memory 1","floor":41.0,"gold_loss":0.0,"damage_taken":0.0},{"damage_healed":18.0,"max_hp_gain":0.0,"max_hp_loss":0.0,"gold_gain":0.0,"event_name":"Winding Halls","player_choice":"Writhe","floor":47.0,"gold_loss":0.0,"damage_taken":0.0,"cards_obtained":["Writhe"]}],"is_beta":false,"boss_relics":[{"not_picked":["aspiration:RitualDagger","Velvet Choker"],"picked":"SlaversCollar"},{"not_picked":["Sozu","aspiration:SecretTechniqueScroll"],"picked":"Fusion Hammer"}],"items_purged_floors":[19,28,42],"is_endless":false,"potions_floor_spawned":[1,7,11,12,22,27,39,40,44],"killed_by":"Writhing Mass","ascension_level":8}}