{"host":"qy89j0vid1u7yuu4","time":1611188805,"event":{"mods":["Act Like it!","Aspiration","BaseMod","Better Match","Better Third Choice","Card Forge","Colored Powertips","Conspire","Elementarium","GifTheSpireLib","Halation","Hermit","Hubris","Infinite Spire","Menagerie","Minty Spire (QoL Compilation)","Replay The Spire","Spicy Shops","StSLib","Stuff the Spire","The Blue Laboratory","The Jungle"],"gold_per_floor":[147,183,83,146,146,262,262,310,334,334,40,40,40,40,40,353,353,401,401,401,401,76,464,464,464,464,571,671,763,763,872,872,1255,1255,1389,1552,1554,1554,1554,1554,1756,2002,2048,1851,1851,1444,1643,1788,1788,1831,1831],"floor_reached":50,"language":"ENG","playtime":2514,"items_purged":["Amnesia","Writhe"],"score":891,"play_id":"03d9d9b5-73b2-4ee7-9ae7-976b705889cd","local_time":"20210120172645","daily_mods":["Heirloom","Flight","Midas"],"is_ascension_mode":false,"campfire_choices":[{"data":"1","floor":7,"key":"LIFT"},{"floor":10,"key":"REST"},{"data":"2","floor":13,"key":"LIFT"},{"floor":15,"key":"DIG"},{"data":"3","floor":24,"key":"LIFT"},{"floor":40,"key":"REST"}],"circlet_count":0,"master_deck":["Survivor+1","Neutralize+1","Dagger Spray","Finisher","conspire:SpireCoStock","conspire:SpireCoStock","Prepared+1","Footwork+1","PiercingWail+1","Burn","Phantasmal Killer","infinitespire:Neurotoxin","StuffTheSpire:Ambrosia+1","Footwork+1","Leg Sweep","Cloak And Dagger+1","PiercingWail","Deadly Poison","Burst","Blur","Concentrate","StuffTheSpire:Incantation","Malaise","Flying Knee","StuffTheSpire:Python+1","conspire:DoublingDagger+1","Deadly Poison","Noxious Fumes+1","Footwork"],"relics":["Ring of the Snake","Hammer of Thor","Seething Fire","Anvil of the Gods","Ring of Chaos","aspiration:DSix","halation:KoshaPiece","Girya","Juzu Bracelet","Potion Belt","Vajra","ClockworkSouvenir","Replay:Ancient Bell","Replay:Wax Seal","infinitespire:Midas Blood","StuffTheSpire:Nightcore","MutagenicStrength","DollysMirror","Old Coin","infinitespire:Magic Flask","Chameleon Ring","Blue Doll","Letter Opener","halation:EternalFortune","Quantum Egg","infinitespire:EvilPickle","Pandora\u0027s Box","Tough Bandages","StuffTheSpire:GreaterSneckoEye","Ring of Fury","infinitespire:Broken Mirror","Pen Nib","ReplayTheSpireMod:TigerMarble","aspiration:Lifesprig","Matryoshka","StuffTheSpire:GrapeVine","Bottled Flame"],"acts_visited":["Exordium","TheCity","TheBeyond"],"potions_floor_usage":[16,18,23,23,27,33,41,41,50,50,50,50],"damage_taken":[{"damage":0,"enemies":"Small Slimes","floor":1,"turns":6},{"damage":0,"enemies":"Jaw Worm","floor":2,"turns":4},{"damage":3,"enemies":"conspire:RoseBush","floor":4,"turns":4},{"damage":10,"enemies":"Lagavulin","floor":6,"turns":10},{"damage":10,"enemies":"Blue Slaver","floor":8,"turns":5},{"damage":28,"enemies":"Slime Boss","floor":16,"turns":13},{"damage":0,"enemies":"2 Thieves","floor":18,"turns":4},{"damage":5,"enemies":"Gremlin Leader","floor":23,"turns":3},{"damage":15,"enemies":"3 Byrds","floor":27,"turns":4},{"damage":9,"enemies":"conspire:Head Lice","floor":28,"turns":5},{"damage":2,"enemies":"Gremlin Leader","floor":29,"turns":4},{"damage":6,"enemies":"Nightmare","floor":31,"turns":6},{"damage":2,"enemies":"Pondfish","floor":33,"turns":8},{"damage":0,"enemies":"3 Shapes","floor":35,"turns":3},{"damage":30,"enemies":"2 Orb Walkers","floor":36,"turns":5},{"damage":27,"enemies":"Giant Head","floor":41,"turns":6},{"damage":0,"enemies":"R_Hoarder","floor":47,"turns":3},{"damage":6,"enemies":"Orb Walker","floor":48,"turns":2},{"damage":77,"enemies":"Awakened One","floor":50,"turns":7}],"seed_played":"2706439800081326032","potions_obtained":[{"floor":2,"key":"blueLaboratory:EmptyBottle"},{"floor":6,"key":"Explosive Potion"},{"floor":16,"key":"PowerPotion"},{"floor":18,"key":"blueLaboratory:CorrosionFlask"},{"floor":20,"key":"CunningPotion"},{"floor":20,"key":"blueLaboratory:RecallPotion"},{"floor":20,"key":"GhostInAJar"},{"floor":28,"key":"FearPotion"},{"floor":36,"key":"AttackPotion"},{"floor":40,"key":"Ancient Potion"},{"floor":40,"key":"CunningPotion"},{"floor":48,"key":"blueLaboratory:BottledHope"}],"is_trial":true,"path_per_floor":["M","M","?","M","?","E","R","M","T","R","$","?","R","?","R","B",null,"M","?","?","?","$","E","R","AVR","T","M","E","E","?","NM","R","B",null,"M","?","?","?","?","R","E","?","T","$","?","$","E","M","R","B"],"character_chosen":"THE_SILENT","items_purchased":["Vajra","ClockworkSouvenir","DollysMirror","aspiration:Lifesprig","Noxious Fumes+1","Matryoshka","StuffTheSpire:GrapeVine"],"campfire_rested":2,"item_purchase_floors":[11,11,22,44,44,46,46],"current_hp_per_floor":[70,70,70,67,44,34,34,24,24,45,45,45,45,45,45,17,70,70,70,70,70,70,66,66,66,66,52,44,43,46,41,64,63,79,80,51,31,31,51,75,49,49,49,49,49,49,51,47,72,0,0],"gold":1831,"neow_bonus":"","is_daily":false,"chose_seed":false,"campfire_upgraded":0,"win_rate":0.0,"timestamp":1611188805,"path_taken":["M","M","?","M","?","E","R","M","T","R","$","?","R","?","R","BOSS","M","?","?","?","$","E","R","AVR","T","M","E","E","?","NM","R","BOSS","M","?","?","?","?","R","E","?","T","$","?","$","E","M","R","BOSS"],"items_purchased_type":["Relic","Relic","Relic","Relic","Card","Relic","Relic"],"build_version":"2020-12-22","purchased_purges":2,"victory":false,"max_hp_per_floor":[70,70,70,70,70,70,70,70,70,70,70,70,70,70,70,70,70,70,70,70,70,70,71,71,71,71,72,73,74,77,78,78,79,79,80,81,81,81,81,81,82,82,82,82,82,82,84,86,86,88,88],"card_choices":[{"not_picked":["Deadly Poison","Outmaneuver"],"picked":"Dagger Spray","floor":1},{"not_picked":["StuffTheSpire:BumpUp","Blade Dance"],"picked":"Finisher","floor":2},{"not_picked":["hubris:SlightOfHand","Calculated Gamble"],"picked":"Prepared","floor":4},{"not_picked":["Deflect","Escape Plan"],"picked":"Footwork","floor":6},{"not_picked":["StuffTheSpire:Python","StuffTheSpire:ClusterCrunch"],"picked":"PiercingWail","floor":8},{"not_picked":["Replay:Bag of Tricks","Unload"],"picked":"Phantasmal Killer","floor":16},{"not_picked":["hubris:Greed","Menagerie:BloodySpellbook"],"picked":"Injury","floor":17},{"not_picked":["Doubt","Shame"],"picked":"Writhe","floor":17},{"not_picked":["Doubt","Shame"],"picked":"Amnesia","floor":17},{"not_picked":["Acrobatics+1","Dagger Throw"],"picked":"infinitespire:Neurotoxin","floor":18},{"not_picked":["StuffTheSpire:Harmony","StuffTheSpire:Brawn"],"picked":"StuffTheSpire:Ambrosia","floor":21},{"not_picked":["aspiration:Lunge","Prepared","StuffTheSpire:ClusterCrunch+1"],"picked":"SKIP","floor":23},{"not_picked":["Cloak And Dagger","Infinite Blades"],"picked":"Leg Sweep","floor":27},{"not_picked":["Hidden Blade","StuffTheSpire:Injection+1"],"picked":"Cloak And Dagger+1","floor":28},{"not_picked":["Wraith Form v2","Hidden Blade"],"picked":"PiercingWail","floor":29},{"not_picked":["StuffTheSpire:BrimstoneBlast","Outmaneuver"],"picked":"Deadly Poison","floor":31},{"not_picked":["StuffTheSpire:Injection+1","Prepared+1"],"picked":"Flying Knee","floor":35},{"not_picked":["Dodge and Roll+1","Underhanded Strike"],"picked":"Concentrate","floor":36},{"not_picked":["Dash+1","Poisoned Stab"],"picked":"StuffTheSpire:Python+1","floor":41},{"not_picked":["Draining Mist+1","StuffTheSpire:Sprint"],"picked":"conspire:DoublingDagger+1","floor":42},{"not_picked":["Poisoned Stab","Dodge and Roll"],"picked":"Deadly Poison","floor":42},{"not_picked":["PiercingWail+1","Prepared"],"picked":"Footwork","floor":47},{"not_picked":["Fluid Movement","Finisher","Prepared+1"],"picked":"SKIP","floor":48}],"player_experience":109912,"relics_obtained":[{"floor":6,"key":"Juzu Bracelet"},{"floor":9,"key":"Potion Belt"},{"floor":15,"key":"hubris:SlimyHat"},{"floor":23,"key":"Old Coin"},{"floor":26,"key":"Chameleon Ring"},{"floor":28,"key":"Blue Doll"},{"floor":29,"key":"Letter Opener"},{"floor":31,"key":"Quantum Egg"},{"floor":36,"key":"Tough Bandages"},{"floor":37,"key":"StuffTheSpire:GreaterSneckoEye"},{"floor":38,"key":"Ring of Fury"},{"floor":41,"key":"infinitespire:Broken Mirror"},{"floor":42,"key":"Pen Nib"},{"floor":43,"key":"ReplayTheSpireMod:TigerMarble"},{"floor":47,"key":"Bottled Flame"}],"event_choices":[{"damage_healed":0,"gold_gain":0,"player_choice":"Invest 2","damage_taken":0,"max_hp_gain":0,"max_hp_loss":0,"event_name":"conspire:Investor","floor":3,"gold_loss":0},{"damage_healed":0,"gold_gain":1,"player_choice":"Relic Relic ","damage_taken":23,"max_hp_gain":0,"max_hp_loss":0,"event_name":"betterThird:BetterScrap","floor":5,"gold_loss":0,"cards_obtained":["Wish"]},{"damage_healed":0,"gold_gain":0,"player_choice":"Grow","damage_taken":0,"max_hp_gain":0,"max_hp_loss":0,"event_name":"Living Wall","floor":12,"gold_loss":0,"cards_upgraded":["Footwork"]},{"damage_healed":45,"gold_gain":0,"player_choice":"Embrace Burn","damage_taken":0,"max_hp_gain":0,"max_hp_loss":70,"event_name":"betterThird:BetterShining","floor":14,"gold_loss":0},{"damage_healed":0,"gold_gain":0,"player_choice":"Inject Mutagens","damage_taken":0,"relics_obtained":["MutagenicStrength"],"max_hp_gain":0,"max_hp_loss":0,"event_name":"Drug Dealer","floor":19,"gold_loss":0},{"damage_healed":0,"gold_gain":0,"player_choice":"Got Potions","damage_taken":0,"max_hp_gain":0,"max_hp_loss":0,"event_name":"Lab","floor":20,"gold_loss":0},{"damage_healed":0,"gold_gain":0,"player_choice":"Fight","damage_taken":0,"max_hp_gain":0,"max_hp_loss":0,"event_name":"Mysterious Sphere","floor":36,"gold_loss":0},{"damage_healed":20,"gold_gain":0,"player_choice":"Writhe","damage_taken":0,"max_hp_gain":0,"max_hp_loss":0,"event_name":"Winding Halls","floor":39,"gold_loss":0,"cards_obtained":["Writhe"]},{"damage_healed":0,"gold_gain":0,"player_choice":"Upgraded","damage_taken":0,"max_hp_gain":0,"max_hp_loss":0,"event_name":"Upgrade Shrine","floor":45,"gold_loss":0,"cards_upgraded":["StuffTheSpire:Ambrosia"]}],"is_beta":false,"boss_relics":[{"not_picked":["Empty Cage","halation:PinkAlligatorPlush"],"picked":"Replay:Ancient Bell"},{"not_picked":["hubris:TenFootPole","halation:PrussianBluePaint"],"picked":"Replay:Wax Seal"},{"not_picked":["Darkstone Periapt","hubris:DisguiseKit"],"picked":"infinitespire:Midas Blood"},{"not_picked":["halation:OrihimeAndHikoboshiSamaAndTears","halation:BlackBeret"],"picked":"StuffTheSpire:Nightcore"},{"not_picked":["Sozu","aspiration:WatcherSkillbook"],"picked":"Pandora\u0027s Box"}],"items_purged_floors":[22,22],"is_endless":true,"potions_floor_spawned":[2,6,16,18,28,36,48],"killed_by":"Awakened One","ascension_level":0}}