{"host":"o1scrl1hgy598kuq","time":1611217675,"event":{"mods":["BaseMod","Colored Map","Colored Powertips","Minty Spire (QoL Compilation)","Remilia??????","Replay The Spire","Shop Mod","StSLib","The Jungle","The Marked","The Servant 0.9.4"],"gold_per_floor":[110,110,121,136,136,167,185,185,234,234,234,234,244,263,263,368,468,482,258,278,278,193,121,136,136,163,180,180,0,0,0,0],"floor_reached":31,"language":"ENG","playtime":1572,"items_purged":["theMarked:LightningStrikesTwice"],"score":255,"play_id":"4bed2a6b-c85b-4b00-8e70-12bd1a7a4fb3","local_time":"20210121022755","is_ascension_mode":false,"campfire_choices":[{"floor":8,"key":"REST"},{"data":"theMarked:SoldierOfQuellstein","floor":12,"key":"SMITH"},{"floor":15,"key":"DIG"},{"floor":25,"key":"REST"}],"circlet_count":0,"master_deck":["theMarked:Strike+1","theMarked:Strike+1","theMarked:Strike+1","theMarked:Strike+1","theMarked:Strike+1","theMarked:Defend","theMarked:Defend+1","theMarked:Defend+1","theMarked:SoldierOfQuellstein+1","theMarked:Aftermath","theMarked:Polarize+1","theMarked:ReduceFriction+1","theMarked:ReduceFriction","theMarked:MysticalArsenal","theMarked:Opportunist","theMarked:EternalStudent+1","theMarked:WardOff+1","theMarked:Overcharge","theMarked:Reabsorb"],"relics":["theMarked:ArtifactOfAir","Replay:Bottled Eggs","Oddly Smooth Stone","Vajra","Lantern","Replay:Wanted Poster","Guide Book","Ring of Peace","Ring of Fury","PreservedInsect","Unceasing Top","Strawberry"],"acts_visited":["Exordium","TheCity"],"potions_floor_usage":[6,13,16,23,23,24],"damage_taken":[{"damage":1,"enemies":"Jaw Worm","floor":1,"turns":4},{"damage":0,"enemies":"Cultist","floor":3,"turns":4},{"damage":7,"enemies":"2 Louse","floor":4,"turns":2},{"damage":30,"enemies":"Gremlin Nob","floor":6,"turns":4},{"damage":15,"enemies":"Large Slime","floor":7,"turns":4},{"damage":0,"enemies":"Exordium Wildlife","floor":13,"turns":2},{"damage":9,"enemies":"Blue Slaver","floor":14,"turns":3},{"damage":13,"enemies":"Hexaghost","floor":16,"turns":9},{"damage":19,"enemies":"3 Byrds","floor":18,"turns":5},{"damage":16,"enemies":"2 Thieves","floor":20,"turns":3},{"damage":22,"enemies":"Gremlin Leader","floor":23,"turns":5},{"damage":14,"enemies":"Snake Plant","floor":24,"turns":4},{"damage":3,"enemies":"Centurion and Healer","floor":27,"turns":4},{"damage":33,"enemies":"Chosen and Byrds","floor":31,"turns":3}],"seed_played":"-2538816786036539419","potions_obtained":[{"floor":1,"key":"Elixir"},{"floor":4,"key":"Adrenaline Potion"},{"floor":6,"key":"Toxic Potion"},{"floor":16,"key":"SteroidPotion"},{"floor":20,"key":"AttackPotion"},{"floor":23,"key":"Block Potion"}],"is_trial":false,"path_per_floor":["M","?","M","M","?","E","M","R","T","?","?","R","M","M","R_BF","B",null,"M","$","M","?","?","E","M","R","T","M","T","?","?","M"],"character_chosen":"THE_DEFAULT","items_purchased":["Guide Book"],"campfire_rested":2,"item_purchase_floors":[19],"current_hp_per_floor":[76,61,61,54,54,24,9,32,32,32,29,29,29,20,20,7,77,58,58,42,42,42,20,6,29,36,33,33,33,33,0,0],"gold":0,"neow_bonus":"TEN_PERCENT_HP_BONUS","is_daily":false,"chose_seed":false,"campfire_upgraded":1,"win_rate":0.0,"timestamp":1611217675,"path_taken":["M","?","M","M","?","E","?","R","T","?","?","R","M","M","R_BF","BOSS","M","$","M","?","?","E","M","R","T","M","?","?","?","M"],"items_purchased_type":["Relic"],"build_version":"2020-12-22","purchased_purges":1,"victory":false,"max_hp_per_floor":[77,77,77,77,77,77,77,77,77,77,77,77,77,77,77,77,77,77,77,77,77,77,77,77,77,84,84,84,84,84,84,84],"card_choices":[{"not_picked":["theMarked:WastefulAttack","theMarked:Frustration"],"picked":"theMarked:LightningStrikesTwice","floor":1},{"not_picked":["theMarked:HeightenedSenses","theMarked:Standoff"],"picked":"theMarked:Aftermath","floor":3},{"not_picked":["theMarked:ElementalBlade","theMarked:SwordAndMagic"],"picked":"theMarked:Polarize","floor":4},{"not_picked":["theMarked:WastefulAttack","theMarked:Parkour"],"picked":"theMarked:ReduceFriction","floor":6},{"not_picked":["theMarked:BanishingStrike","theMarked:Static"],"picked":"theMarked:ReduceFriction","floor":7},{"not_picked":["theMarked:ElectricStrings","theMarked:RepellingDischarge"],"picked":"theMarked:MysticalArsenal","floor":13},{"not_picked":["theMarked:Parry","theMarked:Improvise"],"picked":"theMarked:Opportunist","floor":14},{"not_picked":["theMarked:SuspiciousRaven","theMarked:SoldierForm"],"picked":"theMarked:EternalStudent","floor":16},{"not_picked":["theMarked:KeepCalmAndFightOn","theMarked:AttractMetal"],"picked":"theMarked:WardOff+1","floor":18},{"not_picked":["theMarked:Static+1","theMarked:Frustration","theMarked:RepellingDischarge"],"picked":"SKIP","floor":20},{"not_picked":["theMarked:ElectricStrings","theMarked:AttractMetal","theMarked:DeterminationOfTheMarked"],"picked":"SKIP","floor":23},{"not_picked":["theMarked:CreepingChasm+1","theMarked:TwofoldDefense+1"],"picked":"theMarked:Overcharge","floor":24},{"not_picked":["theMarked:ElectricStrings","theMarked:Convert"],"picked":"theMarked:Reabsorb","floor":27}],"player_experience":201771,"relics_obtained":[{"floor":6,"key":"Replay:Bottled Eggs"},{"floor":9,"key":"Oddly Smooth Stone"},{"floor":15,"key":"Lantern"},{"floor":21,"key":"Ring of Peace"},{"floor":21,"key":"Ring of Fury"},{"floor":23,"key":"Unceasing Top"},{"floor":26,"key":"Strawberry"}],"event_choices":[{"damage_healed":0,"gold_gain":0,"player_choice":"Entered Light","damage_taken":15,"max_hp_gain":0,"max_hp_loss":0,"event_name":"Shining Light","floor":2,"gold_loss":0,"cards_upgraded":["theMarked:Defend","theMarked:Defend"]},{"damage_healed":0,"gold_gain":0,"player_choice":"Forge","damage_taken":0,"max_hp_gain":0,"max_hp_loss":0,"event_name":"Accursed Blacksmith","floor":5,"gold_loss":0,"cards_upgraded":["theMarked:Polarize"]},{"damage_healed":0,"gold_gain":0,"player_choice":"Success","damage_taken":3,"relics_obtained":["Vajra"],"max_hp_gain":0,"max_hp_loss":0,"event_name":"Scrap Ooze","floor":11,"gold_loss":0},{"damage_healed":0,"gold_gain":0,"player_choice":"Obtained Relic","damage_taken":0,"relics_obtained":["PreservedInsect"],"max_hp_gain":0,"max_hp_loss":0,"event_name":"Addict","floor":22,"gold_loss":85},{"damage_healed":0,"gold_gain":0,"player_choice":"Paid Fearfully","damage_taken":0,"max_hp_gain":0,"max_hp_loss":0,"event_name":"Masked Bandits","floor":29,"gold_loss":180},{"cards_removed":["theMarked:Seal"],"damage_healed":0,"gold_gain":0,"player_choice":"Elegance","damage_taken":0,"max_hp_gain":0,"max_hp_loss":0,"event_name":"Back to Basics","floor":30,"gold_loss":0}],"is_beta":false,"boss_relics":[{"not_picked":["Snecko Eye","ChewingGum"],"picked":"Replay:Wanted Poster"}],"items_purged_floors":[19],"is_endless":false,"potions_floor_spawned":[1,4,6,16,20,23],"killed_by":"Chosen and Byrds","ascension_level":0}}