{"host":"8i58hvcssdezoe94","time":1611212799,"event":{"mods":["Act Like it!","BaseMod","Colored Map","Conspire","Gensokyo","KinomotoSakuraMod(木之本樱)","Marisa（F雨　魔理沙）","Minty Spire (QoL Compilation)","Quick Restart","Remilia（蕾米莉亚）","Replay The Spire","StSLib","The Animator","The Bug Knight","The Construct","The Cursed","The Hierophant","The Jungle","The Servant 0.9.4"],"gold_per_floor":[116,116,116,116,116,116,149,33,79,113,127,127,127],"floor_reached":12,"language":"ZHS","playtime":211,"items_purged":[],"score":134,"play_id":"cd4f214a-0619-4caa-9243-f286a927bea0","local_time":"20210121150639","is_ascension_mode":false,"campfire_choices":[{"data":"Zap","floor":6,"key":"SMITH"}],"circlet_count":0,"master_deck":["Strike_B","Strike_B","Strike_B","Strike_B","Defend_B","Defend_B","Defend_B","Defend_B","Zap+1","Dualcast","Capacitor","Injury","Barrage","Gensokyo:TarnishedGold","Gensokyo:BlemishedSteel","ReplayTheSpireMod:Repulse","Streamline"],"relics":["Cracked Core","NeowsBlessing","Strawberry","Regal Pillow","Replay:Mystery Machine","Mirror"],"acts_visited":["Gensokyo:Gensokyo"],"potions_floor_usage":[],"damage_taken":[{"damage":0,"enemies":"Gensokyo:Gryphon","floor":1,"turns":1},{"damage":0,"enemies":"Gensokyo:Cirno","floor":7,"turns":2},{"damage":0,"enemies":"Gensokyo:Mamizou","floor":10,"turns":2},{"damage":8,"enemies":"Gensokyo:2_Kodama","floor":11,"turns":4},{"damage":0,"enemies":"Gensokyo:Cirno","floor":12,"turns":1}],"seed_played":"-3321864348983524914","potions_obtained":[{"floor":1,"key":"SpeedPotion"},{"floor":11,"key":"Fire Potion"}],"is_trial":false,"path_per_floor":["M","$","?","?","$","R","E","COS","T","E","M","E"],"character_chosen":"DEFECT","items_purchased":[],"campfire_rested":0,"item_purchase_floors":[],"current_hp_per_floor":[75,75,72,72,72,72,72,72,72,72,64,64,64],"gold":127,"neow_bonus":"THREE_ENEMY_KILL","is_daily":false,"chose_seed":false,"campfire_upgraded":1,"win_rate":0.0,"timestamp":1611212799,"path_taken":["M","?","?","?","?","R","E","COS","T","E","?","E"],"items_purchased_type":[],"build_version":"2020-12-22","purchased_purges":0,"victory":false,"max_hp_per_floor":[75,75,82,82,82,82,82,82,82,82,82,82,82],"card_choices":[{"not_picked":["Doom and Gloom","Beam Cell"],"picked":"Capacitor","floor":1},{"not_picked":["FTL","Coolheaded"],"picked":"Barrage","floor":7},{"not_picked":["ReplayTheSpireMod:System Scan","Beam Cell"],"picked":"ReplayTheSpireMod:Repulse","floor":10},{"not_picked":["Beam Cell","Go for the Eyes"],"picked":"Streamline","floor":11}],"player_experience":63837,"relics_obtained":[{"floor":7,"key":"Replay:Mystery Machine"},{"floor":10,"key":"Mirror"}],"event_choices":[],"is_beta":false,"boss_relics":[],"items_purged_floors":[],"is_endless":false,"potions_floor_spawned":[1,11],"killed_by":"Gensokyo:Cirno","ascension_level":0}}