{"host":"tem91ad8xsows22z","time":1611207875,"event":{"mods":["100% Spire Juice","ATMod(∞¢Ë™Mod)","AchievementEnabler","Arknights The Spire","BaseMod","BetterRewards","Dota2Spire","Downfall","Good Game Mod","Hermit","Hunter ¡‘»À","KomeijiMod","Marisa£®ÏF”Í°°ƒß¿Ì…≥£©","Minty Spire (QoL Compilation)","READ ME - Guardian Mod","SIMod","Spicy Shops","StSLib","SuperFastMode","The Administrix","The Blackbeard","The Bladedancer","The Bug Knight","The Construct","The Cursed","The Hierophant","The Poker Player","The Runesmith","The Servant 0.9.4"],"gold_per_floor":[117,117,117,132,60,89,89,124,202,202,214,214,227,244,244,347,347,360,360,378,91,105,105,105,105,105,105,134,134,134,134,134],"floor_reached":31,"language":"ZHS","playtime":1160,"items_purged":[],"score":266,"play_id":"85eec580-cc74-490f-ba7a-80273d5a2ddc","local_time":"20210121134435","is_ascension_mode":false,"campfire_choices":[{"data":"AT_OneInchPunch","floor":7,"key":"SMITH"},{"data":"Impervious","floor":12,"key":"SMITH"},{"data":"Evolve","floor":15,"key":"SMITH"},{"data":"Cleave","floor":23,"key":"SMITH"},{"data":"Limit Break","floor":25,"key":"SMITH"},{"data":"Cleave","floor":27,"key":"SMITH"},{"data":"Whirlwind","floor":30,"key":"SMITH"}],"circlet_count":0,"master_deck":["Strike_R","Strike_R","Strike_R","Strike_R","Strike_R","Defend_R","Bash","AT_OneInchPunch+1","Evolve+1","Defend_R","Whirlwind+1","Twin Strike","Impervious+1","Anger","Cleave+1","Limit Break+1","AT_BodySlamDance+1","Brutality+1","Entrench+1","Metallicize","Cleave+1","Searing Blow","Body Slam+1"],"relics":["Burning Blood","AT_ATBox","REME:ComplimentaryCards","Toy Ornithopter","Bottled Flame","InkBottle","Astrolabe","AT_Manta","Dota2Spire:DrumOfEndurance","Red Mask"],"acts_visited":["Exordium","TheCity"],"potions_floor_usage":[6,8,8,8,16,22],"damage_taken":[{"damage":11,"enemies":"Jaw Worm","floor":1,"turns":2},{"damage":0,"enemies":"Cultist","floor":4,"turns":2},{"damage":42,"enemies":"Lagavulin","floor":6,"turns":8},{"damage":0,"enemies":"Gremlin Nob","floor":8,"turns":2},{"damage":9,"enemies":"2 Louse","floor":11,"turns":2},{"damage":9,"enemies":"2 Fungi Beasts","floor":13,"turns":3},{"damage":0,"enemies":"Exordium Wildlife","floor":14,"turns":3},{"damage":59,"enemies":"Slime Boss","floor":16,"turns":10},{"damage":13,"enemies":"2 Thieves","floor":18,"turns":4},{"damage":3,"enemies":"Chosen","floor":20,"turns":4},{"damage":50,"enemies":"Snecko","floor":22,"turns":6},{"damage":31,"enemies":"Masked Bandits","floor":28,"turns":5},{"damage":14,"enemies":"Slavers","floor":31,"turns":1}],"seed_played":"-9031034108116385556","potions_obtained":[{"floor":4,"key":"EntropicBrew"},{"floor":13,"key":"AttackPotion"},{"floor":20,"key":"Regen Potion"},{"floor":28,"key":"Strength Potion"}],"is_trial":false,"path_per_floor":["M","?","?","M","$","E","R","E","T","?","M","R","M","M","R","B",null,"M","?","M","$","M","R","?","R","T","R","?","$","R","E"],"character_chosen":"IRONCLAD","items_purchased":["Whirlwind","AT_Manta"],"campfire_rested":0,"item_purchase_floors":[5,21],"current_hp_per_floor":[83,76,76,82,82,51,51,72,72,72,69,69,66,72,72,24,88,81,88,88,88,54,54,37,37,37,37,12,12,12,0,0],"gold":134,"neow_bonus":"TEN_PERCENT_HP_BONUS","is_daily":false,"chose_seed":false,"campfire_upgraded":7,"win_rate":0.0,"timestamp":1611207875,"path_taken":["M","?","?","?","$","E","R","E","T","?","M","R","M","M","R","BOSS","M","?","M","$","?","R","?","R","T","R","?","?","R","E"],"items_purchased_type":["Card","Relic"],"build_version":"2020-12-22","purchased_purges":0,"victory":false,"max_hp_per_floor":[88,88,88,88,88,88,88,88,88,88,88,88,88,88,88,88,88,88,88,88,88,88,88,93,93,93,93,93,93,93,93,93],"card_choices":[{"not_picked":["Warcry","Heavy Blade"],"picked":"Evolve","floor":1},{"not_picked":["Havoc","Flex"],"picked":"AT_ShrugMaster","floor":4},{"not_picked":["AT_ShrugMaster","Wild Strike"],"picked":"Hemokinesis","floor":6},{"not_picked":["Warcry","Bloodletting"],"picked":"Twin Strike","floor":8},{"not_picked":["Headbutt","Seeing Red"],"picked":"Impervious","floor":11},{"not_picked":["Pommel Strike","Ghostly Armor"],"picked":"Anger","floor":13},{"not_picked":["Thunderclap","Sword Boomerang"],"picked":"Cleave","floor":14},{"not_picked":["Brutality","AT_Dispersion"],"picked":"Limit Break","floor":16},{"not_picked":["Battle Trance","AT_CaressingTears"],"picked":"Metallicize","floor":18},{"not_picked":["Thunderclap","Infernal Blade"],"picked":"Cleave","floor":20},{"not_picked":["Wild Strike","Blood for Blood"],"picked":"Searing Blow","floor":22},{"not_picked":["Metallicize","Carnage"],"picked":"Body Slam+1","floor":28}],"player_experience":7587,"relics_obtained":[{"floor":6,"key":"Toy Ornithopter"},{"floor":8,"key":"Bottled Flame"},{"floor":9,"key":"InkBottle"},{"floor":26,"key":"Dota2Spire:DrumOfEndurance"},{"floor":28,"key":"Red Mask"}],"event_choices":[{"cards_removed":["Defend_R"],"damage_healed":0,"gold_gain":0,"player_choice":"Purged","damage_taken":0,"max_hp_gain":0,"max_hp_loss":0,"event_name":"Purifier","floor":3,"gold_loss":0},{"damage_healed":0,"gold_gain":0,"player_choice":"Ignored","damage_taken":0,"max_hp_gain":0,"max_hp_loss":0,"event_name":"Liars Game","floor":10,"gold_loss":0},{"cards_removed":["Hemokinesis"],"damage_healed":7,"gold_gain":0,"player_choice":"Offered Uncommon","damage_taken":0,"max_hp_gain":0,"max_hp_loss":0,"event_name":"Bonfire Elementals","floor":19,"gold_loss":0},{"damage_healed":0,"gold_gain":0,"player_choice":"Shed Blood","damage_taken":22,"max_hp_gain":5,"max_hp_loss":0,"event_name":"Forgotten Altar","floor":24,"gold_loss":0},{"damage_healed":0,"gold_gain":0,"player_choice":"Fought Bandits","damage_taken":0,"max_hp_gain":0,"max_hp_loss":0,"event_name":"Masked Bandits","floor":28,"gold_loss":0}],"is_beta":false,"boss_relics":[{"not_picked":["construct:ClawGrip","Coffee Dripper"],"picked":"Astrolabe"}],"items_purged_floors":[],"is_endless":false,"potions_floor_spawned":[4,13,20,28],"killed_by":"Slavers","ascension_level":0}}