{"host":"w8xisjf5mgmfjvmt","time":1611225357,"event":{"mods":["BaseMod","BetterRewards","Challenge The Spire","Conspire","Dota2Spire","Energized Spire","Filter the Spire","Minty Spire (QoL Compilation)","Quarter Circle Forward PUNCH!","Quick Restart","Relic Stats","Replay The Spire","Shop Mod","Spicy Shops","StSLib","Starting Relic: Pandora\u0027s Box","¡¾ÒÅÎï¿¨ÅÆ¡¿REMEMod","óô»ðÖ¸ÄÏ"],"gold_per_floor":[116,116,132,147,167,194,194,212,239,267,26,44,62,73,73,146,146,146,146],"floor_reached":18,"language":"ZHS","playtime":776,"items_purged":["Caltrops","Fluid Movement"],"score":352,"play_id":"8099da61-2ee5-452f-930b-5d94f8472476","local_time":"20210121183557","is_ascension_mode":true,"campfire_choices":[{"data":"Footwork","floor":7.0,"key":"SMITH"},{"data":"Replay:Poison Smokescreen","floor":7.0,"key":"SMITH"},{"data":"REME_LeechingPoison","floor":15,"key":"SMITH"},{"data":"Draining Mist","floor":15,"key":"SMITH"}],"circlet_count":0,"master_deck":["AscendersBane","Survivor","Neutralize","Cloak And Dagger","Underhanded Strike","Acrobatics","Expertise","Deadly Poison","Masterful Stab","Prepared","Quick Slash","REME_LeechingPoison+1","Footwork+1","Hidden Blade","Backflip","Poisoned Stab","Replay:Poison Smokescreen+1","Bouncing Flask","Noxious Fumes","Dodge and Roll","Draining Mist+1","Skewer","Night Terror"],"relics":["Pandora\u0027s Box","REME_ComplimentaryCards","Replay:Arrowhead","Oddly Smooth Stone","Orichalcum","Dota2Spire:PhaseBoots","MawBank","conspire:SeveredTorchhead"],"acts_visited":["Exordium","TheCity"],"potions_floor_usage":[14],"damage_taken":[{"damage":0.0,"enemies":"Cultist","floor":1.0,"turns":2.0},{"damage":4.0,"enemies":"Small Slimes","floor":3.0,"turns":4.0},{"damage":7.0,"enemies":"2 Louse","floor":4.0,"turns":3.0},{"damage":7.0,"enemies":"Exordium Wildlife","floor":5.0,"turns":6.0},{"damage":22.0,"enemies":"Lagavulin","floor":6.0,"turns":6.0},{"damage":6.0,"enemies":"Exordium Thugs","floor":8.0,"turns":5.0},{"damage":15.0,"enemies":"3 Sentries","floor":10.0,"turns":7.0},{"damage":1,"enemies":"Blue Slaver","floor":12,"turns":3},{"damage":1,"enemies":"2 Fungi Beasts","floor":13,"turns":4},{"damage":7,"enemies":"3 Louse","floor":14,"turns":5},{"damage":2,"enemies":"Hexaghost","floor":16,"turns":8},{"damage":0,"enemies":"2 Thieves","floor":18,"turns":1}],"seed_played":"6523994399677771062","potions_obtained":[{"floor":1.0,"key":"Cursed Concoction"},{"floor":3.0,"key":"Toxic Potion"},{"floor":12,"key":"Adrenaline Potion"},{"floor":16,"key":"Adrenaline Potion"}],"is_trial":false,"path_per_floor":["M","?","M","M","M","E","R","M","T","E","$","M","M","M","R","B",null,"M"],"character_chosen":"THE_SILENT","items_purchased":["Noxious Fumes"],"campfire_rested":0,"item_purchase_floors":[11],"current_hp_per_floor":[59,59,55,53,49,27,27,21,21,18,18,17,16,13,13,25,51,51,51],"gold":146,"neow_bonus":"ONE_RARE_RELIC","is_daily":false,"chose_seed":false,"campfire_upgraded":4,"win_rate":0.0,"timestamp":1611225357,"path_taken":["M","?","M","M","M","E","R","M","T","E","$","M","M","?","R","BOSS","M"],"items_purchased_type":["Card"],"build_version":"2020-12-22","purchased_purges":2,"victory":false,"max_hp_per_floor":[60,60,60,60,60,60,60,60,60,60,60,60,60,60,60,60,60,60,60],"relic_stats":{"counters":[12,54],"Pandora\u0027s Box":[],"Orichalcum":[36],"MawBank":12,"obtain_stats":[{"conspire:SeveredTorchhead":17,"Oddly Smooth Stone":2,"Pandora\u0027s Box":0,"Orichalcum":6,"MawBank":10,"Replay:Arrowhead":0,"REME_ComplimentaryCards":0,"Dota2Spire:PhaseBoots":9},{"conspire:SeveredTorchhead":11,"Oddly Smooth Stone":1,"Pandora\u0027s Box":0,"Orichalcum":5,"MawBank":7,"Replay:Arrowhead":0,"REME_ComplimentaryCards":0,"Dota2Spire:PhaseBoots":6},{"conspire:SeveredTorchhead":53,"Oddly Smooth Stone":2,"Pandora\u0027s Box":0,"Orichalcum":21,"MawBank":33,"Replay:Arrowhead":0,"REME_ComplimentaryCards":0,"Dota2Spire:PhaseBoots":26}]},"card_choices":[{"not_picked":["Prepared","Quick Slash"],"picked":"Footwork","floor":1.0},{"not_picked":["Finisher","ReplayTheSpireMod:Exploit Weakness"],"picked":"Hidden Blade","floor":3.0},{"not_picked":["Underhanded Strike","PiercingWail"],"picked":"Backflip","floor":4.0},{"not_picked":["Heel Hook","Quick Slash"],"picked":"Poisoned Stab","floor":5.0},{"not_picked":["Burst","conspire:PoisonWeapons"],"picked":"Replay:Poison Smokescreen","floor":6.0},{"not_picked":["Prepared","conspire:PoisonWeapons","Cloak And Dagger"],"picked":"SKIP","floor":8.0},{"not_picked":["Fluid Movement","Bane"],"picked":"Bouncing Flask","floor":10.0},{"not_picked":["Blade Dance","Sucker Punch"],"picked":"Dodge and Roll","floor":12},{"not_picked":["Quick Slash","Backflip"],"picked":"Draining Mist","floor":13},{"not_picked":["Dagger Throw","Blur"],"picked":"Skewer","floor":14},{"not_picked":["Adrenaline","Grand Finale"],"picked":"Night Terror","floor":16}],"player_experience":1193846,"relics_obtained":[{"floor":6.0,"key":"Orichalcum"},{"floor":9.0,"key":"Dota2Spire:PhaseBoots"},{"floor":10.0,"key":"MawBank"}],"event_choices":[{"damage_healed":0.0,"max_hp_gain":0.0,"max_hp_loss":0.0,"gold_gain":0.0,"event_name":"WeMeetAgain","player_choice":"Gave Potion","floor":2.0,"gold_loss":0.0,"damage_taken":0.0,"relics_obtained":["Oddly Smooth Stone"]}],"is_beta":false,"boss_relics":[{"not_picked":["HoveringKite","Replay:Drink Me"],"picked":"conspire:SeveredTorchhead"}],"items_purged_floors":[11,11],"is_endless":false,"potions_floor_spawned":[1,3,12,16],"killed_by":"2 Thieves","ascension_level":20}}