{"host":"gqhy17d1xpb1p3ki","time":1611194333,"event":{"mods":["2.2 Compatiblity","AchievementEnabler","BaseMod","Bestiary","Colored Map","Colored Powertips","Curses Come First","Downfall","Duelist Mod","Hermit","Marisa????????","Minty Spire (QoL Compilation)","Rare Cards Sparkle","Shop Mod","StSLib","The Animator","The Bug Knight","The Cursed","The Disciple","The Hierophant","The Necromancer","The Runesmith","The Servant 0.9.4","Yuri Mod"],"gold_per_floor":[99,112,112,112,132,132,158,158,158,258,258,275,288,305,316,316,316],"floor_reached":16,"language":"ENG","playtime":714,"items_purged":[],"score":92,"play_id":"0f411a22-6bc9-43c2-9cb0-0f87a46f6104","local_time":"20210120205853","is_ascension_mode":false,"campfire_choices":[{"data":"HollowMod:FocusHealStart","floor":1.0,"key":"SMITH"},{"data":"HollowMod:HowlingWraiths","floor":6.0,"key":"SMITH"},{"data":"HollowMod:DashSlash","floor":9.0,"key":"SMITH"},{"data":"HollowMod:SoulVessel","floor":11.0,"key":"SMITH"}],"circlet_count":0,"master_deck":["HollowMod:NailStrikeStart+1","HollowMod:NailStrikeStart+1","HollowMod:NailStrikeStart","HollowMod:NailStrikeStart","HollowMod:QuickDashStart","HollowMod:QuickDashStart","HollowMod:QuickDashStart+1","HollowMod:QuickDashStart","HollowMod:FocusHealStart+1","HollowMod:PogoStrike","HollowMod:DashSlash+1","HollowMod:SoulVessel+1","downfall:Malfunctioning","HollowMod:HowlingWraiths+1","HollowMod:VengefulVoid","HollowMod:DoubleDash","HollowMod:theNailsmith"],"relics":["HollowMod:VesselMask","HollowMod:PaleOreRelic","Oddly Smooth Stone","PreservedInsect"],"acts_visited":["Exordium"],"potions_floor_usage":[],"damage_taken":[{"damage":1.0,"enemies":"Cultist","floor":2.0,"turns":3.0},{"damage":3.0,"enemies":"Jaw Worm","floor":5.0,"turns":3.0},{"damage":0.0,"enemies":"Small Slimes","floor":12.0,"turns":3.0},{"damage":5.0,"enemies":"Blue Slaver","floor":13.0,"turns":3.0},{"damage":0.0,"enemies":"Large Slime","floor":14.0,"turns":3.0},{"damage":0.0,"enemies":"Blue Slaver","floor":15.0,"turns":2.0},{"damage":0,"enemies":"DF_ARCHETYPE_STREAMLINE","floor":16,"turns":1}],"seed_played":"7726038657655133998","potions_obtained":[{"floor":2.0,"key":"SpeedPotion"},{"floor":12.0,"key":"champ:CounterPotion"},{"floor":13.0,"key":"DuplicationPotion"}],"is_trial":false,"path_per_floor":["R","M","?","?","M","R","T","T","R","?","R","M","M","M","M","B"],"character_chosen":"THE_BUGKNIGHT","items_purchased":[],"campfire_rested":0,"item_purchase_floors":[],"current_hp_per_floor":[75,75,57,57,60,60,60,60,60,60,60,66,67,73,73,73,73],"gold":316,"neow_bonus":"THREE_CARDS","is_daily":false,"chose_seed":false,"campfire_upgraded":4,"win_rate":0.0,"timestamp":1611194333,"path_taken":["R","M","?","?","M","R","T","?","R","?","R","M","M","M","M","BOSS"],"items_purchased_type":[],"build_version":"2020-12-22","purchased_purges":0,"victory":false,"max_hp_per_floor":[75,75,75,75,75,75,75,75,75,75,75,75,75,75,75,75,75],"card_choices":[{"not_picked":["HollowMod:SiblingsSouls","HollowMod:HowlingWraiths"],"picked":"HollowMod:DashSlash","floor":0.0},{"not_picked":["HollowMod:DungDefenderAura","HollowMod:SiblingsShadow"],"picked":"HollowMod:SoulVessel","floor":2.0},{"not_picked":["HollowMod:VengefulVoid","HollowMod:HuntersJournal"],"picked":"HollowMod:HowlingWraiths","floor":5.0},{"not_picked":["HollowMod:DesolateDive","HollowMod:ShadowDash"],"picked":"HollowMod:VengefulVoid","floor":12.0},{"not_picked":["HollowMod:MonarchWings","HollowMod:GoodIntentions"],"picked":"HollowMod:DoubleDash","floor":13.0},{"not_picked":["HollowMod:WraithStrike","HollowMod:CloakDash"],"picked":"HollowMod:theNailsmith","floor":14.0},{"not_picked":["HollowMod:TaintedHusks","HollowMod:LifebloodCocoon","HollowMod:SoulEater"],"picked":"SKIP","floor":15.0}],"player_experience":400638,"relics_obtained":[{"floor":7.0,"key":"Oddly Smooth Stone"},{"floor":8.0,"key":"PreservedInsect"}],"event_choices":[{"damage_healed":0.0,"max_hp_gain":0.0,"max_hp_loss":0.0,"gold_gain":0.0,"event_name":"Scrap Ooze","player_choice":"Success","floor":3.0,"gold_loss":0.0,"damage_taken":18.0,"relics_obtained":["HollowMod:PaleOreRelic"]}],"is_beta":false,"boss_relics":[],"items_purged_floors":[],"is_endless":false,"potions_floor_spawned":[2,12,13,15],"killed_by":"DF_ARCHETYPE_STREAMLINE","ascension_level":0}}