{"host":"xc18ixkpjvqrt8st","time":1611270228,"event":{"mods":["Act Like it!","BaseMod","Better Match","Better Third Choice","Conspire","Hallownest","Hermit","Hubris","Infinite Spire","Minty Spire (QoL Compilation)","Replay The Spire","Robot Space Explorer","Shop Mod","Spicy Shops","StSLib","The Animator","The Jungle","The Marked"],"gold_per_floor":[114,29,59,77,102,102,102],"floor_reached":6,"language":"ENG","playtime":369,"items_purged":[],"score":40,"play_id":"d315cf95-9cb5-4928-9ccc-afca4188f763","local_time":"20210121170348","is_ascension_mode":true,"campfire_choices":[],"circlet_count":0,"master_deck":["animator:Strike_OnePunchMan","animator:Defend_OnePunchMan","animator:Strike","animator:Strike","animator:Strike","animator:Defend","animator:Defend","animator:Defend","animator:Genos","animator:MumenRider","animator:Verdia","animator:MisakiNakahara","animator:Hakurou","animator:ZankiKiguchi","animator:Geryuganshoop"],"relics":["animator:LivingPicture","animator:TheMissingPiece"],"acts_visited":["Exordium"],"potions_floor_usage":[6,6],"damage_taken":[{"damage":1,"enemies":"Jaw Worm","floor":1,"turns":2},{"damage":4,"enemies":"2 Louse","floor":3,"turns":5},{"damage":4,"enemies":"Cultist","floor":4,"turns":4},{"damage":26,"enemies":"Large Slime","floor":5,"turns":7},{"damage":62,"enemies":"Gremlin Nob","floor":6,"turns":5}],"seed_played":"7587413752621530352","potions_obtained":[{"floor":3,"key":"LiquidMemories"},{"floor":4,"key":"Venom Potion"}],"is_trial":false,"path_per_floor":["M","$","M","M","M","E"],"character_chosen":"THE_ANIMATOR","items_purchased":["animator:MisakiNakahara"],"campfire_rested":0,"item_purchase_floors":[2],"current_hp_per_floor":[71,71,67,63,37,0,0],"gold":102,"neow_bonus":"TEN_PERCENT_HP_BONUS","is_daily":false,"chose_seed":false,"campfire_upgraded":0,"win_rate":0.0,"timestamp":1611270228,"path_taken":["M","$","M","M","M","E"],"items_purchased_type":["Card"],"build_version":"2020-12-22","purchased_purges":0,"victory":false,"max_hp_per_floor":[72,72,72,72,72,72,72],"card_choices":[{"not_picked":["animator:Evileye","animator:Emonzaemon"],"picked":"animator:Verdia","floor":1},{"not_picked":["animator:Megumin","animator:FielNirvalen"],"picked":"animator:Hakurou","floor":3},{"not_picked":["animator:ElricAlphonse","animator:PandorasActor"],"picked":"animator:ZankiKiguchi","floor":4},{"not_picked":["animator:MumenRider","animator:Tatsumaki"],"picked":"animator:Geryuganshoop","floor":5}],"player_experience":576172,"relics_obtained":[],"event_choices":[],"is_beta":false,"boss_relics":[],"items_purged_floors":[],"is_endless":false,"potions_floor_spawned":[3,4],"killed_by":"Gremlin Nob","ascension_level":1}}