{"host":"sav7uxregyirlf69","time":1611226396,"event":{"mods":["AchievementEnabler","BaseMod","Colored Map","DeckTracker","Keyboard Shortcuts","Minty Spire (QoL Compilation)","READ ME - Guardian Mod","StSLib","SuperFastMode"],"gold_per_floor":[111,111,36,51,51,51,84,94,118,118,132,132,143,163,163,238,238,254,169,169,169,169,169],"floor_reached":22,"language":"KOR","playtime":325,"items_purged":["Strike_R"],"score":418,"play_id":"60cef5cb-6b86-4888-9fa3-044fc32c744c","local_time":"20210121195316","is_ascension_mode":true,"campfire_choices":[{"data":"Second Wind","floor":6.0,"key":"SMITH"},{"data":"Uppercut","floor":12.0,"key":"SMITH"},{"data":"Carnage","floor":15.0,"key":"SMITH"}],"circlet_count":0,"master_deck":["AscendersBane","Strike_R","Strike_R","Strike_R","Defend_R+1","Defend_R","Defend_R","Defend_R+1","Bash","Second Wind+1","Shrug It Off","Uppercut+1","Carnage+1","Barricade","Sentinel","Ghostly","Ghostly","Ghostly"],"relics":["Burning Blood","NeowsBlessing","Boot","Blood Vial","Runic Pyramid","Question Card"],"acts_visited":["Exordium","TheCity"],"potions_floor_usage":[22],"damage_taken":[{"damage":0.0,"enemies":"Small Slimes","floor":1.0,"turns":1.0},{"damage":0.0,"enemies":"Cultist","floor":4.0,"turns":1.0},{"damage":0.0,"enemies":"Gremlin Nob","floor":7.0,"turns":1.0},{"damage":0.0,"enemies":"Jaw Worm","floor":8.0,"turns":4.0},{"damage":0.0,"enemies":"3 Louse","floor":11.0,"turns":5.0},{"damage":1.0,"enemies":"Exordium Wildlife","floor":13.0,"turns":5.0},{"damage":4.0,"enemies":"Large Slime","floor":14.0,"turns":4.0},{"damage":57.0,"enemies":"Hexaghost","floor":16.0,"turns":10.0},{"damage":30.0,"enemies":"Spheric Guardian","floor":18.0,"turns":6.0},{"damage":38,"enemies":"3 Byrds","floor":22,"turns":8}],"seed_played":"4089114237090481820","potions_obtained":[{"floor":4.0,"key":"ColorlessPotion"},{"floor":8.0,"key":"ColorlessPotion"},{"floor":13.0,"key":"DistilledChaos"},{"floor":16.0,"key":"Ancient Potion"}],"is_trial":false,"path_per_floor":["M","?","$","M","$","R","E","M","T","?","M","R","M","M","R","B",null,"M","$","?","?","M"],"character_chosen":"IRONCLAD","items_purchased":["Sentinel"],"campfire_rested":0,"item_purchase_floors":[19],"current_hp_per_floor":[74,74,74,75,75,75,75,75,75,52,60,60,67,71,71,22,62,40,40,37,37,0,0],"gold":169,"neow_bonus":"THREE_ENEMY_KILL","is_daily":false,"chose_seed":false,"campfire_upgraded":3,"win_rate":0.0,"timestamp":1611226396,"path_taken":["M","?","?","?","$","R","E","M","T","?","M","R","M","M","R","BOSS","M","$","?","?","?"],"items_purchased_type":["Card"],"build_version":"2020-12-22","purchased_purges":1,"victory":false,"max_hp_per_floor":[75,75,75,75,75,75,75,75,75,75,75,75,75,75,75,75,75,75,75,37,37,37,37],"card_choices":[{"not_picked":["Armaments","Havoc"],"picked":"Second Wind","floor":1.0},{"not_picked":["Cleave","True Grit","Headbutt"],"picked":"SKIP","floor":4.0},{"not_picked":["True Grit","Thunderclap","Heavy Blade"],"picked":"SKIP","floor":7.0},{"not_picked":["Thunderclap","Pommel Strike"],"picked":"Shrug It Off","floor":8.0},{"not_picked":["Bloodletting","Flex"],"picked":"Uppercut","floor":11.0},{"not_picked":["Hemokinesis","Dual Wield"],"picked":"Carnage","floor":13.0},{"not_picked":["Perfected Strike","Whirlwind","Iron Wave"],"picked":"SKIP","floor":14.0},{"not_picked":["Reaper","Impervious"],"picked":"Barricade","floor":16.0},{"not_picked":["Anger","Metallicize","Cleave"],"picked":"SKIP","floor":18.0}],"player_experience":1345814,"relics_obtained":[{"floor":7.0,"key":"Boot"},{"floor":9.0,"key":"Blood Vial"},{"floor":21,"key":"Question Card"}],"event_choices":[{"cards_removed":["Strike_R"],"damage_healed":0.0,"max_hp_gain":0.0,"max_hp_loss":0.0,"gold_gain":0.0,"event_name":"Bonfire Elementals","player_choice":"Offered Basic","floor":2.0,"gold_loss":0.0,"damage_taken":0.0},{"damage_healed":0.0,"max_hp_gain":0.0,"max_hp_loss":0.0,"gold_gain":0.0,"event_name":"Shining Light","player_choice":"Entered Light","floor":10.0,"gold_loss":0.0,"damage_taken":23.0,"cards_upgraded":["Defend_R","Defend_R"]},{"damage_healed":0,"gold_gain":0,"player_choice":"Became a Ghost","damage_taken":0,"max_hp_gain":0,"max_hp_loss":38,"event_name":"Ghosts","floor":20,"gold_loss":0,"cards_obtained":["Ghostly","Ghostly","Ghostly"]},{"damage_healed":0,"gold_gain":0,"player_choice":"Relic","damage_taken":0,"max_hp_gain":0,"max_hp_loss":0,"event_name":"Wheel of Change","floor":21,"gold_loss":0}],"is_beta":false,"boss_relics":[{"not_picked":["Coffee Dripper","Snecko Eye"],"picked":"Runic Pyramid"}],"items_purged_floors":[3],"is_endless":false,"potions_floor_spawned":[4,8,13,14,16,18],"killed_by":"3 Byrds","ascension_level":20}}