{"host":"nnxvcju6x1qybncj","time":1611253012,"event":{"mods":["BaseMod","Block Reminder","Curses Come First","Custom Start","Dark Map","Displayed Cursed Tome","Downfall","Evolution","Jorbs\u0027s Wanderer Trilogy","Minty Spire (QoL Compilation)","Quick Restart","Relic Stats","StSLib"],"gold_per_floor":[112,71,84,84,99,127,127,152,206,225,140,9,9,26,26,103,103,103,0,0,0,0,0,0,0],"floor_reached":24,"language":"ENG","playtime":1153,"items_purged":[],"score":470,"play_id":"0eebc9a6-2829-456c-a0e5-ceaf422d1a77","local_time":"20210121191652","is_ascension_mode":true,"campfire_choices":[{"floor":7,"key":"REST"},{"data":"True Grit","floor":15,"key":"SMITH"},{"floor":23,"key":"REST"}],"circlet_count":0,"master_deck":["AscendersBane","Headbutt","Thunderclap","Headbutt","Thunderclap","Headbutt","True Grit","Defend_R","Defend_R","Defend_R","Bash+1","Metallicize","Inflame","Intimidate","Shrug It Off","Feed","Shockwave","Metallicize","True Grit+1","Shrug It Off","Barricade","Body Slam","Flame Barrier"],"relics":["EVO:Axolotl","SacredBark","Darkstone Periapt","Tiny Chest","Juzu Bracelet","Ectoplasm","Ancient Tea Set"],"acts_visited":["Exordium","TheCity"],"potions_floor_usage":[8,10,16,16,18],"damage_taken":[{"damage":1,"enemies":"Cultist","floor":1,"turns":3},{"damage":11,"enemies":"Jaw Worm","floor":3,"turns":4},{"damage":0,"enemies":"2 Louse","floor":5,"turns":3},{"damage":25,"enemies":"3 Sentries","floor":6,"turns":7},{"damage":7,"enemies":"Gremlin Nob","floor":8,"turns":3},{"damage":10,"enemies":"Blue Slaver","floor":10,"turns":5},{"damage":11,"enemies":"2 Fungi Beasts","floor":14,"turns":4},{"damage":0,"enemies":"Slime Boss","floor":16,"turns":5},{"damage":0,"enemies":"Shell Parasite","floor":18,"turns":8},{"damage":33,"enemies":"Chosen","floor":22,"turns":6},{"damage":66,"enemies":"Book of Stabbing","floor":24,"turns":8}],"seed_played":"73998648157344130","potions_obtained":[{"floor":1,"key":"Fire Potion"},{"floor":3,"key":"SpeedPotion"},{"floor":10,"key":"Strength Potion"},{"floor":14,"key":"Fire Potion"},{"floor":16,"key":"HeartOfIron"}],"is_trial":false,"path_per_floor":["M","$","M","?","M","E","R","E","T","M","$","$","?","M","R","B",null,"M","?","$","T","M","R","E"],"character_chosen":"IRONCLAD","items_purchased":["Inflame","Shockwave","Metallicize","True Grit"],"campfire_rested":2,"item_purchase_floors":[2,11,12,12],"current_hp_per_floor":[67,67,56,56,56,31,53,46,46,36,36,36,61,53,53,53,72,72,72,72,72,39,62,0,0],"gold":0,"neow_bonus":"BOSS_RELIC","is_daily":false,"chose_seed":false,"campfire_upgraded":1,"win_rate":0.0,"timestamp":1611253012,"path_taken":["M","?","M","?","?","E","R","E","T","M","?","$","?","M","R","BOSS","M","?","$","?","M","R","E"],"items_purchased_type":["Card","Card","Card","Card"],"build_version":"2020-12-22","purchased_purges":0,"victory":false,"max_hp_per_floor":[75,75,75,75,75,75,75,75,75,75,75,75,75,78,78,78,78,78,78,78,78,78,78,78,78],"relic_stats":{"Darkstone Periapt":0,"counters":[11,56],"Tiny Chest":1,"Ectoplasm":57,"Juzu Bracelet":0,"obtain_stats":[{"Darkstone Periapt":6,"SacredBark":0,"Tiny Chest":8,"Ectoplasm":17,"Juzu Bracelet":9,"EVO:Axolotl":0,"Ancient Tea Set":21,"Burning Blood":0},{"Darkstone Periapt":4,"SacredBark":0,"Tiny Chest":5,"Ectoplasm":8,"Juzu Bracelet":5,"EVO:Axolotl":0,"Ancient Tea Set":9,"Burning Blood":0},{"Darkstone Periapt":17,"SacredBark":0,"Tiny Chest":20,"Ectoplasm":34,"Juzu Bracelet":20,"EVO:Axolotl":0,"Ancient Tea Set":42,"Burning Blood":0}]},"card_choices":[{"not_picked":["Burning Pact","Flex"],"picked":"Metallicize","floor":1},{"not_picked":["Clash","Wild Strike","Flex"],"picked":"SKIP","floor":3},{"not_picked":["Hemokinesis","Thunderclap"],"picked":"Intimidate","floor":5},{"not_picked":["Dark Embrace","Armaments"],"picked":"Shrug It Off","floor":6},{"not_picked":["Wild Strike","Perfected Strike"],"picked":"Feed","floor":8},{"not_picked":["Dropkick","Dual Wield","Havoc"],"picked":"SKIP","floor":10},{"not_picked":["Evolve","Combust"],"picked":"Shrug It Off","floor":14},{"not_picked":["Double Tap","Corruption"],"picked":"Barricade","floor":16},{"not_picked":["Bloodletting","Warcry"],"picked":"Body Slam","floor":18},{"not_picked":["Body Slam","Anger+1"],"picked":"Flame Barrier","floor":22}],"player_experience":704152,"relics_obtained":[{"floor":6,"key":"Darkstone Periapt"},{"floor":8,"key":"Tiny Chest"},{"floor":9,"key":"Juzu Bracelet"},{"floor":21,"key":"Ancient Tea Set"}],"event_choices":[{"damage_healed":0,"gold_gain":0,"player_choice":"Forge","damage_taken":0,"max_hp_gain":0,"max_hp_loss":0,"event_name":"Accursed Blacksmith","floor":4,"gold_loss":0,"cards_upgraded":["Bash"]},{"damage_healed":25,"gold_gain":0,"player_choice":"Banana","damage_taken":0,"max_hp_gain":0,"max_hp_loss":0,"event_name":"Big Fish","floor":13,"gold_loss":0},{"damage_healed":0,"gold_gain":0,"player_choice":"Paid Fearfully","damage_taken":0,"max_hp_gain":0,"max_hp_loss":0,"event_name":"Masked Bandits","floor":19,"gold_loss":103}],"is_beta":false,"boss_relics":[{"not_picked":["Astrolabe","Empty Cage"],"picked":"Ectoplasm"}],"items_purged_floors":[],"is_endless":false,"potions_floor_spawned":[1,3,10,14,16],"killed_by":"Book of Stabbing","ascension_level":17}}