{"host":"8i58hvcssdezoe94","time":1611215655,"event":{"mods":["Act Like it!","BaseMod","Colored Map","Conspire","Gensokyo","KinomotoSakuraMod(木之本樱)","Marisa（F雨　魔理沙）","Minty Spire (QoL Compilation)","Quick Restart","Remilia（蕾米莉亚）","Replay The Spire","StSLib","The Animator","The Bug Knight","The Construct","The Cursed","The Hierophant","The Jungle","The Servant 0.9.4"],"gold_per_floor":[109,109,109,3,17,17,27,27,27,256,96,116,131,157,157,262,262,276,311,330,34,34,34,84,84,132,177,193,193,220,220,220,336,336,372,399,424,424,424,424,424,432,432],"floor_reached":42,"language":"ZHS","playtime":2845,"items_purged":[],"score":769,"play_id":"0019fa0e-f79e-4296-bb69-c0fa111cb242","local_time":"20210121155415","is_ascension_mode":false,"campfire_choices":[{"floor":6,"key":"RECALL"},{"data":"ReplayTheSpireMod:Dual Polarity","floor":15,"key":"SMITH"},{"data":"Hello World","floor":23,"key":"SMITH"},{"data":"Capacitor","floor":25,"key":"SMITH"},{"data":"Loop","floor":29,"key":"SMITH"},{"data":"ReplayTheSpireMod:Calculation Training","floor":32,"key":"SMITH"},{"floor":40,"key":"REST"}],"circlet_count":0,"master_deck":["Strike_B+1","Strike_B","Strike_B","Strike_B+1","Defend_B","Defend_B+1","Defend_B","Defend_B","Zap","Dualcast","Barrage","ReplayTheSpireMod:Dual Polarity+1","Streamline","Cold Snap","Echo Form","Self Repair","Panic Button","Auto Shields","Genetic Algorithm","Capacitor+1","Rainbow","Cold Snap","Capacitor","Hello World+1","BootSequence+1","Sweeping Beam+1","Rebound+1","Leap","Defragment+1","ReplayTheSpireMod:Calculation Training+1","Loop+1","Go for the Eyes+1","Loop+1","Biased Cognition","Go for the Eyes","Conserve Battery","Time Bomb+1","Ball Lightning","Redo+1","Go for the Eyes+1","Panic Button","ReplayTheSpireMod:Necrogeddon"],"relics":["Cracked Core","NeowsBlessing","Prayer Wheel","Gremlin Food","Nilry\u0027s Codex","Girya","Durian","Prayer Wheel","Nuclear Battery","Matryoshka","FossilizedHelix","Replay:Bandana","Unceasing Top","Simple Rune","Replay:Rubber Ducky","Replay:Mystery Machine"],"acts_visited":["Gensokyo:Gensokyo","TheCity","TheBeyond"],"potions_floor_usage":[],"damage_taken":[{"damage":0,"enemies":"Gensokyo:Gryphon","floor":1,"turns":1},{"damage":0,"enemies":"Gensokyo:Python","floor":5,"turns":1},{"damage":0,"enemies":"Gensokyo:2_Kodama","floor":7,"turns":1},{"damage":8,"enemies":"Gensokyo:Mamizou","floor":10,"turns":9},{"damage":13,"enemies":"Gensokyo:2_Rabbits","floor":12,"turns":4},{"damage":0,"enemies":"Gensokyo:Python_and_Kodama","floor":13,"turns":4},{"damage":15,"enemies":"Gensokyo:Cirno","floor":14,"turns":7},{"damage":27,"enemies":"Gensokyo:Yukari","floor":16,"turns":9},{"damage":16,"enemies":"3 Byrds","floor":18,"turns":4},{"damage":18,"enemies":"conspire:MimicChest","floor":19,"turns":5},{"damage":8,"enemies":"Shell Parasite","floor":20,"turns":7},{"damage":0,"enemies":"conspire:Head Lice","floor":24,"turns":6},{"damage":0,"enemies":"conspire:SneckoGhost","floor":27,"turns":8},{"damage":0,"enemies":"Shelled Parasite and Fungi","floor":28,"turns":6},{"damage":0,"enemies":"Snake Plant","floor":30,"turns":6},{"damage":0,"enemies":"Pondfish","floor":33,"turns":11},{"damage":0,"enemies":"3 Shapes","floor":35,"turns":5},{"damage":13,"enemies":"3 Darklings","floor":36,"turns":6},{"damage":49,"enemies":"Transient","floor":37,"turns":5},{"damage":50,"enemies":"Sphere and 2 Shapes","floor":42,"turns":4}],"seed_played":"1667644040885246046","potions_obtained":[{"floor":5,"key":"LifebloodPotion"},{"floor":10,"key":"DuplicationPotion"},{"floor":12,"key":"FearPotion"},{"floor":27,"key":"Swift Potion"}],"is_trial":false,"path_per_floor":["M","?","?","COS","M","R","M","?","T","E","?","M","M","E","R_BF","B",null,"M","?","M","$","?","R","E","R","T","E","M","R","M","?","R","B",null,"M","M","M","?","?","R","?","M"],"character_chosen":"DEFECT","items_purchased":["FossilizedHelix"],"campfire_rested":1,"item_purchase_floors":[21],"current_hp_per_floor":[75,75,75,75,75,75,75,75,75,67,67,54,61,58,58,45,80,64,46,45,45,45,45,59,59,59,73,80,80,80,80,80,80,80,80,74,25,25,25,49,49,0,0],"gold":432,"neow_bonus":"THREE_ENEMY_KILL","is_daily":false,"chose_seed":false,"campfire_upgraded":5,"win_rate":0.0,"timestamp":1611215655,"path_taken":["M","?","?","COS","M","R","?","?","T","E","?","M","M","E","R_BF","BOSS","M","?","M","$","?","R","E","R","T","E","M","R","?","?","R","BOSS","M","?","M","?","?","R","?","M"],"items_purchased_type":["Relic"],"build_version":"2020-12-22","purchased_purges":0,"victory":false,"max_hp_per_floor":[75,75,75,75,75,75,75,75,75,75,75,75,75,80,80,80,80,80,80,80,80,80,80,80,80,80,80,80,80,80,80,80,80,80,80,80,80,80,80,80,80,80,80],"card_choices":[{"not_picked":["Beam Cell","Go for the Eyes"],"picked":"Barrage","floor":1},{"not_picked":["Steam","Barrage"],"picked":"ReplayTheSpireMod:Dual Polarity","floor":5},{"not_picked":["Fission","Barrage"],"picked":"Streamline","floor":5},{"not_picked":["Turbo","ReplaySolidLightProjector"],"picked":"Cold Snap","floor":7},{"not_picked":["Force Field","Panic Button","Rebound"],"picked":"SKIP","floor":7},{"not_picked":["Go for the Eyes","Hologram"],"picked":"Echo Form","floor":10},{"not_picked":["Panic Button","Turbo"],"picked":"Self Repair","floor":12},{"not_picked":["Coolheaded","Fusion"],"picked":"Panic Button","floor":12},{"not_picked":["Gash","Tempest"],"picked":"Auto Shields","floor":13},{"not_picked":["ReplayTheSpireMod:Dual Polarity","Lockon"],"picked":"Genetic Algorithm","floor":13},{"not_picked":["Ball Lightning","Streamline"],"picked":"Capacitor","floor":14},{"not_picked":["Fission","ReplayTheSpireMod:Fabricate Wheel"],"picked":"Rainbow","floor":16},{"not_picked":["Streamline","Go for the Eyes"],"picked":"Cold Snap","floor":18},{"not_picked":["Auto Shields","Streamline"],"picked":"Capacitor","floor":18},{"not_picked":["conspire:Rain","Capacitor"],"picked":"Hello World","floor":18},{"not_picked":["Go for the Eyes+1","Compile Driver"],"picked":"BootSequence+1","floor":19},{"not_picked":["Turbo","All For One"],"picked":"Sweeping Beam+1","floor":20},{"not_picked":["Steam+1","Redo"],"picked":"Rebound+1","floor":20},{"not_picked":["Rebound+1","Doom and Gloom"],"picked":"Leap","floor":20},{"not_picked":["Conserve Battery","Steam Power+1"],"picked":"Defragment+1","floor":24},{"not_picked":["Sweeping Beam","ReplaySolidLightProjector+1"],"picked":"ReplayTheSpireMod:Calculation Training","floor":27},{"not_picked":["Ball Lightning","ReplaySolidLightProjector+1"],"picked":"Loop","floor":28},{"not_picked":["Chaos","Steam","Sweeping Beam"],"picked":"SKIP","floor":28},{"not_picked":["conspire:Rain","BasicCrystalCard","ReplayGash"],"picked":"SKIP","floor":28},{"not_picked":["Thunder Strike","Cold Snap"],"picked":"Compile Driver+1","floor":30},{"not_picked":["Conserve Battery","FIFO Queue"],"picked":"Go for the Eyes+1","floor":30},{"not_picked":["Hologram","Rebound+1"],"picked":"Loop+1","floor":30},{"not_picked":["Multi-Cast","Reboot"],"picked":"Biased Cognition","floor":33},{"not_picked":["Compile Driver+1","Cold Snap+1"],"picked":"Go for the Eyes","floor":35},{"not_picked":["Coolheaded+1","Skim"],"picked":"Conserve Battery","floor":35},{"not_picked":["ReplayTheSpireMod:GoodbyeWorld+1","Panic Button"],"picked":"Time Bomb+1","floor":35},{"not_picked":["Redo","Turbo"],"picked":"Ball Lightning","floor":36},{"not_picked":["ReplayTheSpireMod:System Scan","Panic Button"],"picked":"Redo+1","floor":36},{"not_picked":["Rebound+1","FTL"],"picked":"Go for the Eyes+1","floor":36},{"not_picked":["Fusion+1","Turbo"],"picked":"Panic Button","floor":37},{"not_picked":["Sweeping Beam+1","conspire:SharedLibrary+1"],"picked":"Double Energy+1","floor":37},{"not_picked":["Leap","Hologram","Consume"],"picked":"SKIP","floor":37},{"not_picked":["Deep Breath","Survey Options"],"picked":"ReplayTheSpireMod:Necrogeddon","floor":39}],"player_experience":63837,"relics_obtained":[{"floor":10,"key":"Gremlin Food"},{"floor":14,"key":"Durian"},{"floor":19,"key":"Matryoshka"},{"floor":22,"key":"Replay:Bandana"},{"floor":24,"key":"Unceasing Top"},{"floor":26,"key":"Simple Rune"},{"floor":26,"key":"Replay:Rubber Ducky"},{"floor":27,"key":"Replay:Mystery Machine"}],"event_choices":[{"damage_healed":0,"gold_gain":0,"player_choice":"Relic","damage_taken":0,"max_hp_gain":0,"max_hp_loss":0,"event_name":"Wheel of Change","floor":22,"gold_loss":0},{"cards_removed":["Compile Driver"],"damage_healed":0,"gold_gain":0,"player_choice":"Purged","damage_taken":0,"max_hp_gain":0,"max_hp_loss":0,"event_name":"Purifier","floor":31,"gold_loss":0},{"damage_healed":0,"gold_gain":0,"player_choice":"Ignored","damage_taken":0,"max_hp_gain":0,"max_hp_loss":0,"event_name":"Tomb of Lord Red Mask","floor":38,"gold_loss":0},{"damage_healed":0,"gold_gain":0,"player_choice":"Memory 1","damage_taken":0,"max_hp_gain":0,"max_hp_loss":0,"event_name":"SensoryStone","floor":39,"gold_loss":0},{"cards_removed":["Double Energy"],"damage_healed":0,"gold_gain":0,"player_choice":"Removed Skill","damage_taken":0,"max_hp_gain":0,"max_hp_loss":0,"event_name":"Falling","floor":41,"gold_loss":0}],"is_beta":false,"boss_relics":[{"not_picked":["conspire:SlowCooker","Philosopher\u0027s Stone"],"picked":"Nuclear Battery"},{"not_picked":["Runic Dome","Replay:Drink Me","Fusion Hammer"]}],"items_purged_floors":[],"is_endless":false,"potions_floor_spawned":[5,10,12,16,18,24,27,35,37],"killed_by":"Sphere and 2 Shapes","ascension_level":0}}