{"host":"nbmmy2ys5j9alw05","time":1611227095,"event":{"mods":["AchievementEnabler","BaseMod","Bestiary","Better Vampires","Colored Map","Colored Powertips","Googly Eyes","Minty Spire (QoL Compilation)","Quick Restart","StSLib","The Hierophant","The IronCluck","everything is the same but u backflip on backflip"],"gold_per_floor":[217,32,107,122,122,122,153,153,230,0,0,18,18,31,31,154,154,169,169,84,95,95,95,122,122,122,122,138,238,238,238,238,238,238],"floor_reached":33,"language":"ENG","playtime":1034,"items_purged":["Injury"],"score":324,"play_id":"c9c457e3-bff8-44ad-a9cf-4038de47df46","local_time":"20210121030455","is_ascension_mode":true,"campfire_choices":[{"data":"BattleHymn","floor":6,"key":"SMITH"},{"floor":11,"key":"REST"},{"data":"Vault","floor":13,"key":"SMITH"},{"data":"Eruption","floor":15,"key":"SMITH"},{"data":"WreathOfFlame","floor":23,"key":"SMITH"},{"data":"TalkToTheHand","floor":25,"key":"SMITH"},{"data":"Strike_P","floor":27,"key":"PURGE"},{"data":"Strike_P","floor":32,"key":"PURGE"}],"circlet_count":0,"master_deck":["Strike_P","Strike_P","Defend_P","Defend_P","Defend_P","Defend_P","Eruption+1","Vigilance","SandsOfTime","BattleHymn+1","ClearTheMind","TalkToTheHand+1","Vault+1","ReachHeaven","WreathOfFlame+1","EmptyBody+1","Indignation+1"],"relics":["PureWater","Orrery","Anchor","Blood Vial","Bloody Idol","Toxic Egg 2","Oddly Smooth Stone","Busted Crown","Juzu Bracelet","Kunai","Peace Pipe","Bird Faced Urn","Yang","MutagenicStrength","Matryoshka"],"acts_visited":["Exordium","TheCity"],"potions_floor_usage":[4,16,28,29],"damage_taken":[{"damage":3,"enemies":"2 Louse","floor":1,"turns":4},{"damage":4,"enemies":"Jaw Worm","floor":4,"turns":3},{"damage":12,"enemies":"3 Sentries","floor":7,"turns":5},{"damage":0,"enemies":"Small Slimes","floor":12,"turns":3},{"damage":3,"enemies":"Blue Slaver","floor":14,"turns":3},{"damage":15,"enemies":"The Guardian","floor":16,"turns":12},{"damage":8,"enemies":"Shell Parasite","floor":18,"turns":5},{"damage":0,"enemies":"Spheric Guardian","floor":21,"turns":3},{"damage":17,"enemies":"Book of Stabbing","floor":24,"turns":5},{"damage":3,"enemies":"Shelled Parasite and Fungi","floor":28,"turns":6},{"damage":5,"enemies":"Colosseum Slavers","floor":29,"turns":4},{"damage":0,"enemies":"Colosseum Nobs","floor":29,"turns":3},{"damage":124,"enemies":"Champ","floor":33,"turns":10}],"seed_played":"-8124193815654220869","potions_obtained":[{"floor":1,"key":"Weak Potion"},{"floor":14,"key":"Weak Potion"},{"floor":18,"key":"FearPotion"},{"floor":24,"key":"Block Potion"},{"floor":29,"key":"StancePotion"}],"is_trial":false,"path_per_floor":["M","$","?","M","?","R","E","?","T","$","R","M","R","M","R","B",null,"M","?","?","M","$","R","E","R","T","R","M","?","?","T","R","B"],"character_chosen":"WATCHER","items_purchased":["BattleHymn","Orrery","Oddly Smooth Stone"],"campfire_rested":1,"item_purchase_floors":[2,2,10],"current_hp_per_floor":[69,69,58,54,47,47,35,35,35,35,56,58,58,57,57,44,65,59,59,59,66,66,66,56,56,56,56,60,64,64,64,64,0,0],"gold":238,"neow_bonus":"HUNDRED_GOLD","is_daily":false,"chose_seed":false,"campfire_upgraded":5,"win_rate":0.0,"timestamp":1611227095,"path_taken":["M","$","?","M","?","R","E","?","T","?","R","M","R","M","R","BOSS","M","?","?","M","$","R","E","R","T","R","M","?","?","?","R","BOSS"],"items_purchased_type":["Card","Relic","Relic"],"build_version":"2020-12-22","purchased_purges":1,"victory":false,"max_hp_per_floor":[72,72,72,72,72,72,72,72,72,72,72,72,72,72,72,72,72,72,72,72,72,72,72,72,72,72,72,72,72,72,72,72,72,72],"card_choices":[{"not_picked":["Protect","InnerPeace"],"picked":"SandsOfTime","floor":1},{"not_picked":["PathToVictory","FlyingSleeves"],"picked":"ClearTheMind","floor":2},{"not_picked":["Consecrate","FollowUp"],"picked":"TalkToTheHand","floor":2},{"not_picked":["EmptyFist","Halt"],"picked":"Vault","floor":2},{"not_picked":["Halt","PathToVictory"],"picked":"ReachHeaven","floor":4},{"not_picked":["FollowUp","BowlingBash"],"picked":"WreathOfFlame","floor":7},{"not_picked":["Evaluate+1","CrushJoints","CutThroughFate"],"picked":"SKIP","floor":12},{"not_picked":["MentalFortress","EmptyFist","CutThroughFate"],"picked":"SKIP","floor":14},{"not_picked":[],"picked":"EmptyBody+1","floor":18},{"not_picked":["CrushJoints"],"picked":"SKIP","floor":21},{"not_picked":["EmptyFist"],"picked":"SKIP","floor":24},{"not_picked":["Weave+1"],"picked":"SKIP","floor":28},{"not_picked":[],"picked":"Indignation+1","floor":29}],"player_experience":521183,"relics_obtained":[{"floor":7,"key":"Blood Vial"},{"floor":9,"key":"Toxic Egg 2"},{"floor":24,"key":"Kunai"},{"floor":26,"key":"Peace Pipe"},{"floor":29,"key":"Bird Faced Urn"},{"floor":29,"key":"Yang"},{"floor":31,"key":"Matryoshka"}],"event_choices":[{"damage_healed":0,"gold_gain":75,"player_choice":"Gather Gold","damage_taken":11,"max_hp_gain":0,"max_hp_loss":0,"event_name":"World of Goop","floor":3,"gold_loss":0},{"damage_healed":0,"gold_gain":0,"player_choice":"Success","damage_taken":7,"relics_obtained":["Anchor"],"max_hp_gain":0,"max_hp_loss":0,"event_name":"Scrap Ooze","floor":5,"gold_loss":0},{"damage_healed":0,"gold_gain":0,"player_choice":"Take Wound","damage_taken":0,"relics_obtained":["Golden Idol"],"max_hp_gain":0,"max_hp_loss":0,"event_name":"Golden Idol","floor":8,"gold_loss":0,"cards_obtained":["Injury"]},{"damage_healed":0,"gold_gain":0,"player_choice":"Gave Idol","damage_taken":0,"relics_obtained":["Bloody Idol"],"max_hp_gain":0,"max_hp_loss":0,"event_name":"Forgotten Altar","floor":19,"relics_lost":["Golden Idol"],"gold_loss":0},{"damage_healed":0,"gold_gain":0,"player_choice":"Obtained Relic","damage_taken":0,"relics_obtained":["Juzu Bracelet"],"max_hp_gain":0,"max_hp_loss":0,"event_name":"Addict","floor":20,"gold_loss":85},{"damage_healed":0,"gold_gain":0,"player_choice":"Fight","damage_taken":0,"max_hp_gain":0,"max_hp_loss":0,"event_name":"Colosseum","floor":29,"gold_loss":0},{"damage_healed":0,"gold_gain":0,"player_choice":"Fought Nobs","damage_taken":0,"max_hp_gain":0,"max_hp_loss":0,"event_name":"Colosseum","floor":29,"gold_loss":0},{"damage_healed":0,"gold_gain":0,"player_choice":"Inject Mutagens","damage_taken":0,"relics_obtained":["MutagenicStrength"],"max_hp_gain":0,"max_hp_loss":0,"event_name":"Drug Dealer","floor":30,"gold_loss":0}],"is_beta":false,"boss_relics":[{"not_picked":["Cursed Key","Philosopher\u0027s Stone"],"picked":"Busted Crown"}],"items_purged_floors":[10],"is_endless":false,"potions_floor_spawned":[1,14,18,24,29,29],"killed_by":"Champ","ascension_level":5}}