{"host":"6h0diz2ap0m56grs","time":1611211561,"event":{"mods":["2.2 Compatiblity","BaseMod","Colored Map","Marisa????????","Minty Spire (QoL Compilation)","Quick Restart","Replay The Spire","Shop Mod","StSLib","The Servant 0.9.4"],"gold_per_floor":[114,127,127,74,149,180,180,210,233,233,253,286,286,310,310,409,409,422,422,422],"floor_reached":19,"language":"ENG","playtime":634,"items_purged":[],"score":323,"play_id":"4b616cb1-d784-4ef6-b581-97a178d06fa0","local_time":"20210121004601","daily_mods":["SealedDeck","Heirloom","Time Dilation","Flight"],"is_ascension_mode":true,"campfire_choices":[{"data":"Conclude","floor":10,"key":"SMITH"},{"data":"LikeWater","floor":15,"key":"SMITH"}],"circlet_count":0,"master_deck":["Evaluate","Conclude+1","EmptyFist","FlurryOfBlows","ClearTheMind","BattleHymn","LikeWater+1","LikeWater+1","LikeWater","Tantrum+1","Meditate+1","FlurryOfBlows","WaveOfTheHand","Protect","Protect","Consecrate","Wallop"],"relics":["PureWater","replay:Trail_Library","Thread and Needle","Regal Pillow","Pantograph","ReplayTheSpireMod:Lightbulb","Replay:Bottled Snecko","ReplayFunnel","Replay:Bronze Core"],"acts_visited":["Exordium","TheCity"],"potions_floor_usage":[],"damage_taken":[{"damage":0,"enemies":"Small Slimes","floor":1,"turns":2},{"damage":2,"enemies":"2 Louse","floor":2,"turns":2},{"damage":0,"enemies":"Gremlin Nob","floor":6,"turns":2},{"damage":0,"enemies":"3 Sentries","floor":8,"turns":6},{"damage":0,"enemies":"Jaw Worm","floor":11,"turns":3},{"damage":0,"enemies":"Gremlin Nob","floor":12,"turns":3},{"damage":0,"enemies":"Slime Boss","floor":16,"turns":5},{"damage":0,"enemies":"Chosen","floor":18,"turns":3},{"damage":0,"enemies":"2 Thieves","floor":19,"turns":1}],"seed_played":"8260063608210592171","potions_obtained":[{"floor":2,"key":"BottledMiracle"},{"floor":11,"key":"PowerPotion"}],"is_trial":true,"path_per_floor":["M","M","?","$","?","E","?","E","T","R","M","E","?","T","R","B",null,"M","M"],"character_chosen":"WATCHER","items_purchased":["FlurryOfBlows"],"campfire_rested":0,"item_purchase_floors":[4],"current_hp_per_floor":[72,70,56,56,45,45,50,50,50,50,50,50,50,50,50,75,77,77,77,77],"gold":422,"neow_bonus":"","is_daily":false,"chose_seed":false,"campfire_upgraded":2,"win_rate":0.0,"timestamp":1611211561,"path_taken":["M","M","?","$","?","E","?","E","T","R","?","E","?","?","R","BOSS","M","M"],"items_purchased_type":["Card"],"build_version":"2020-12-22","purchased_purges":0,"victory":false,"max_hp_per_floor":[72,72,72,72,72,72,77,77,77,77,77,77,77,77,77,77,77,77,77,77],"card_choices":[{"not_picked":["Evaluate","FollowUp"],"picked":"Meditate","floor":1},{"not_picked":["FlyingSleeves","Perseverance","LikeWater"],"picked":"SKIP","floor":2},{"not_picked":["BowlingBash","Vengeance"],"picked":"WaveOfTheHand","floor":6},{"not_picked":["Weave","Prostrate"],"picked":"Protect","floor":8},{"not_picked":["FlyingSleeves","CrushJoints","CarveReality"],"picked":"SKIP","floor":11},{"not_picked":["Nirvana","Replay:BluntJabs","Swivel"],"picked":"SKIP","floor":12},{"not_picked":["Replay:ManipulateFuture","Protect+1"],"picked":"Wallop","floor":18}],"player_experience":224562,"relics_obtained":[{"floor":6,"key":"Regal Pillow"},{"floor":8,"key":"Pantograph"},{"floor":9,"key":"ReplayTheSpireMod:Lightbulb"},{"floor":12,"key":"Replay:Bottled Snecko"},{"floor":14,"key":"ReplayFunnel"}],"event_choices":[{"damage_healed":0,"gold_gain":0,"player_choice":"Entered Light","damage_taken":14,"max_hp_gain":0,"max_hp_loss":0,"event_name":"Shining Light","floor":3,"gold_loss":0,"cards_upgraded":["Meditate","Tantrum"]},{"damage_healed":0,"gold_gain":75,"player_choice":"Gather Gold","damage_taken":11,"max_hp_gain":0,"max_hp_loss":0,"event_name":"World of Goop","floor":5,"gold_loss":0},{"damage_healed":0,"gold_gain":0,"player_choice":"Donut","damage_taken":0,"max_hp_gain":5,"max_hp_loss":0,"event_name":"Big Fish","floor":7,"gold_loss":0},{"damage_healed":0,"gold_gain":0,"player_choice":"Grow","damage_taken":0,"max_hp_gain":0,"max_hp_loss":0,"event_name":"Living Wall","floor":13,"gold_loss":0,"cards_upgraded":["LikeWater"]}],"is_beta":false,"boss_relics":[{"not_picked":["Astrolabe","Honey Jar"],"picked":"Replay:Bronze Core"}],"items_purged_floors":[],"is_endless":false,"potions_floor_spawned":[2,11],"killed_by":"2 Thieves","ascension_level":1}}