{"host":"j4g6ia6asvpyu2b0","time":1611189057,"event":{"mods":["BaseMod","Colored Map","Minty Spire (QoL Compilation)","Permanent Neow","Quick Restart","Relic Stats","StSLib","Unceasing Turn Reminder"],"gold_per_floor":[117,117,133,133,150,177,177,211,211,226,226,24,103,130,130,201,201,217,217,235,248,248,279,279,306,356,367,29,29,56,71,71,144,144,172,197,42,70,95,130,130,164,164,207,248,283,283,301,301,301,301,301,8,52,52,52],"floor_reached":55,"language":"ENG","playtime":2383,"items_purged":[],"score":1900,"play_id":"e62c5a7c-245c-4bb9-9682-73d7100d3c55","local_time":"20210120173057","is_ascension_mode":true,"campfire_choices":[{"data":"Blade Dance","floor":7.0,"key":"SMITH"},{"data":"Noxious Fumes","floor":15.0,"key":"SMITH"},{"data":"Footwork","floor":24,"key":"SMITH"},{"data":"Apotheosis","floor":32,"key":"SMITH"},{"floor":41,"key":"RECALL"},{"data":"Night Terror","floor":47,"key":"SMITH"},{"floor":49,"key":"REST"},{"data":"A Thousand Cuts","floor":52,"key":"SMITH"}],"circlet_count":0,"master_deck":["AscendersBane","Strike_G","Strike_G","Strike_G","Strike_G","Strike_G+1","Defend_G","Defend_G","Defend_G","Defend_G","Defend_G","Survivor","Neutralize","Cloak And Dagger+1","Blade Dance","Blade Dance+1","Dagger Throw","Catalyst","Crippling Poison","Noxious Fumes+1","Dash","Predator","Flying Knee","Night Terror+1","Backflip","Deadly Poison","Dagger Throw","Footwork+1","Blade Dance","Dash","Apotheosis+1","A Thousand Cuts+1","Catalyst","Acrobatics","Malaise","CurseOfTheBell","Flying Knee","Outmaneuver","Blade Dance+1","Doppelganger","Deadly Poison","Cloak And Dagger","Dodge and Roll","Blur+1","Sucker Punch","Madness","Madness","Acrobatics"],"relics":["Busted Crown","Nunchaku","White Beast Statue","Orichalcum","Anchor","Mercury Hourglass","Runic Pyramid","MutagenicStrength","Incense Burner","Bag of Preparation","Ancient Tea Set","PreservedInsect","Toy Ornithopter","Calling Bell","CeramicFish","Question Card","WingedGreaves","Oddly Smooth Stone","MealTicket","HornCleat","Bag of Marbles","Lizard Tail","Ninja Scroll","Ice Cream","Snake Skull"],"acts_visited":["Exordium","TheCity","TheBeyond","TheEnding"],"potions_floor_usage":[21,25,38,55,55],"damage_taken":[{"damage":4.0,"enemies":"Small Slimes","floor":1.0,"turns":5.0},{"damage":0.0,"enemies":"Cultist","floor":3.0,"turns":4.0},{"damage":7.0,"enemies":"2 Louse","floor":5.0,"turns":6.0},{"damage":10.0,"enemies":"3 Sentries","floor":6.0,"turns":7.0},{"damage":10.0,"enemies":"Lagavulin","floor":8.0,"turns":5.0},{"damage":0.0,"enemies":"2 Fungi Beasts","floor":10.0,"turns":3.0},{"damage":1.0,"enemies":"3 Sentries","floor":14.0,"turns":6.0},{"damage":0.0,"enemies":"Slime Boss","floor":16.0,"turns":6.0},{"damage":0,"enemies":"3 Byrds","floor":18,"turns":3},{"damage":0,"enemies":"Chosen","floor":20,"turns":3},{"damage":16,"enemies":"Shelled Parasite and Fungi","floor":21,"turns":4},{"damage":0,"enemies":"Gremlin Leader","floor":23,"turns":5},{"damage":6,"enemies":"Book of Stabbing","floor":25,"turns":6},{"damage":3,"enemies":"Centurion and Healer","floor":27,"turns":5},{"damage":0,"enemies":"Gremlin Leader","floor":30,"turns":4},{"damage":0,"enemies":"Sentry and Sphere","floor":31,"turns":3},{"damage":12,"enemies":"Automaton","floor":33,"turns":8},{"damage":0,"enemies":"3 Shapes","floor":35,"turns":4},{"damage":0,"enemies":"Orb Walker","floor":36,"turns":3},{"damage":0,"enemies":"4 Shapes","floor":38,"turns":5},{"damage":10,"enemies":"3 Darklings","floor":39,"turns":5},{"damage":0,"enemies":"Reptomancer","floor":40,"turns":7},{"damage":15,"enemies":"Nemesis","floor":42,"turns":5},{"damage":0,"enemies":"Giant Head","floor":44,"turns":5},{"damage":0,"enemies":"Reptomancer","floor":45,"turns":5},{"damage":0,"enemies":"Nemesis","floor":46,"turns":9},{"damage":23,"enemies":"Donu and Deca","floor":50,"turns":9},{"damage":0,"enemies":"Shield and Spear","floor":54,"turns":6},{"damage":119,"enemies":"The Heart","floor":55,"turns":6}],"seed_played":"3979181485168175098","potions_obtained":[{"floor":3.0,"key":"DuplicationPotion"},{"floor":4.0,"key":"Regen Potion"},{"floor":5.0,"key":"Weak Potion"},{"floor":6.0,"key":"CunningPotion"},{"floor":8.0,"key":"CunningPotion"},{"floor":10.0,"key":"CultistPotion"},{"floor":14.0,"key":"Fire Potion"},{"floor":16.0,"key":"Regen Potion"},{"floor":21,"key":"Poison Potion"},{"floor":23,"key":"CultistPotion"},{"floor":25,"key":"SteroidPotion"},{"floor":38,"key":"Poison Potion"},{"floor":40,"key":"Strength Potion"},{"floor":45,"key":"PowerPotion"}],"is_trial":false,"path_per_floor":["M","?","M","?","M","E","R","E","T","M","?","$","?","E","R","B",null,"M","?","M","M","?","E","R","E","T","M","$","?","E","M","R","B",null,"M","M","$","M","M","E","R","E","T","E","E","E","R","?","R","B",null,"R","$","E","B"],"character_chosen":"THE_SILENT","items_purchased":["Noxious Fumes","Dash","Predator","Apotheosis","A Thousand Cuts","Oddly Smooth Stone","Ice Cream"],"campfire_rested":1,"item_purchase_floors":[12,12,12,28,28,37,53],"current_hp_per_floor":[59,45,45,45,53,43,43,33,33,33,21,21,21,20,20,20,58,58,58,58,54,54,54,54,48,48,45,45,45,45,45,45,33,61,61,61,61,66,56,56,56,41,41,41,41,41,41,32,53,30,60,60,70,70,0,0],"gold":52,"neow_bonus":"BOSS_RELIC","is_daily":false,"chose_seed":false,"campfire_upgraded":6,"win_rate":0.0,"timestamp":1611189057,"path_taken":["M","?","M","?","M","E","R","E","T","?","?","$","?","E","R","BOSS","M","?","M","M","?","E","R","E","T","?","$","?","E","M","R","BOSS","M","M","?","?","M","E","R","E","T","E","E","E","R","?","R","BOSS","R","$","E","BOSS"],"items_purchased_type":["Card","Card","Card","Card","Card","Relic","Relic"],"build_version":"2020-12-22","purchased_purges":0,"victory":false,"max_hp_per_floor":[70,70,70,70,70,70,70,70,70,70,70,70,70,70,70,70,70,70,70,70,70,70,70,70,70,70,70,70,70,70,70,70,70,70,70,70,70,70,70,70,70,70,70,70,70,70,70,70,70,70,70,70,70,70,70,70],"relic_stats":{"counters":[29,152],"CeramicFish":108,"PreservedInsect":489,"Snake Skull":[30],"Bag of Preparation":[34],"Orichalcum":[192],"Question Card":10,"Mercury Hourglass":[463],"Nunchaku":[41],"Lizard Tail":35,"Busted Crown":56,"MealTicket":10,"obtain_stats":[{"Ice Cream":53,"CeramicFish":34,"Snake Skull":54,"Incense Burner":22,"Bag of Preparation":23,"Ancient Tea Set":25,"Nunchaku":6,"Lizard Tail":45,"HornCleat":42,"Ninja Scroll":46,"MealTicket":40,"WingedGreaves":34,"Ring of the Snake":0,"Runic Pyramid":17,"Oddly Smooth Stone":37,"PreservedInsect":26,"Orichalcum":9,"Question Card":34,"White Beast Statue":8,"Mercury Hourglass":14,"Calling Bell":34,"Anchor":11,"Busted Crown":0,"MutagenicStrength":19,"Bag of Marbles":44,"Toy Ornithopter":30},{"Ice Cream":27,"CeramicFish":17,"Snake Skull":28,"Incense Burner":11,"Bag of Preparation":12,"Ancient Tea Set":13,"Nunchaku":4,"Lizard Tail":25,"HornCleat":23,"Ninja Scroll":26,"MealTicket":22,"WingedGreaves":17,"Ring of the Snake":0,"Runic Pyramid":8,"Oddly Smooth Stone":19,"PreservedInsect":13,"Orichalcum":5,"Question Card":17,"White Beast Statue":5,"Mercury Hourglass":7,"Calling Bell":17,"Anchor":6,"Busted Crown":0,"MutagenicStrength":9,"Bag of Marbles":24,"Toy Ornithopter":15},{"Ice Cream":140,"CeramicFish":83,"Snake Skull":146,"Incense Burner":52,"Bag of Preparation":57,"Ancient Tea Set":63,"Nunchaku":22,"Lizard Tail":122,"HornCleat":112,"Ninja Scroll":131,"MealTicket":107,"WingedGreaves":83,"Ring of the Snake":0,"Runic Pyramid":42,"Oddly Smooth Stone":90,"PreservedInsect":63,"Orichalcum":27,"Question Card":83,"White Beast Statue":27,"Mercury Hourglass":36,"Calling Bell":83,"Anchor":30,"Busted Crown":0,"MutagenicStrength":45,"Bag of Marbles":117,"Toy Ornithopter":72}],"Toy Ornithopter":5},"card_choices":[{"not_picked":[],"picked":"Cloak And Dagger","floor":1.0},{"not_picked":[],"picked":"Blade Dance","floor":3.0},{"not_picked":[],"picked":"Blade Dance","floor":5.0},{"not_picked":[],"picked":"Dagger Throw","floor":6.0},{"not_picked":[],"picked":"Catalyst","floor":8.0},{"not_picked":[],"picked":"Crippling Poison","floor":10.0},{"not_picked":[],"picked":"Flying Knee","floor":14.0},{"not_picked":[],"picked":"Night Terror","floor":16.0},{"not_picked":[],"picked":"Backflip","floor":18},{"not_picked":[],"picked":"Deadly Poison","floor":20},{"not_picked":[],"picked":"Dagger Throw","floor":21},{"not_picked":[],"picked":"Footwork","floor":23},{"not_picked":[],"picked":"Blade Dance","floor":25},{"not_picked":[],"picked":"Dash","floor":27},{"not_picked":["Finisher"],"picked":"SKIP","floor":30},{"not_picked":[],"picked":"Acrobatics","floor":31},{"not_picked":[],"picked":"Malaise","floor":33},{"not_picked":["Dagger Spray"],"picked":"Flying Knee","floor":35},{"not_picked":["Acrobatics"],"picked":"Outmaneuver","floor":36},{"not_picked":["Slice"],"picked":"Blade Dance+1","floor":38},{"not_picked":["Cloak And Dagger"],"picked":"Doppelganger","floor":39},{"not_picked":["Backstab"],"picked":"Deadly Poison","floor":40},{"not_picked":["Dagger Throw"],"picked":"Cloak And Dagger","floor":42},{"not_picked":["Phantasmal Killer"],"picked":"Dodge and Roll","floor":44},{"not_picked":["Endless Agony+1"],"picked":"Blur+1","floor":45},{"not_picked":["Slice"],"picked":"Sucker Punch","floor":46},{"not_picked":["Prepared"],"picked":"Acrobatics","floor":54}],"player_experience":890835,"relics_obtained":[{"floor":6.0,"key":"Nunchaku"},{"floor":8.0,"key":"White Beast Statue"},{"floor":9.0,"key":"Orichalcum"},{"floor":14.0,"key":"Mercury Hourglass"},{"floor":22,"key":"Incense Burner"},{"floor":23,"key":"Bag of Preparation"},{"floor":25,"key":"Ancient Tea Set"},{"floor":26,"key":"PreservedInsect"},{"floor":30,"key":"Toy Ornithopter"},{"floor":34,"key":"CeramicFish"},{"floor":34,"key":"Question Card"},{"floor":34,"key":"WingedGreaves"},{"floor":40,"key":"MealTicket"},{"floor":42,"key":"HornCleat"},{"floor":44,"key":"Bag of Marbles"},{"floor":45,"key":"Lizard Tail"},{"floor":46,"key":"Ninja Scroll"},{"floor":54,"key":"Snake Skull"}],"event_choices":[{"damage_healed":0.0,"max_hp_gain":0.0,"max_hp_loss":0.0,"gold_gain":0.0,"event_name":"Shining Light","player_choice":"Entered Light","floor":2.0,"gold_loss":0.0,"damage_taken":14.0,"cards_upgraded":["Cloak And Dagger","Strike_G"]},{"damage_healed":0.0,"max_hp_gain":0.0,"max_hp_loss":0.0,"gold_gain":0.0,"event_name":"Lab","player_choice":"Got Potions","floor":4.0,"gold_loss":0.0,"damage_taken":0.0},{"damage_healed":0.0,"max_hp_gain":0.0,"max_hp_loss":0.0,"gold_gain":0.0,"event_name":"Scrap Ooze","player_choice":"Success","floor":11.0,"gold_loss":0.0,"damage_taken":12.0,"relics_obtained":["Anchor"]},{"damage_healed":0.0,"max_hp_gain":0.0,"max_hp_loss":0.0,"gold_gain":79.0,"event_name":"Golden Wing","player_choice":"Gained Gold","floor":13.0,"gold_loss":0.0,"damage_taken":0.0},{"damage_healed":0,"gold_gain":0,"player_choice":"Inject Mutagens","damage_taken":0,"relics_obtained":["MutagenicStrength"],"max_hp_gain":0,"max_hp_loss":0,"event_name":"Drug Dealer","floor":19,"gold_loss":0},{"damage_healed":0,"gold_gain":0,"player_choice":"Relic","damage_taken":0,"max_hp_gain":0,"max_hp_loss":0,"event_name":"Wheel of Change","floor":22,"gold_loss":0},{"damage_healed":0,"gold_gain":0,"player_choice":"Copied","damage_taken":0,"max_hp_gain":0,"max_hp_loss":0,"event_name":"Duplicator","floor":29,"gold_loss":0,"cards_obtained":["Catalyst"]},{"damage_healed":0,"gold_gain":0,"player_choice":"Embrace Madness","damage_taken":9,"max_hp_gain":0,"max_hp_loss":0,"event_name":"Winding Halls","floor":48,"gold_loss":0,"cards_obtained":["Madness","Madness"]}],"is_beta":false,"boss_relics":[{"not_picked":["Empty Cage","Snecko Eye"],"picked":"Runic Pyramid"},{"not_picked":["SacredBark","WristBlade"],"picked":"Calling Bell"}],"items_purged_floors":[],"is_endless":false,"potions_floor_spawned":[3,5,6,8,10,14,16,18,20,21,23,25,27,30,31,33,35,36,38,39,40,42,44,45,46,54],"killed_by":"The Heart","ascension_level":13}}