{"host":"zzgvnd5w85j1s2e6","time":1611199729,"event":{"mods":["Act Like it!","BaseMod","Hallownest","Minty Spire (QoL Compilation)","StSLib","The Bug Knight"],"gold_per_floor":[112,112,126,91,91,124,124,157,207,220,220,236,236,236,236,340,340,358,377,377,127,167,167,177,207,207,220,220,220,5,5,5,106,106,123,123,123,99,99,99,99,99,152,178,190,202,214,237,249,261,273,285,1,30,30],"floor_reached":56,"language":"ZHS","playtime":5539,"items_purged":["HollowMod:QuickDashStart"],"score":1167,"play_id":"bb20d7f9-6141-4b80-85b4-bf2f7889cfce","local_time":"20210121112849","is_ascension_mode":false,"campfire_choices":[{"floor":7.0,"key":"REST"},{"data":"HollowMod:GrimmsGift","floor":11.0,"key":"SMITH"},{"data":"HollowMod:ChannelNail","floor":15.0,"key":"SMITH"},{"data":"HollowMod:SlysStrikes","floor":23.0,"key":"SMITH"},{"floor":28.0,"key":"REST"},{"data":"HollowMod:SoulVessel","floor":32.0,"key":"SMITH"},{"floor":40.0,"key":"REST"},{"floor":42.0,"key":"RECALL"},{"data":"HollowMod:ZotesMagnificence","floor":45.0,"key":"SMITH"},{"data":"HollowMod:Weaversong","floor":47,"key":"SMITH"},{"floor":49,"key":"REST"},{"data":"HollowMod:CoiledNail","floor":52,"key":"SMITH"}],"circlet_count":0,"master_deck":["HollowMod:NailStrikeStart","HollowMod:NailStrikeStart","HollowMod:QuickDashStart","HollowMod:FocusHealStart","HollowMod:PogoStrike","HollowMod:CycloneSlash","HollowMod:GoodIntentions","HollowMod:GrimmsGift+1","HollowMod:CycloneSlash","HollowMod:DungDefenderAura","HollowMod:ChannelNail+1","HollowMod:SlysStrikes+1","HollowMod:DashSlash","HollowMod:DoubleDash+1","HollowMod:CoiledNail+1","HollowMod:DungDefenderAura+1","HollowMod:SoulShaman+1","HollowMod:SoulSplash+1","HollowMod:ZotesMagnificence+1","HollowMod:theNailsmith+1","HollowMod:DashSlash+1","HollowMod:LifebloodCocoon+1","HollowMod:SoulVessel+1","HollowMod:Weaversong+1","HollowMod:DashSlash+1","HollowMod:SlysStrikes+1","HollowMod:SlysStrikes+1","HollowMod:DashSlash","HollowMod:CrystalDash+1","HollowMod:CloakDash+1","HollowMod:PerfectDash+1","HollowMod:HuntersJournal+1"],"relics":["HollowMod:VesselMask","Hallownest:DreamNailRelic","Oddly Smooth Stone","Darkstone Periapt","Bag of Marbles","Pen Nib","SlaversCollar","Hallownest:UnbreakableCardRelic","Toxic Egg 2","Bottled Lightning","Orrery","Runic Pyramid","MawBank","Toy Ornithopter"],"acts_visited":["Hallownest:Greenpath","Hallownest:CityofTears","Hallownest:KingdomsEdge","TheEnding"],"potions_floor_usage":[55,55,55,55,55,55],"damage_taken":[{"damage":0.0,"enemies":"Hallownest:2_Baldur","floor":1.0,"turns":4.0},{"damage":3.0,"enemies":"Hallownest:monsterHuskGuard","floor":3.0,"turns":4.0},{"damage":47.0,"enemies":"Hallownest:eliteCrystalGuardian","floor":6.0,"turns":11.0},{"damage":4.0,"enemies":"Hallownest:eliteVengeflyKing","floor":8.0,"turns":7.0},{"damage":6.0,"enemies":"Hallownest:monsterHuskWarrior","floor":10.0,"turns":4.0},{"damage":3.0,"enemies":"Hallownest:Guard_and_Warrior","floor":12.0,"turns":6.0},{"damage":0.0,"enemies":"Hallownest:monsterAspidMother","floor":14.0,"turns":3.0},{"damage":45.0,"enemies":"Hallownest:BossFalseKnight","floor":16.0,"turns":12.0},{"damage":0.0,"enemies":"Hallownest:3_Youths","floor":18.0,"turns":6.0},{"damage":11.0,"enemies":"Hallownest:2_Mistakes","floor":19.0,"turns":8.0},{"damage":24.0,"enemies":"Hallownest:2_Mistakes","floor":22.0,"turns":4.0},{"damage":27.0,"enemies":"Hallownest:monsterMisterMushroom","floor":24.0,"turns":7.0},{"damage":21.0,"enemies":"Hallownest:eliteSoulWarrior","floor":25.0,"turns":5.0},{"damage":11.0,"enemies":"Hallownest:Master_and_Novice","floor":27.0,"turns":4.0},{"damage":35.0,"enemies":"Hallownest:BossMantisLord","floor":33.0,"turns":8.0},{"damage":73.0,"enemies":"Hallownest:3_Siblings","floor":35.0,"turns":10.0},{"damage":23.0,"enemies":"Hallownest:2_Littles","floor":44.0,"turns":12.0},{"damage":38,"enemies":"Hallownest:2_Soldiers_and_1_Guardian","floor":48,"turns":7},{"damage":17,"enemies":"Hallownest:Radiance","floor":50,"turns":10},{"damage":47,"enemies":"Shield and Spear","floor":54,"turns":8},{"damage":48,"enemies":"The Heart","floor":55,"turns":8}],"seed_played":"5693664498389048373","potions_obtained":[{"floor":10.0,"key":"SkillPotion"},{"floor":12.0,"key":"Energy Potion"},{"floor":18.0,"key":"PowerPotion"},{"floor":24.0,"key":"AttackPotion"},{"floor":33.0,"key":"Regen Potion"},{"floor":48,"key":"Dexterity Potion"}],"is_trial":false,"path_per_floor":["M","?","M","?","?","E","R","E","T","M","R","M","$","M","R","B",null,"M","M","?","?","?","R","M","E","T","M","R","?","$","?","R","B",null,"M","?","?","$","?","R","?","R","T","M","R","?","R","M","R","B",null,"R","$","E","B",null],"character_chosen":"THE_BUGKNIGHT","items_purchased":["Orrery","HollowMod:SoulVessel","HollowMod:DashSlash","HollowMod:PerfectDash+1","EntropicBrew","FearPotion"],"campfire_rested":4,"item_purchase_floors":[30,30,38,53,53,53],"current_hp_per_floor":[82,82,82,87,59,24,50,52,52,46,46,49,49,55,55,16,87,87,76,72,72,48,48,27,16,16,5,31,52,52,52,52,23,87,29,29,29,29,29,53,53,53,53,40,40,40,40,8,32,25,82,82,82,35,17],"gold":30,"neow_bonus":"TEN_PERCENT_HP_BONUS","is_daily":false,"chose_seed":false,"campfire_upgraded":7,"win_rate":0.0,"timestamp":1611199729,"path_taken":["M","?","?","?","?","E","R","E","T","M","R","M","?","M","R","BOSS","M","M","?","?","?","R","M","E","T","?","R","?","$","?","R","BOSS","M","?","?","$","?","R","?","R","T","M","R","?","R","M","R","BOSS","R","$","E","BOSS"],"items_purchased_type":["Relic","Card","Card","Card","Potion","Potion"],"build_version":"2020-12-22","purchased_purges":1,"victory":true,"max_hp_per_floor":[82,82,82,87,87,87,87,87,87,87,87,87,87,87,87,87,87,87,87,87,87,87,87,87,87,87,87,87,87,87,87,87,87,87,87,87,82,82,82,82,82,82,82,82,82,82,82,82,82,82,82,82,82,82,82],"card_choices":[{"not_picked":["HollowMod:NewJinnsSoul","HollowMod:SharpenedNail"],"picked":"HollowMod:CycloneSlash","floor":1.0},{"not_picked":["HollowMod:SiblingsShadow","HollowMod:CycloneSlash"],"picked":"HollowMod:GoodIntentions","floor":3.0},{"not_picked":["HollowMod:VengefulSpirit","HollowMod:AbyssShriek"],"picked":"HollowMod:NewJinnsSoul","floor":6.0},{"not_picked":["HollowMod:TaintedHusks","HollowMod:SoulStrike"],"picked":"HollowMod:GrimmsGift","floor":8.0},{"not_picked":["HollowMod:NewJinnsSoul","HollowMod:GoodIntentions"],"picked":"HollowMod:CycloneSlash","floor":10.0},{"not_picked":["HollowMod:SiblingsShadow","HollowMod:SoulStrike"],"picked":"HollowMod:DungDefenderAura","floor":12.0},{"not_picked":["HollowMod:DoubleDash","HollowMod:PureNailStrike"],"picked":"HollowMod:ChannelNail","floor":14.0},{"not_picked":["HollowMod:ZotesMagnificence","HollowMod:SoulMaster"],"picked":"HollowMod:SlysStrikes","floor":16.0},{"not_picked":["HollowMod:SiblingsShadow","HollowMod:VengefulVoid"],"picked":"HollowMod:DashSlash","floor":18.0},{"not_picked":["HollowMod:CornifersMapStart+1","HollowMod:BlackTendrils"],"picked":"HollowMod:DoubleDash+1","floor":19.0},{"not_picked":["HollowMod:TaintedHusks","HollowMod:ChannelNail"],"picked":"HollowMod:CoiledNail","floor":24.0},{"not_picked":["HollowMod:HowlingWraiths","HollowMod:SharpenedNail"],"picked":"HollowMod:DungDefenderAura+1","floor":25.0},{"not_picked":["HollowMod:RecoilStrike","HollowMod:PureNailStrike"],"picked":"HollowMod:SoulShaman+1","floor":27.0},{"not_picked":["HollowMod:CycloneSlash","HollowMod:GoodIntentions+1"],"picked":"HollowMod:SoulSplash+1","floor":30.0},{"not_picked":["HollowMod:SharpenedShadows","HollowMod:CycloneSlash"],"picked":"HollowMod:ZotesMagnificence","floor":30.0},{"not_picked":["HollowMod:SoulStrike","HollowMod:SharpenedNail"],"picked":"HollowMod:theNailsmith+1","floor":30.0},{"not_picked":["HollowMod:GoodIntentions+1","HollowMod:BlackTendrils"],"picked":"HollowMod:DashSlash+1","floor":30.0},{"not_picked":["HollowMod:DashSlash","HollowMod:SoulShaman+1"],"picked":"HollowMod:LifebloodCocoon+1","floor":30.0},{"not_picked":["HollowMod:NewInfectedGuardian+1","HollowMod:SoulMaster"],"picked":"HollowMod:Weaversong","floor":33.0},{"not_picked":["HollowMod:NewLittleFool+1","HollowMod:ShadowDash+1"],"picked":"HollowMod:DashSlash+1","floor":35.0},{"not_picked":["HollowMod:RecoilStrike","HollowMod:SoulShaman+1"],"picked":"HollowMod:CrystalDash+1","floor":44.0},{"not_picked":["HollowMod:DungDefenderAura+1","HollowMod:HeavyBlow"],"picked":"HollowMod:CloakDash+1","floor":48},{"not_picked":["HollowMod:InfectionAssault+1","HollowMod:DescendingDark"],"picked":"HollowMod:HuntersJournal+1","floor":54}],"player_experience":409857,"relics_obtained":[{"floor":6.0,"key":"Bag of Marbles"},{"floor":8.0,"key":"Pen Nib"},{"floor":25.0,"key":"Toxic Egg 2"},{"floor":26.0,"key":"Bottled Lightning"},{"floor":43.0,"key":"MawBank"},{"floor":54,"key":"Toy Ornithopter"}],"event_choices":[],"is_beta":false,"boss_relics":[{"not_picked":["Busted Crown","Empty Cage"],"picked":"SlaversCollar"},{"not_picked":["Tiny House","Snecko Eye"],"picked":"Runic Pyramid"}],"items_purged_floors":[53],"is_endless":false,"potions_floor_spawned":[10,12,18,24,33,48,54],"ascension_level":0}}