{"host":"gg","time":1611208411,"event":{"mods":["BaseMod","Colored Map","Googly Eyes","Minty Spire (QoL Compilation)","Permanent Neow","Relic Stats","The IronCluck"],"gold_per_floor":[119,138,138,138,63,97,97,97,97,97,112,112,129,163,163,241,241,253,253,253,264,98,127,127,454,454,474,474,474,474,474],"floor_reached":30,"language":"ENG","playtime":1513,"items_purged":[],"score":598,"play_id":"8f2aa882-39cb-4fe1-bc8b-991c1d50c85d","local_time":"20210120215331","is_ascension_mode":true,"campfire_choices":[{"data":"1","floor":8.0,"key":"LIFT"},{"data":"2","floor":10.0,"key":"LIFT"},{"data":"3","floor":12.0,"key":"LIFT"},{"data":"Eruption","floor":15,"key":"SMITH"},{"data":"Defend_P","floor":24,"key":"PURGE"},{"data":"Vigilance","floor":28,"key":"SMITH"}],"circlet_count":0,"master_deck":["AscendersBane","Strike_P","Strike_P","Strike_P","Strike_P","Defend_P","Defend_P","Eruption+1","Vigilance+1","CutThroughFate","EmptyFist","Conclude","BowlingBash","ReachHeaven","WheelKick","Ragnarok+1","CutThroughFate","Tantrum+1","Consecrate+1","CrushJoints+1","LessonLearned","WheelKick","ThirdEye+1","CutThroughFate","Writhe"],"relics":["Coffee Dripper","Ice Cream","Peace Pipe","Girya","Torii","Pear","SlaversCollar","Orrery","Mummified Hand","Old Coin","Turnip"],"acts_visited":["Exordium","TheCity"],"potions_floor_usage":[21],"damage_taken":[{"damage":10.0,"enemies":"2 Louse","floor":1.0,"turns":3.0},{"damage":10.0,"enemies":"Small Slimes","floor":2.0,"turns":6.0},{"damage":30.0,"enemies":"3 Sentries","floor":6.0,"turns":6.0},{"damage":0.0,"enemies":"Cultist","floor":11.0,"turns":2.0},{"damage":0.0,"enemies":"Large Slime","floor":13.0,"turns":2.0},{"damage":8,"enemies":"Gremlin Nob","floor":14,"turns":3},{"damage":2,"enemies":"Hexaghost","floor":16,"turns":5},{"damage":0,"enemies":"Spheric Guardian","floor":18,"turns":2},{"damage":12,"enemies":"2 Thieves","floor":21,"turns":2},{"damage":23,"enemies":"Slavers","floor":23,"turns":3},{"damage":0,"enemies":"Gremlin Leader","floor":25,"turns":3},{"damage":1,"enemies":"Snecko","floor":27,"turns":3},{"damage":7,"enemies":"Shelled Parasite and Fungi","floor":30,"turns":1}],"seed_played":"-356589150450290876","potions_obtained":[{"floor":16,"key":"AttackPotion"},{"floor":23,"key":"Strength Potion"}],"is_trial":false,"path_per_floor":["M","M","?","?","?","E","T","R","T","R","M","R","M","E","R","B",null,"M","?","?","M","$","E","R","E","T","M","R","?","M"],"character_chosen":"WATCHER","items_purchased":["Orrery"],"campfire_rested":0,"item_purchase_floors":[22],"current_hp_per_floor":[51,41,23,45,45,15,15,15,15,15,15,15,15,17,17,15,62,62,62,40,28,28,5,5,5,5,4,4,4,0,0],"gold":474,"neow_bonus":"BOSS_RELIC","is_daily":false,"chose_seed":false,"campfire_upgraded":2,"win_rate":0.0,"timestamp":1611208411,"path_taken":["M","M","?","?","?","E","?","R","T","R","M","R","M","E","R","BOSS","M","?","?","M","?","E","R","E","T","M","R","?","?"],"items_purchased_type":["Relic"],"build_version":"2020-12-18","purchased_purges":0,"victory":false,"max_hp_per_floor":[68,68,68,68,68,68,68,68,68,68,68,68,68,78,78,78,78,78,78,83,83,83,83,83,83,83,83,83,83,83,83],"relic_stats":{"Peace Pipe":1,"Torii":12,"counters":[13,41],"Mummified Hand":[0],"Turnip":[2],"obtain_stats":[{"Ice Cream":3,"Peace Pipe":6,"Girya":7,"SlaversCollar":17,"Pear":14,"Torii":9,"Mummified Hand":23,"Orrery":22,"Turnip":29,"Coffee Dripper":0,"PureWater":0,"Old Coin":25},{"Ice Cream":2,"Peace Pipe":3,"Girya":3,"SlaversCollar":7,"Pear":6,"Torii":3,"Mummified Hand":10,"Orrery":9,"Turnip":12,"Coffee Dripper":0,"PureWater":0,"Old Coin":11},{"Ice Cream":9,"Peace Pipe":15,"Girya":15,"SlaversCollar":27,"Pear":22,"Torii":15,"Mummified Hand":34,"Orrery":31,"Turnip":40,"Coffee Dripper":0,"PureWater":0,"Old Coin":37}]},"card_choices":[{"not_picked":["Evaluate","Crescendo"],"picked":"CutThroughFate","floor":1.0},{"not_picked":["ThirdEye","BowlingBash"],"picked":"EmptyFist","floor":2.0},{"not_picked":["EmptyFist","LikeWater"],"picked":"Conclude","floor":6.0},{"not_picked":["ThirdEye","Protect"],"picked":"BowlingBash","floor":11.0},{"not_picked":["Halt","ClearTheMind"],"picked":"ReachHeaven","floor":13.0},{"not_picked":["FlurryOfBlows","SashWhip"],"picked":"WheelKick","floor":14},{"not_picked":["DevaForm","Judgement"],"picked":"Ragnarok","floor":16},{"not_picked":["BowlingBash+1","EmptyFist"],"picked":"CutThroughFate","floor":18},{"not_picked":["ForeignInfluence","JustLucky","PathToVictory"],"picked":"SKIP","floor":21},{"not_picked":["DeusExMachina","JustLucky"],"picked":"Consecrate+1","floor":22},{"not_picked":["Halt","BowlingBash"],"picked":"CrushJoints","floor":22},{"not_picked":["Meditate","JustLucky"],"picked":"LessonLearned","floor":22},{"not_picked":["Sanctity","Crescendo+1"],"picked":"WheelKick","floor":22},{"not_picked":["Evaluate","PathToVictory","WreathOfFlame"],"picked":"SKIP","floor":23},{"not_picked":["EmptyFist","WindmillStrike"],"picked":"ThirdEye+1","floor":25},{"not_picked":["EmptyFist","ClearTheMind+1"],"picked":"CutThroughFate","floor":27}],"player_experience":1242810,"relics_obtained":[{"floor":6.0,"key":"Peace Pipe"},{"floor":7.0,"key":"Girya"},{"floor":9.0,"key":"Torii"},{"floor":14,"key":"Pear"},{"floor":23,"key":"Mummified Hand"},{"floor":25,"key":"Old Coin"}],"event_choices":[{"damage_healed":0.0,"max_hp_gain":0.0,"max_hp_loss":0.0,"gold_gain":0.0,"event_name":"Scrap Ooze","player_choice":"Success","floor":3.0,"gold_loss":0.0,"damage_taken":18.0,"relics_obtained":["Ice Cream"]},{"damage_healed":22.0,"max_hp_gain":0.0,"max_hp_loss":0.0,"gold_gain":0.0,"event_name":"Big Fish","player_choice":"Banana","floor":4.0,"gold_loss":0.0,"damage_taken":0.0},{"cards_removed":["Defend_P"],"damage_healed":0.0,"max_hp_gain":0.0,"max_hp_loss":0.0,"gold_gain":0.0,"event_name":"The Cleric","player_choice":"Card Removal","floor":5.0,"gold_loss":75.0,"damage_taken":0.0},{"damage_healed":0,"gold_gain":0,"player_choice":"Read","damage_taken":0,"max_hp_gain":0,"max_hp_loss":0,"event_name":"The Library","floor":19,"gold_loss":0,"cards_obtained":["Tantrum"]},{"damage_healed":0,"gold_gain":0,"player_choice":"Shed Blood","damage_taken":27,"max_hp_gain":5,"max_hp_loss":0,"event_name":"Forgotten Altar","floor":20,"gold_loss":0},{"damage_healed":0,"gold_gain":0,"player_choice":"Opened","damage_taken":0,"relics_obtained":["Turnip"],"max_hp_gain":0,"max_hp_loss":0,"event_name":"The Mausoleum","floor":29,"gold_loss":0,"cards_obtained":["Writhe"]}],"is_beta":true,"boss_relics":[{"not_picked":["Fusion Hammer","Runic Dome"],"picked":"SlaversCollar"}],"items_purged_floors":[],"is_endless":false,"potions_floor_spawned":[16,23],"killed_by":"Shelled Parasite and Fungi","ascension_level":20}}