{"host":"t2jxv9tm8kj57cky","time":1611205313,"event":{"mods":["BaseMod","Minty Spire (QoL Compilation)","StSLib","The Poker Player"],"gold_per_floor":[109,109,126,126,140,171,21,21,70,145,145,170,184,214,214,214,214],"floor_reached":16,"language":"ENG","playtime":489,"items_purged":["Strike_G"],"score":158,"play_id":"2ee2724f-95ea-415e-b1c8-65b5192db8a5","local_time":"20210120230153","is_ascension_mode":false,"campfire_choices":[{"floor":8,"key":"REST"},{"floor":11,"key":"REST"},{"floor":15,"key":"REST"}],"circlet_count":0,"master_deck":["Strike_G","Strike_G","Strike_G","Strike_G","Defend_G","Defend_G","Defend_G","Defend_G","Defend_G","Survivor","Neutralize+1","Accuracy","Regret","Riddle With Holes","Blade Dance","Quick Slash","Backstab","Slice"],"relics":["Ring of the Snake","Juzu Bracelet","Vajra","Calipers","Omamori","The Specimen","Regal Pillow"],"acts_visited":["Exordium"],"potions_floor_usage":[12,14,14],"damage_taken":[{"damage":0,"enemies":"2 Louse","floor":1,"turns":2},{"damage":9,"enemies":"Jaw Worm","floor":3,"turns":7},{"damage":7,"enemies":"Small Slimes","floor":5,"turns":3},{"damage":25,"enemies":"Gremlin Nob","floor":6,"turns":4},{"damage":13,"enemies":"3 Sentries","floor":12,"turns":3},{"damage":22,"enemies":"Exordium Wildlife","floor":13,"turns":4},{"damage":9,"enemies":"Lagavulin Event","floor":14,"turns":3},{"damage":43,"enemies":"Hexaghost","floor":16,"turns":9}],"seed_played":"8569924561965431075","potions_obtained":[{"floor":1,"key":"SmokeBomb"},{"floor":6,"key":"AttackPotion"},{"floor":13,"key":"Fire Potion"}],"is_trial":false,"path_per_floor":["M","?","M","?","M","E","$","R","T","?","R","E","M","?","R","B"],"character_chosen":"THE_SILENT","items_purchased":["Backstab"],"campfire_rested":3,"item_purchase_floors":[7],"current_hp_per_floor":[70,70,61,49,42,17,17,38,38,27,48,35,13,4,40,0,0],"gold":214,"neow_bonus":"UPGRADE_CARD","is_daily":false,"chose_seed":false,"campfire_upgraded":0,"win_rate":0.0,"timestamp":1611205313,"path_taken":["M","?","M","?","M","E","$","R","T","?","R","E","M","?","R","BOSS"],"items_purchased_type":["Card"],"build_version":"2020-12-22","purchased_purges":1,"victory":false,"max_hp_per_floor":[70,70,70,70,70,70,70,70,70,70,70,70,70,70,70,70,70],"card_choices":[{"not_picked":["Dash","Dagger Spray"],"picked":"Accuracy","floor":1},{"not_picked":["Acrobatics","Deflect"],"picked":"Riddle With Holes","floor":3},{"not_picked":["Outmaneuver","Expertise"],"picked":"Blade Dance","floor":5},{"not_picked":["Expertise","Underhanded Strike"],"picked":"Quick Slash","floor":6},{"not_picked":["Escape Plan","Deflect","Bane"],"picked":"SKIP","floor":12},{"not_picked":["Distraction","Catalyst"],"picked":"Slice","floor":13}],"player_experience":84849,"relics_obtained":[{"floor":6,"key":"Calipers"},{"floor":9,"key":"Omamori"},{"floor":12,"key":"The Specimen"}],"event_choices":[{"damage_healed":0,"gold_gain":0,"player_choice":"Box","damage_taken":0,"relics_obtained":["Juzu Bracelet"],"max_hp_gain":0,"max_hp_loss":0,"event_name":"Big Fish","floor":2,"gold_loss":0,"cards_obtained":["Regret"]},{"damage_healed":0,"gold_gain":0,"player_choice":"Success","damage_taken":12,"relics_obtained":["Vajra"],"max_hp_gain":0,"max_hp_loss":0,"event_name":"Scrap Ooze","floor":4,"gold_loss":0},{"damage_healed":0,"gold_gain":75,"player_choice":"Gather Gold","damage_taken":11,"max_hp_gain":0,"max_hp_loss":0,"event_name":"World of Goop","floor":10,"gold_loss":0},{"damage_healed":0,"gold_gain":30,"player_choice":"Searched \u00273\u0027 times","damage_taken":0,"relics_obtained":["Regal Pillow"],"max_hp_gain":0,"max_hp_loss":0,"event_name":"Dead Adventurer","floor":14,"gold_loss":0}],"is_beta":false,"boss_relics":[],"items_purged_floors":[7],"is_endless":false,"potions_floor_spawned":[1,6,13,14],"killed_by":"Hexaghost","ascension_level":0}}