{"host":"v711dtdb46xe9u7l","time":1611252788,"event":{"mods":["BaseMod","Bestiary","Highlight Path","Minty Spire (QoL Compilation)","Quick Restart","StSLib"],"gold_per_floor":[112,62,72,91,104,131,131,131,131,131,148,148,179,198,198,303,303,316,316,316],"floor_reached":19,"language":"ENG","playtime":1010,"items_purged":[],"score":269,"play_id":"5d950a1e-fb8a-494f-a59c-dcddf21016f4","local_time":"20210121181308","is_ascension_mode":true,"campfire_choices":[{"data":"Rupture","floor":8,"key":"SMITH"},{"data":"Bash","floor":10,"key":"SMITH"},{"data":"Uppercut","floor":12,"key":"SMITH"},{"data":"Pommel Strike","floor":15,"key":"SMITH"}],"circlet_count":0,"master_deck":["AscendersBane","Strike_R","Strike_R","Defend_R","Defend_R","Defend_R","Defend_R","Bash+1","Impervious","Hemokinesis","Rupture+1","Uppercut+1","Shrug It Off","Pommel Strike+1","Shrug It Off","Hemokinesis","Juggernaut","Limit Break","Body Slam"],"relics":["Burning Blood","Meat on the Bone","Mummified Hand","Empty Cage"],"acts_visited":["Exordium","TheCity"],"potions_floor_usage":[5,6,11,16,16,16],"damage_taken":[{"damage":15,"enemies":"2 Louse","floor":1,"turns":4},{"damage":2,"enemies":"Small Slimes","floor":3,"turns":3},{"damage":3,"enemies":"Cultist","floor":4,"turns":4},{"damage":12,"enemies":"Gremlin Gang","floor":5,"turns":7},{"damage":16,"enemies":"3 Sentries","floor":6,"turns":8},{"damage":0,"enemies":"3 Louse","floor":11,"turns":2},{"damage":21,"enemies":"Lagavulin","floor":13,"turns":6},{"damage":4,"enemies":"Large Slime","floor":14,"turns":6},{"damage":22,"enemies":"Slime Boss","floor":16,"turns":7},{"damage":68,"enemies":"3 Byrds","floor":18,"turns":7},{"damage":30,"enemies":"Spheric Guardian","floor":19,"turns":5}],"seed_played":"-2222509566617194091","potions_obtained":[{"floor":1,"key":"Block Potion"},{"floor":3,"key":"LiquidMemories"},{"floor":7,"key":"GamblersBrew"},{"floor":7,"key":"Fire Potion"},{"floor":7,"key":"Weak Potion"},{"floor":11,"key":"DuplicationPotion"},{"floor":13,"key":"Fire Potion"}],"is_trial":false,"path_per_floor":["M","?","M","M","M","E","?","R","T","R","M","R","E","M","R","B",null,"M","M"],"character_chosen":"IRONCLAD","items_purchased":[],"campfire_rested":0,"item_purchase_floors":[],"current_hp_per_floor":[63,63,67,70,64,54,54,54,54,54,60,60,57,59,59,55,74,24,0,0],"gold":316,"neow_bonus":"ONE_RANDOM_RARE_CARD","is_daily":false,"chose_seed":false,"campfire_upgraded":4,"win_rate":0.0,"timestamp":1611252788,"path_taken":["M","?","M","M","M","E","?","R","T","R","M","R","E","M","R","BOSS","M","?"],"items_purchased_type":[],"build_version":"2020-12-22","purchased_purges":0,"victory":false,"max_hp_per_floor":[80,80,80,80,80,80,80,80,80,80,80,80,80,80,80,80,80,80,80,80],"card_choices":[{"not_picked":["Power Through","Ghostly Armor"],"picked":"Hemokinesis","floor":1},{"not_picked":["Sword Boomerang","Cleave"],"picked":"Rupture","floor":3},{"not_picked":["Flex","Headbutt"],"picked":"Uppercut","floor":4},{"not_picked":["Second Wind","Rage"],"picked":"Shrug It Off","floor":5},{"not_picked":["Flex","Second Wind"],"picked":"Pommel Strike","floor":6},{"not_picked":["Wild Strike","Intimidate"],"picked":"Shrug It Off","floor":11},{"not_picked":["Feel No Pain","Anger"],"picked":"Hemokinesis","floor":13},{"not_picked":["Pummel","Uppercut"],"picked":"Juggernaut","floor":14},{"not_picked":["Fiend Fire","Reaper"],"picked":"Limit Break","floor":16},{"not_picked":["Reckless Charge+1","Feel No Pain+1"],"picked":"Body Slam","floor":18}],"player_experience":370650,"relics_obtained":[{"floor":6,"key":"Meat on the Bone"},{"floor":13,"key":"Mummified Hand"}],"event_choices":[{"cards_removed":["Strike_R"],"damage_healed":0,"gold_gain":0,"player_choice":"Card Removal","damage_taken":0,"max_hp_gain":0,"max_hp_loss":0,"event_name":"The Cleric","floor":2,"gold_loss":50},{"damage_healed":0,"gold_gain":0,"player_choice":"Got Potions","damage_taken":0,"max_hp_gain":0,"max_hp_loss":0,"event_name":"Lab","floor":7,"gold_loss":0}],"is_beta":false,"boss_relics":[{"not_picked":["Mark of Pain","Snecko Eye"],"picked":"Empty Cage"}],"items_purged_floors":[],"is_endless":false,"potions_floor_spawned":[1,3,11,13],"killed_by":"Spheric Guardian","ascension_level":10}}