{"host":"7js0lodln6rvhp1w","time":1611197515,"event":{"mods":["Act Like it!","Aspiration","BaseMod","Better Match","Better Vampires","BetterRewards","Clockwork Mod","Conspire","Elementarium","Energized Spire","GifTheSpireLib","Hallownest","Hubris","Infinite Spire","Minty Spire (QoL Compilation)","Potionbrewer","Replay The Spire","Spicy Shops","StSLib","Stuff the Spire","The Construct","The Death Knight","The Factory","The Mystic","The Necromancer","vexMod"],"gold_per_floor":[109,109,109,125,125,125,137,172,219,252,252,283,32,47,47,151,151,171,187,203,213,213,213],"floor_reached":22,"language":"ENG","playtime":936,"items_purged":[],"score":206,"play_id":"93b70c54-0759-4dcf-ac8e-7135b173b8df","local_time":"20210120215155","is_ascension_mode":false,"campfire_choices":[{"data":"Flex","floor":6,"key":"SMITH"},{"floor":15,"key":"REST"}],"circlet_count":0,"master_deck":["Strike_R","Strike_R","Strike_R","Strike_R","Strike_R","Defend_R","Defend_R","Defend_R","Defend_R","Bash","Flex+1","Iron Wave+1","Regret","Cleave+1","Juggernaut","Clash","Rampage","Blood for Blood","Twin Strike","Limit Break","infinitespire:OneForAll+1","Spot Weakness"],"relics":["Burning Blood","hubris:SlimyHat","infinitespire:Lucky Rock","Toy Ornithopter","Regal Pillow","Red Skull","conspire:BottledYoYo"],"acts_visited":["Exordium","TheCity"],"potions_floor_usage":[10,10,19,20],"damage_taken":[{"damage":1,"enemies":"Jaw Worm","floor":1,"turns":3},{"damage":0,"enemies":"Small Slimes","floor":4,"turns":3},{"damage":9,"enemies":"conspire:RoseBush","floor":7,"turns":3},{"damage":30,"enemies":"Gremlin Nob","floor":8,"turns":4},{"damage":5,"enemies":"Replay:BlueRogue","floor":10,"turns":4},{"damage":31,"enemies":"3 Sentries","floor":12,"turns":5},{"damage":0,"enemies":"Blue Slaver","floor":14,"turns":2},{"damage":43,"enemies":"Slime Boss","floor":16,"turns":6},{"damage":32,"enemies":"2 Thieves","floor":18,"turns":4},{"damage":20,"enemies":"3 Byrds","floor":19,"turns":5},{"damage":36,"enemies":"conspire:HollyBat","floor":20,"turns":6},{"damage":10,"enemies":"Chosen and Byrds","floor":21,"turns":5},{"damage":9,"enemies":"conspire:MimicChest","floor":22,"turns":3}],"seed_played":"-2894806976548343199","potions_obtained":[{"floor":4,"key":"Adrenaline Potion"},{"floor":8,"key":"Energy Potion"},{"floor":16,"key":"Swift Potion"},{"floor":18,"key":"SpeedPotion"}],"is_trial":false,"path_per_floor":["M","?","?","M","?","R","M","E","T","E","?","E","$","M","R","B",null,"M","M","M","M","?"],"character_chosen":"IRONCLAD","items_purchased":["conspire:BottledYoYo"],"campfire_rested":1,"item_purchase_floors":[13],"current_hp_per_floor":[80,80,80,80,64,64,61,37,37,48,48,23,23,29,68,31,80,54,45,20,16,7,7],"gold":213,"neow_bonus":"THREE_CARDS","is_daily":false,"chose_seed":false,"campfire_upgraded":1,"win_rate":0.0,"timestamp":1611197515,"path_taken":["M","?","?","?","?","R","M","E","T","E","?","E","?","M","R","BOSS","M","M","M","M","?"],"items_purchased_type":["Relic"],"build_version":"2020-12-22","purchased_purges":0,"victory":false,"max_hp_per_floor":[80,80,80,80,80,80,80,80,80,80,80,80,80,80,80,80,80,80,80,80,80,80,80],"card_choices":[{"not_picked":["Wild Strike","Life Link"],"picked":"Flex","floor":0},{"not_picked":["Headbutt","True Grit"],"picked":"Iron Wave","floor":1},{"not_picked":["Armaments","Dropkick"],"picked":"Cleave","floor":4},{"not_picked":["Exhume","StuffTheSpire:RockThrow","Warcry"],"picked":"SKIP","floor":7},{"not_picked":["Sentinel","Bloodletting"],"picked":"Juggernaut","floor":8},{"not_picked":["Flex","StuffTheSpire:TitanForm"],"picked":"Clash","floor":10},{"not_picked":["Thunderclap","hubris:SharpeningStone"],"picked":"Blood for Blood","floor":12},{"not_picked":["Headbutt","Carnage"],"picked":"Twin Strike","floor":14},{"not_picked":["Offering","Demonic Infusion"],"picked":"Limit Break","floor":16},{"not_picked":["ReplayTheSpireMod:Strike From Hell","Combust"],"picked":"infinitespire:OneForAll+1","floor":18},{"not_picked":["Infernal Blade","Warcry"],"picked":"Spot Weakness","floor":19},{"not_picked":["Anger","True Grit","hubris:ReadiedAction"],"picked":"SKIP","floor":20},{"not_picked":["Wild Strike","Clash","Feel No Pain"],"picked":"SKIP","floor":21}],"player_experience":285530,"relics_obtained":[{"floor":8,"key":"infinitespire:Lucky Rock"},{"floor":9,"key":"Toy Ornithopter"},{"floor":10,"key":"Regal Pillow"},{"floor":12,"key":"Red Skull"}],"event_choices":[{"damage_healed":0,"gold_gain":0,"player_choice":"Box","damage_taken":0,"relics_obtained":["hubris:SlimyHat"],"max_hp_gain":0,"max_hp_loss":0,"event_name":"Big Fish","floor":2,"gold_loss":0,"cards_obtained":["Regret"]},{"damage_healed":0,"gold_gain":0,"player_choice":"Entered Light","damage_taken":16,"max_hp_gain":0,"max_hp_loss":0,"event_name":"Shining Light","floor":5,"gold_loss":0,"cards_upgraded":["Iron Wave","Cleave"]}],"is_beta":false,"boss_relics":[{"not_picked":["Replay:Grab Bag","hubris:CrackedHourglass","Sozu"]}],"items_purged_floors":[],"is_endless":false,"potions_floor_spawned":[4,8,16,18],"killed_by":"conspire:MimicChest","ascension_level":0}}