{"host":"fkig9nrckec4xsh0","time":1611260900,"event":{"mods":["BaseMod","Colored Map","Minty Spire (QoL Compilation)","Quick Restart","Replay The Spire","StSLib"],"gold_per_floor":[119,119,194,210,46,76,97,97,97],"floor_reached":8,"language":"ENG","playtime":276,"items_purged":[],"score":158,"play_id":"81d5d8eb-82c0-424c-b718-a707f3a09b46","local_time":"20210121152820","is_ascension_mode":true,"campfire_choices":[],"circlet_count":0,"master_deck":["AscendersBane","Strike_R","Strike_R","Strike_R","Strike_R","Strike_R","Defend_R","Defend_R","Defend_R","Bash","Havoc","Dropkick","Combust","Burning Pact","Disarm"],"relics":["Burning Blood","NeowsBlessing","ReplayTheSpireMod:TigerMarble","Omamori","Odd Mushroom"],"acts_visited":["Exordium"],"potions_floor_usage":[7],"damage_taken":[{"damage":0,"enemies":"Small Slimes","floor":1,"turns":1},{"damage":0,"enemies":"2 Louse","floor":4,"turns":1},{"damage":0,"enemies":"3 Sentries","floor":6,"turns":1},{"damage":37,"enemies":"The Mushroom Lair","floor":7,"turns":5},{"damage":58,"enemies":"Lagavulin","floor":8,"turns":6}],"seed_played":"4739807998570995304","potions_obtained":[{"floor":6,"key":"Weak Potion"}],"is_trial":false,"path_per_floor":["M","?","?","M","$","E","?","E"],"character_chosen":"IRONCLAD","items_purchased":["ReplayTheSpireMod:TigerMarble"],"campfire_rested":0,"item_purchase_floors":[5],"current_hp_per_floor":[74,74,63,69,69,75,44,0,0],"gold":97,"neow_bonus":"THREE_ENEMY_KILL","is_daily":false,"chose_seed":false,"campfire_upgraded":0,"win_rate":0.0,"timestamp":1611260900,"path_taken":["M","?","?","M","$","E","?","E"],"items_purchased_type":["Relic"],"build_version":"2020-12-22","purchased_purges":0,"victory":false,"max_hp_per_floor":[75,75,75,75,75,75,75,75,75],"card_choices":[{"not_picked":["Run Through","Warcry"],"picked":"Havoc","floor":1},{"not_picked":["Replay:Undeath\u0027s Touch","Power Through"],"picked":"Combust","floor":4},{"not_picked":["Twin Strike","Run Through"],"picked":"Burning Pact","floor":6},{"not_picked":["Body Slam","Iron Wave"],"picked":"Disarm","floor":7}],"player_experience":377948,"relics_obtained":[{"floor":6,"key":"Omamori"},{"floor":7,"key":"Odd Mushroom"}],"event_choices":[{"damage_healed":0,"gold_gain":0,"cards_transformed":["Defend_R"],"player_choice":"Change","damage_taken":0,"max_hp_gain":0,"max_hp_loss":0,"event_name":"Living Wall","floor":2,"gold_loss":0,"cards_obtained":["Dropkick"]},{"damage_healed":0,"gold_gain":75,"player_choice":"Gather Gold","damage_taken":11,"max_hp_gain":0,"max_hp_loss":0,"event_name":"World of Goop","floor":3,"gold_loss":0},{"damage_healed":0,"gold_gain":0,"player_choice":"Fought Mushrooms","damage_taken":0,"max_hp_gain":0,"max_hp_loss":0,"event_name":"Mushrooms","floor":7,"gold_loss":0}],"is_beta":false,"boss_relics":[],"items_purged_floors":[],"is_endless":false,"potions_floor_spawned":[6],"killed_by":"Lagavulin","ascension_level":20}}