{"host":"mi0eibewekhugwl1","time":1611231611,"event":{"mods":["AchievementEnabler","BaseMod","Colored Map","Colored Powertips","DeckTracker","Keyboard Shortcuts","Minty Spire (QoL Compilation)","Quick Restart","Rare Cards Sparkle","Relic Stats","StSLib","SuperFastMode","everything is the same but u backflip on backflip"],"gold_per_floor":[216,231,251,251,264,264,278,293,346,24,42,42,42,42,42,119,119,132,149,49,49,59,59,71,71,122,122,122,12,27,43,43,43,43],"floor_reached":33,"language":"KOR","playtime":639,"items_purged":["Strike_G","Strike_G"],"score":582,"play_id":"4d40e0ea-1e25-404d-9017-fcd7c5fcb39b","local_time":"20210121212011","is_ascension_mode":true,"campfire_choices":[{"data":"Dagger Spray","floor":6.0,"key":"SMITH"},{"data":"Phantasmal Killer","floor":13.0,"key":"SMITH"},{"data":"Blade Dance","floor":15.0,"key":"SMITH"},{"floor":23,"key":"REST"},{"data":"Cloak And Dagger","floor":25,"key":"SMITH"},{"data":"Footwork","floor":27,"key":"SMITH"},{"floor":32,"key":"REST"}],"circlet_count":0,"master_deck":["AscendersBane","Strike_G","Defend_G","Defend_G","Defend_G","Defend_G","Survivor+1","Neutralize+1","Dagger Spray+1","Blade Dance+1","Flying Knee+1","Backflip","Backstab","Phantasmal Killer+1","Accuracy","Masterful Stab+1","Cloak And Dagger+1","Footwork+1","Finisher","PiercingWail"],"relics":["Ring of the Serpent","Akabeko","Whetstone"],"acts_visited":["Exordium","TheCity"],"potions_floor_usage":[22,24,31,33,33],"damage_taken":[{"damage":0.0,"enemies":"2 Louse","floor":1.0,"turns":3.0},{"damage":0.0,"enemies":"Cultist","floor":2.0,"turns":4.0},{"damage":0.0,"enemies":"Jaw Worm","floor":3.0,"turns":4.0},{"damage":3.0,"enemies":"Looter","floor":5.0,"turns":4.0},{"damage":0.0,"enemies":"Red Slaver","floor":7.0,"turns":4.0},{"damage":3.0,"enemies":"Blue Slaver","floor":8.0,"turns":4.0},{"damage":0.0,"enemies":"3 Louse","floor":11.0,"turns":2.0},{"damage":0.0,"enemies":"Slime Boss","floor":16.0,"turns":3.0},{"damage":15.0,"enemies":"3 Byrds","floor":18.0,"turns":4.0},{"damage":15.0,"enemies":"Shell Parasite","floor":19.0,"turns":4.0},{"damage":0,"enemies":"Shelled Parasite and Fungi","floor":22,"turns":1},{"damage":0,"enemies":"3 Cultists","floor":24,"turns":4},{"damage":0,"enemies":"Centurion and Healer","floor":30,"turns":4},{"damage":24,"enemies":"Snake Plant","floor":31,"turns":4},{"damage":51,"enemies":"Automaton","floor":33,"turns":8}],"seed_played":"-1732918275397502052","potions_obtained":[{"floor":7.0,"key":"SteroidPotion"},{"floor":8.0,"key":"FearPotion"},{"floor":18.0,"key":"SteroidPotion"},{"floor":24,"key":"SkillPotion"},{"floor":30,"key":"Swift Potion"},{"floor":31,"key":"EssenceOfSteel"}],"is_trial":false,"path_per_floor":["M","M","M","?","M","R","M","M","T","$","M","$","R","?","R","B",null,"M","M","$","?","M","R","M","R","T","R","?","?","M","M","R","B"],"character_chosen":"THE_SILENT","items_purchased":["Phantasmal Killer","Accuracy"],"campfire_rested":2,"item_purchase_floors":[10,10],"current_hp_per_floor":[59,59,59,59,56,56,56,53,53,53,53,53,53,46,46,46,61,46,31,31,31,31,50,50,50,50,50,50,50,50,26,45,0,0],"gold":43,"neow_bonus":"HUNDRED_GOLD","is_daily":false,"chose_seed":false,"campfire_upgraded":5,"win_rate":0.0,"timestamp":1611231611,"path_taken":["M","M","M","?","M","R","M","M","T","$","M","?","R","?","R","BOSS","M","M","$","?","M","R","M","R","T","R","?","?","M","M","R","BOSS"],"items_purchased_type":["Card","Card"],"build_version":"2020-12-22","purchased_purges":2,"victory":false,"max_hp_per_floor":[66,66,66,66,66,66,66,66,66,66,66,66,66,66,66,66,66,66,66,66,66,66,66,66,66,66,66,66,66,66,66,66,66,66],"relic_stats":{"counters":[15,57],"Whetstone":["Neutralize","Flying Knee"],"obtain_stats":[{"Whetstone":26,"Akabeko":9,"Ring of the Serpent":17,"Ring of the Snake":0},{"Whetstone":12,"Akabeko":6,"Ring of the Serpent":8,"Ring of the Snake":0},{"Whetstone":41,"Akabeko":23,"Ring of the Serpent":28,"Ring of the Snake":0}]},"card_choices":[{"not_picked":["PiercingWail","Bane"],"picked":"Dagger Spray","floor":1.0},{"not_picked":["Concentrate","Quick Slash"],"picked":"Blade Dance","floor":2.0},{"not_picked":["Dodge and Roll","Leg Sweep"],"picked":"Flying Knee","floor":3.0},{"not_picked":["Poisoned Stab","Slice"],"picked":"Backflip","floor":5.0},{"not_picked":["Leg Sweep","Distraction","Dagger Throw"],"picked":"SKIP","floor":7.0},{"not_picked":["Slice","All Out Attack"],"picked":"Backstab","floor":8.0},{"not_picked":["Backstab","Bane","Flechettes"],"picked":"SKIP","floor":11.0},{"not_picked":["Dagger Throw","Bane+1"],"picked":"Masterful Stab+1","floor":18.0},{"not_picked":["Predator","Escape Plan"],"picked":"Cloak And Dagger","floor":19.0},{"not_picked":["Skewer","Acrobatics+1"],"picked":"Footwork","floor":22},{"not_picked":["Sucker Punch","Acrobatics"],"picked":"Finisher","floor":24},{"not_picked":["Eviscerate","Catalyst"],"picked":"PiercingWail","floor":30},{"not_picked":["Outmaneuver","Glass Knife","Eviscerate"],"picked":"SKIP","floor":31}],"player_experience":1745529,"relics_obtained":[{"floor":9.0,"key":"Akabeko"},{"floor":26,"key":"Whetstone"}],"event_choices":[{"cards_removed":["Strike_G"],"damage_healed":0.0,"max_hp_gain":0.0,"max_hp_loss":0.0,"gold_gain":0.0,"event_name":"Purifier","player_choice":"Purged","floor":4.0,"gold_loss":0.0,"damage_taken":0.0},{"cards_removed":["Defend_G"],"damage_healed":0.0,"max_hp_gain":0.0,"max_hp_loss":0.0,"gold_gain":0.0,"event_name":"Golden Wing","player_choice":"Card Removal","floor":14.0,"gold_loss":0.0,"damage_taken":7.0},{"damage_healed":0.0,"max_hp_gain":0.0,"max_hp_loss":0.0,"gold_gain":0.0,"event_name":"Ghosts","player_choice":"Ignored","floor":21.0,"gold_loss":0.0,"damage_taken":0.0},{"damage_healed":0,"gold_gain":0,"player_choice":"Ignored","damage_taken":0,"max_hp_gain":0,"max_hp_loss":0,"event_name":"The Mausoleum","floor":28,"gold_loss":0},{"cards_removed":["Strike_G"],"damage_healed":0,"gold_gain":0,"player_choice":"Upgrade and Remove","damage_taken":0,"max_hp_gain":0,"max_hp_loss":0,"event_name":"Designer","floor":29,"gold_loss":110,"cards_upgraded":["Survivor"]}],"is_beta":false,"boss_relics":[{"not_picked":["Coffee Dripper","Calling Bell"],"picked":"Ring of the Serpent"}],"items_purged_floors":[10,20],"is_endless":false,"potions_floor_spawned":[7,8,18,24,30,31],"killed_by":"Automaton","ascension_level":20}}