{"host":"ctlqibkg0sskiu65","time":1611222117,"event":{"mods":["AchievementEnabler","Aspiration","BaseMod","BetterRewards","Colored Map","Colored Powertips","Conspire","Fiend Mod","Infinite Spire","Minty Spire (QoL Compilation)","Quick Restart","Replay The Spire","Shop Mod","StSLib","The Bladedancer","The Cursed","The Hierophant","The Jungle","The Kombatant","The Servant 0.9.4","TheBandit"],"gold_per_floor":[113,132,143,218,218,218,250,250,250,250,270,281,281,292,292,370,370,386,386,386,301,301,301,13,44,44,78,3,20,20,20,20,97,97,97,97,97,110,110,135,135,148,148,160,11,11,43,58,58,58],"floor_reached":51,"language":"ENG","playtime":2765,"items_purged":["conspire:GhostlyStrike+1"],"score":1609,"play_id":"afa1c51c-72fc-4f8f-bad6-c588df472e46","local_time":"20210121034157","is_ascension_mode":true,"campfire_choices":[{"data":"Cloak And Dagger","floor":6,"key":"SMITH"},{"data":"Distraction","floor":8,"key":"SMITH"},{"data":"Blade Dance","floor":10,"key":"SMITH"},{"data":"Replay:Bootleg Shield Generator","floor":15,"key":"SMITH"},{"data":"Apotheosis","floor":23,"key":"SMITH"},{"data":"Bouncing Flask","floor":32,"key":"SMITH"},{"floor":41,"key":"REST"},{"data":"Replay:Poison Smokescreen","floor":46,"key":"SMITH"}],"circlet_count":0,"master_deck":["AscendersBane","conspire:GhostlyStrike+1","conspire:GhostlyStrike+1","conspire:GhostlyStrike+1","conspire:GhostlyDefend+1","conspire:GhostlyDefend+1","conspire:GhostlyDefend+1","conspire:GhostlyDefend+1","Survivor","Neutralize","Slice+1","Apotheosis+1","Impatience","Replay:Bootleg Shield Generator+1","Blade Dance+1","Poisoned Stab","Cloak And Dagger+1","Distraction+1","Corpse Explosion","Bouncing Flask+1","Replay:Poison Smokescreen+1","Bane+1"],"relics":["Ring of the Serpent","ReplayTheSpireMod:ShopPack","Replay:Accelerometer","Toy Ornithopter","Snack Pack","FossilizedHelix","Ninja Scroll","Replay:PocketPolymizer","Basket Of Snakes","Torii","Empty Cage","Pondfish Scales","infinitespire:Bottled Soul","Bottled Lightning","Replay:Mystery Machine","Thread and Needle"],"acts_visited":["Exordium","TheCity","TheBeyond"],"potions_floor_usage":[18,27,35,40,44,47,50],"damage_taken":[{"damage":7,"enemies":"Cultist","floor":1,"turns":4},{"damage":1,"enemies":"Jaw Worm","floor":2,"turns":4},{"damage":0,"enemies":"2 Louse","floor":3,"turns":3},{"damage":11,"enemies":"3 Sentries","floor":7,"turns":8},{"damage":0,"enemies":"Large Slime","floor":11,"turns":4},{"damage":13,"enemies":"Exordium Wildlife","floor":12,"turns":6},{"damage":0,"enemies":"2 Fungi Beasts","floor":14,"turns":4},{"damage":11,"enemies":"Hexaghost","floor":16,"turns":11},{"damage":12,"enemies":"Chosen","floor":18,"turns":4},{"damage":9,"enemies":"conspire:SneckoGhost","floor":25,"turns":6},{"damage":18,"enemies":"Slavers","floor":27,"turns":5},{"damage":9,"enemies":"conspire:FuzzyDice","floor":29,"turns":6},{"damage":17,"enemies":"conspire:MysteriousRune","floor":33,"turns":8},{"damage":0,"enemies":"3 Darklings","floor":35,"turns":2},{"damage":0,"enemies":"Orb Walker","floor":38,"turns":4},{"damage":76,"enemies":"Nemesis","floor":40,"turns":11},{"damage":0,"enemies":"4 Shapes","floor":42,"turns":7},{"damage":18,"enemies":"Maw","floor":44,"turns":7},{"damage":51,"enemies":"Giant Head","floor":47,"turns":10},{"damage":1,"enemies":"Writhing Mass","floor":48,"turns":10},{"damage":18,"enemies":"infinitespire:MassOfShapes","floor":50,"turns":16}],"seed_played":"-1520313246012465097","potions_obtained":[{"floor":2,"key":"SmokeBomb"},{"floor":3,"key":"conspire:TimeTravelPotion"},{"floor":25,"key":"Weak Potion"},{"floor":29,"key":"BlessingOfTheForge"},{"floor":38,"key":"Regen Potion"},{"floor":40,"key":"LifebloodPotion"},{"floor":44,"key":"BlessingOfTheForge"},{"floor":48,"key":"Milkshake"}],"is_trial":false,"path_per_floor":["M","M","M","?","?","R","E","R","T","R","M","M","?","M","R","B",null,"M","?","?","?","?","R","$","E","T","E","$","M","?","?","R","B",null,"M","T","?","M","?","E","R","M","T","M","$","R","E","M","R_BF","B",null],"character_chosen":"THE_SILENT","items_purchased":["ReplayTheSpireMod:ShopPack","Slice","Ninja Scroll","Bouncing Flask","Replay:Mystery Machine"],"campfire_rested":1,"item_purchase_floors":[0,0,24,24,45],"current_hp_per_floor":[52,51,51,40,40,40,29,29,29,29,37,28,28,30,30,45,61,66,66,48,48,48,48,48,49,49,42,42,41,41,41,41,42,64,71,71,81,81,81,28,52,58,58,61,61,61,30,43,67,64],"gold":58,"neow_bonus":"","is_daily":false,"chose_seed":false,"campfire_upgraded":7,"win_rate":0.0,"timestamp":1611222117,"path_taken":["M","M","M","?","?","R","E","R","T","R","M","M","?","M","R","BOSS","M","?","?","?","?","R","$","E","T","E","$","?","?","?","R","BOSS","M","?","?","?","?","E","R","M","T","M","$","R","E","M","R_BF","BOSS"],"items_purchased_type":["Relic","Card","Relic","Card","Relic"],"build_version":"2020-12-22","purchased_purges":1,"victory":true,"max_hp_per_floor":[66,66,66,66,66,66,66,66,66,66,66,66,66,66,66,66,66,66,66,71,71,71,71,71,71,71,71,71,71,71,71,71,71,71,71,71,81,81,81,81,81,81,81,81,81,81,81,81,81,81],"card_choices":[{"not_picked":["Metamorphosis","Crow Ritual"],"picked":"Apotheosis","floor":0},{"not_picked":["Secret Technique","ReplayTheSpireMod:Necrogeddon"],"picked":"Impatience","floor":0},{"not_picked":["Dark Shackles","Crow Ritual"],"picked":"Replay:Bootleg Shield Generator","floor":0},{"not_picked":["Outmaneuver","Deflect"],"picked":"Blade Dance","floor":1},{"not_picked":["Deflect","Backflip"],"picked":"Poisoned Stab","floor":2},{"not_picked":["Skewer","Blade Dance"],"picked":"Cloak And Dagger","floor":3},{"not_picked":["Backflip","Riddle With Holes"],"picked":"Distraction","floor":7},{"not_picked":["Tactician","Outmaneuver","PiercingWail"],"picked":"SKIP","floor":11},{"not_picked":["PiercingWail","Sucker Punch","ReplayTheSpireMod:Tripwire"],"picked":"SKIP","floor":12},{"not_picked":["Dagger Throw","Hidden Blade","Night Terror"],"picked":"SKIP","floor":14},{"not_picked":["Die Die Die","Replay:Bag of Tricks"],"picked":"Corpse Explosion","floor":16},{"not_picked":["Dagger Throw+1","Eviscerate","Slice"],"picked":"SKIP","floor":18},{"not_picked":["Prepared","Acrobatics","ReplayTheSpireMod:From All Sides"],"picked":"SKIP","floor":25},{"not_picked":["conspire:DoublingDagger","ReplayTheSpireMod:Necrosis"],"picked":"Replay:Poison Smokescreen","floor":27},{"not_picked":["Replay:Poison Smokescreen","conspire:DoublingDagger","Deflect"],"picked":"SKIP","floor":29},{"not_picked":["Die Die Die","Atom Bomb"],"picked":"infinitespire:Neurotoxin","floor":33},{"not_picked":["Prepared","Noxious Fumes","Acrobatics"],"picked":"SKIP","floor":38},{"not_picked":["Hidden Blade","conspire:PoisonWeapons","ReplayTheSpireMod:Exploit Weakness"],"picked":"SKIP","floor":40},{"not_picked":["Prepared","Underhanded Strike+1","Riddle With Holes"],"picked":"SKIP","floor":42},{"not_picked":["Hidden Blade","Dagger Spray"],"picked":"Bane+1","floor":44},{"not_picked":["Eviscerate","Grand Finale","Accuracy"],"picked":"SKIP","floor":47},{"not_picked":["Sucker Punch","Masterful Stab+1","Outmaneuver"],"picked":"SKIP","floor":48}],"player_experience":215608,"relics_obtained":[{"floor":7,"key":"Toy Ornithopter"},{"floor":9,"key":"Snack Pack"},{"floor":25,"key":"Replay:PocketPolymizer"},{"floor":26,"key":"Basket Of Snakes"},{"floor":27,"key":"Torii"},{"floor":36,"key":"Pondfish Scales"},{"floor":40,"key":"infinitespire:Bottled Soul"},{"floor":43,"key":"Bottled Lightning"},{"floor":47,"key":"Thread and Needle"}],"event_choices":[{"damage_healed":0,"gold_gain":75,"player_choice":"Gather Gold","damage_taken":11,"max_hp_gain":0,"max_hp_loss":0,"event_name":"World of Goop","floor":4,"gold_loss":0},{"damage_healed":0,"gold_gain":0,"player_choice":"Agree","damage_taken":0,"max_hp_gain":0,"max_hp_loss":0,"event_name":"conspire:LoneGhost","floor":5,"gold_loss":0},{"damage_healed":0,"gold_gain":0,"player_choice":"Shed Blood","damage_taken":23,"max_hp_gain":5,"max_hp_loss":0,"event_name":"Forgotten Altar","floor":20,"gold_loss":0},{"damage_healed":0,"gold_gain":0,"player_choice":"Obtained Relic","damage_taken":0,"relics_obtained":["FossilizedHelix"],"max_hp_gain":0,"max_hp_loss":0,"event_name":"Addict","floor":21,"gold_loss":85},{"damage_healed":0,"gold_gain":0,"player_choice":"Simplicity","damage_taken":0,"max_hp_gain":0,"max_hp_loss":0,"event_name":"Back to Basics","floor":22,"gold_loss":0,"cards_upgraded":["conspire:GhostlyStrike","conspire:GhostlyStrike","conspire:GhostlyStrike","conspire:GhostlyStrike","conspire:GhostlyStrike","conspire:GhostlyDefend","conspire:GhostlyDefend","conspire:GhostlyDefend","conspire:GhostlyDefend","conspire:GhostlyDefend"]},{"damage_healed":0,"gold_gain":0,"player_choice":"Ignored","damage_taken":0,"max_hp_gain":0,"max_hp_loss":0,"event_name":"Vampires","floor":30,"gold_loss":0},{"damage_healed":0,"gold_gain":0,"player_choice":"Ignored","damage_taken":0,"max_hp_gain":0,"max_hp_loss":0,"event_name":"Transmorgrifier","floor":31,"gold_loss":0},{"cards_removed":["infinitespire:Neurotoxin"],"damage_healed":0,"gold_gain":0,"player_choice":"Offered Rare","damage_taken":0,"max_hp_gain":10,"max_hp_loss":0,"event_name":"Bonfire Elementals","floor":37,"gold_loss":0}],"is_beta":false,"boss_relics":[{"not_picked":["Snecko Scales","Replay:Grab Bag"],"picked":"Ring of the Serpent"},{"not_picked":["Runic Pyramid","Coffee Dripper"],"picked":"Empty Cage"}],"items_purged_floors":[28],"is_endless":false,"potions_floor_spawned":[2,3,11,25,29,38,40,44,48],"ascension_level":15}}