{"host":"8u7tvcybuv0u72fd","time":1611206748,"event":{"mods":["BaseMod","BetterRewards","Colored Map","Colored Powertips","Minty Spire (QoL Compilation)","Quick Restart","Shop Mod"],"gold_per_floor":[109,284,284,299,154,188,214,214,214,227,246,101,116,116,116,211,211,222,53,69,80,80,80,106,106,133,167,184,198,198,198,198,293,343,362,42,92,92,112,112,126,144,144,144,161,161,161,176,176,176,176,176,6,6,6],"floor_reached":54,"language":"ENG","playtime":2793,"items_purged":["Strike_R","Defend_R"],"score":902,"play_id":"870ead71-5d52-40e0-818b-71abfc1ee554","local_time":"20210121002548","is_ascension_mode":false,"campfire_choices":[{"data":"Bash","floor":8.0,"key":"SMITH"},{"data":"Berserk","floor":15.0,"key":"SMITH"},{"data":"Rampage","floor":23.0,"key":"SMITH"},{"data":"Shrug It Off","floor":25.0,"key":"SMITH"},{"data":"Cleave","floor":30.0,"key":"SMITH"},{"floor":32.0,"key":"REST"},{"data":"Barricade","floor":40.0,"key":"SMITH"},{"data":"Flame Barrier","floor":44.0,"key":"SMITH"},{"data":"Defend_R","floor":47.0,"key":"SMITH"},{"floor":49.0,"key":"RECALL"},{"data":"Defend_R","floor":52.0,"key":"SMITH"}],"circlet_count":0,"master_deck":["Strike_R","Strike_R+1","Strike_R+1","Defend_R","Defend_R+1","Defend_R+1","Bash+1","Rampage+1","Shrug It Off+1","Cleave+1","Headbutt+1","Berserk+1","Clash+1","Uppercut+1","Barricade+1","Flame Barrier+1","Rage+1","Madness","Impervious"],"relics":["Burning Blood","Bronze Scales","Turnip","Orichalcum","HornCleat","Odd Mushroom","Membership Card","Black Star","Ice Cream","Art of War","MutagenicStrength","Bottled Tornado","ClockworkSouvenir","MerchantsRug","FossilizedHelix","Self Forming Clay","Gremlin Horn"],"acts_visited":["Exordium","TheCity","TheBeyond","TheEnding"],"potions_floor_usage":[54,54],"damage_taken":[{"damage":1.0,"enemies":"Jaw Worm","floor":1.0,"turns":3.0},{"damage":0.0,"enemies":"Small Slimes","floor":4.0,"turns":3.0},{"damage":8.0,"enemies":"Gremlin Nob","floor":6.0,"turns":4.0},{"damage":7.0,"enemies":"The Mushroom Lair","floor":7.0,"turns":4.0},{"damage":0.0,"enemies":"2 Louse","floor":10.0,"turns":2.0},{"damage":0.0,"enemies":"Gremlin Gang","floor":11.0,"turns":4.0},{"damage":0.0,"enemies":"Exordium Thugs","floor":13.0,"turns":3.0},{"damage":40.0,"enemies":"Slime Boss","floor":16.0,"turns":10.0},{"damage":12.0,"enemies":"Shell Parasite","floor":18.0,"turns":4.0},{"damage":11.0,"enemies":"2 Thieves","floor":20.0,"turns":4.0},{"damage":21.0,"enemies":"Sentry and Sphere","floor":21.0,"turns":7.0},{"damage":26.0,"enemies":"Book of Stabbing","floor":24.0,"turns":4.0},{"damage":12.0,"enemies":"Gremlin Leader","floor":27.0,"turns":8.0},{"damage":4.0,"enemies":"Chosen and Byrds","floor":28.0,"turns":4.0},{"damage":4.0,"enemies":"Snake Plant","floor":29.0,"turns":4.0},{"damage":53.0,"enemies":"Automaton","floor":33.0,"turns":10.0},{"damage":3.0,"enemies":"3 Darklings","floor":35.0,"turns":5.0},{"damage":0.0,"enemies":"Mind Bloom Boss Battle","floor":37.0,"turns":6.0},{"damage":0.0,"enemies":"3 Shapes","floor":39.0,"turns":5.0},{"damage":20.0,"enemies":"Jaw Worm Horde","floor":41.0,"turns":4.0},{"damage":0.0,"enemies":"3 Darklings","floor":42.0,"turns":7.0},{"damage":0.0,"enemies":"4 Shapes","floor":45.0,"turns":6.0},{"damage":0.0,"enemies":"Spire Growth","floor":48.0,"turns":5.0},{"damage":80.0,"enemies":"Donu and Deca","floor":50.0,"turns":13.0},{"damage":121,"enemies":"Shield and Spear","floor":54,"turns":9}],"seed_played":"6882062943618223190","potions_obtained":[{"floor":1.0,"key":"Dexterity Potion"},{"floor":7.0,"key":"DistilledChaos"},{"floor":13.0,"key":"Dexterity Potion"},{"floor":21.0,"key":"Ancient Potion"},{"floor":27.0,"key":"Strength Potion"},{"floor":28.0,"key":"Fire Potion"},{"floor":29.0,"key":"Regen Potion"},{"floor":33.0,"key":"DuplicationPotion"},{"floor":35.0,"key":"Block Potion"},{"floor":42.0,"key":"FearPotion"}],"is_trial":false,"path_per_floor":["M","?","?","M","$","E","?","R","T","M","M","$","M","?","R","B",null,"M","$","M","M","T","R","E","R","T","E","M","M","R","?","R","B",null,"M","$","?","?","M","R","M","M","T","R","M","?","R","M","R","B",null,"R","$","E"],"character_chosen":"IRONCLAD","items_purchased":["Bronze Scales","Rampage","Shrug It Off","FearPotion","Orichalcum","Membership Card","Ice Cream","Energy Potion","Bottled Tornado","ClockworkSouvenir","MerchantsRug","EntropicBrew","Flame Barrier","Self Forming Clay","Impervious","Gremlin Horn","BloodPotion","CultistPotion","PowerPotion"],"campfire_rested":1,"item_purchase_floors":[0,0,0,0,5,12,19,19,36,36,36,36,36,53,53,53,53,53,53],"current_hp_per_floor":[57,57,50,56,56,54,53,53,63,69,75,75,81,81,81,47,90,84,84,79,64,64,64,44,44,44,38,40,42,42,42,69,22,95,95,95,95,95,95,95,81,87,87,87,93,93,93,95,95,21,95,95,95,0,0],"gold":6,"neow_bonus":"","is_daily":false,"chose_seed":false,"campfire_upgraded":9,"win_rate":0.0,"timestamp":1611206748,"path_taken":["M","?","?","M","$","E","?","R","T","M","M","?","M","?","R","BOSS","M","$","M","?","?","R","E","R","T","E","M","M","R","?","R","BOSS","M","$","?","?","?","R","M","M","T","R","M","?","R","M","R","BOSS","R","$","E"],"items_purchased_type":["Relic","Card","Card","Potion","Relic","Relic","Relic","Potion","Relic","Relic","Relic","Potion","Card","Relic","Card","Relic","Potion","Potion","Potion"],"build_version":"2020-12-22","purchased_purges":2,"victory":false,"max_hp_per_floor":[80,80,80,80,80,80,80,80,90,90,90,90,90,90,90,90,90,90,90,90,90,90,90,90,90,90,90,90,90,90,90,90,90,95,95,95,95,95,95,95,95,95,95,95,95,95,95,95,95,95,95,95,95,95,95],"card_choices":[{"not_picked":["Warcry","Clothesline","Thunderclap"],"picked":"SKIP","floor":1.0},{"not_picked":["Entrench","Armaments","Clothesline"],"picked":"SKIP","floor":4.0},{"not_picked":["Fiend Fire","Clothesline"],"picked":"Cleave","floor":6.0},{"not_picked":["Combust","Searing Blow","Immolate"],"picked":"SKIP","floor":10.0},{"not_picked":["Searing Blow","Havoc"],"picked":"Headbutt","floor":11.0},{"not_picked":["Shrug It Off","Sword Boomerang","Sentinel"],"picked":"SKIP","floor":13.0},{"not_picked":["Anger","Flex","Intimidate"],"picked":"SKIP","floor":18.0},{"not_picked":["Sever Soul+1","Thunderclap","Fire Breathing"],"picked":"SKIP","floor":20.0},{"not_picked":["Wild Strike","Clash+1","Shrug It Off"],"picked":"SKIP","floor":21.0},{"not_picked":["Wild Strike","Shrug It Off"],"picked":"Clash+1","floor":21.0},{"not_picked":["Anger+1","Iron Wave","True Grit"],"picked":"SKIP","floor":24.0},{"not_picked":["Shockwave","Cleave"],"picked":"Uppercut+1","floor":27.0},{"not_picked":["Clothesline","Perfected Strike","Flame Barrier"],"picked":"SKIP","floor":28.0},{"not_picked":["Second Wind","Bloodletting","Feel No Pain"],"picked":"SKIP","floor":29.0},{"not_picked":["Juggernaut","Berserk"],"picked":"Barricade","floor":33.0},{"not_picked":["Power Through","Twin Strike","Heavy Blade"],"picked":"SKIP","floor":35.0},{"not_picked":["Pummel","Wild Strike","Perfected Strike+1"],"picked":"SKIP","floor":39.0},{"not_picked":["Headbutt+1","Inflame+1","Feel No Pain"],"picked":"SKIP","floor":41.0},{"not_picked":["Anger+1","Inflame+1","Shrug It Off"],"picked":"SKIP","floor":42.0},{"not_picked":["Seeing Red","Sword Boomerang+1"],"picked":"Rage+1","floor":45.0},{"not_picked":["Swift Strike","Panacea"],"picked":"Madness","floor":46.0},{"not_picked":["Evolve+1","Spot Weakness","Flame Barrier"],"picked":"SKIP","floor":48.0}],"player_experience":1382312,"relics_obtained":[{"floor":6.0,"key":"HornCleat"},{"floor":7.0,"key":"Odd Mushroom"},{"floor":9.0,"key":"Pear"},{"floor":24.0,"key":"Girya"},{"floor":24.0,"key":"White Beast Statue"},{"floor":26.0,"key":"MealTicket"},{"floor":27.0,"key":"Art of War"},{"floor":27.0,"key":"Whetstone"},{"floor":37.0,"key":"FossilizedHelix"},{"floor":43.0,"key":"Unceasing Top"}],"event_choices":[{"damage_healed":0.0,"max_hp_gain":0.0,"max_hp_loss":0.0,"gold_gain":175.0,"event_name":"Liars Game","player_choice":"AGREE","floor":2.0,"gold_loss":0.0,"damage_taken":0.0,"cards_obtained":["Doubt"]},{"cards_removed":["Doubt"],"damage_healed":0.0,"max_hp_gain":0.0,"max_hp_loss":0.0,"gold_gain":0.0,"event_name":"Golden Wing","player_choice":"Card Removal","floor":3.0,"gold_loss":0.0,"damage_taken":7.0},{"damage_healed":0.0,"max_hp_gain":0.0,"max_hp_loss":0.0,"gold_gain":0.0,"event_name":"Mushrooms","player_choice":"Fought Mushrooms","floor":7.0,"gold_loss":0.0,"damage_taken":0.0},{"cards_removed":["Strike_R"],"damage_healed":0.0,"max_hp_gain":0.0,"max_hp_loss":0.0,"gold_gain":0.0,"event_name":"NoteForYourself","player_choice":"Took Card","floor":14.0,"gold_loss":0.0,"damage_taken":0.0,"cards_obtained":["Berserk"]},{"damage_healed":0.0,"max_hp_gain":0.0,"max_hp_loss":0.0,"gold_gain":0.0,"event_name":"Drug Dealer","player_choice":"Inject Mutagens","floor":31.0,"gold_loss":0.0,"damage_taken":0.0,"relics_obtained":["MutagenicStrength"]},{"damage_healed":0.0,"max_hp_gain":0.0,"max_hp_loss":0.0,"gold_gain":0.0,"event_name":"MindBloom","player_choice":"Fight","floor":37.0,"gold_loss":0.0,"damage_taken":0.0},{"damage_healed":0.0,"max_hp_gain":0.0,"max_hp_loss":0.0,"gold_gain":0.0,"event_name":"The Woman in Blue","player_choice":"Bought 0 Potions","floor":38.0,"gold_loss":0.0,"damage_taken":0.0},{"damage_healed":0.0,"max_hp_gain":0.0,"max_hp_loss":0.0,"gold_gain":0.0,"event_name":"SensoryStone","player_choice":"Memory 1","floor":46.0,"gold_loss":0.0,"damage_taken":0.0}],"is_beta":false,"boss_relics":[{"not_picked":["Fusion Hammer","Astrolabe"],"picked":"Black Star"},{"not_picked":["Cursed Key","Runic Dome"],"picked":"Tiny House"}],"items_purged_floors":[0,53],"is_endless":false,"potions_floor_spawned":[1,7,13,21,27,28,29,33,35,37,39,41,42,45,48],"killed_by":"Shield and Spear","ascension_level":0}}