{"host":"l9d4bclu8pwa3q15","time":1609389180,"event":{"mods":["Act Like it!","BaseMod","Better Altar","Better Match","Better Note","Better Sensory Stone","Better Skull","BetterRewards","Colored Map","Colored Powertips","Downfall","Emptier Cage","Gensokyo","GifTheSpireLib","Keyboard Shortcuts","Koishi","KomeijiMod","Lobotomy","LobotomyExtend","Minty Spire (QoL Compilation)","Quick Restart","Rare Cards Sparkle","Relic Sorter","Remilia_Scarlet Moed（蕾米莉亚・斯卡雷特）3.3.5","Replay The Spire","Spicy Shops","StSLib","The Alterego","UnlockEverythingMod","Waifu the Spire","WarShipGirlsR/战舰少女R mod","Yakumo Yukari mod","Youmu（魂魄妖梦）","Yuyuko"],"gold_per_floor":[99,116,116,139,159,159,159,170,188,38,38,54,54,54,54,54],"floor_reached":4,"playtime":611,"items_purged":[],"score":55,"play_id":"eb41a688-f853-4568-aac3-dcac295e2116","local_time":"20201231123300","is_ascension_mode":false,"campfire_choices":[{"floor":1,"key":"RECALL"},{"data":"Slimebound:BestDefense","floor":10,"key":"SMITH"},{"data":"Slimebound:HauntingLick","floor":1,"key":"SMITH"}],"circlet_count":0,"master_deck":["Slimebound:Strike_Slimebound","Slimebound:Strike_Slimebound","Slimebound:Strike_Slimebound","Slimebound:Tackle","Slimebound:Defend_Slimebound","Slimebound:Defend_Slimebound","Slimebound:Defend_Slimebound","Slimebound:Defend_Slimebound","Slimebound:Split","Slimebound:CorrosiveSpit+1","Slimebound:HauntingLick+1","Slimebound:ComboTackle","Slimebound:Prepare+1","Slimebound:BestDefense+1","Slimebound:SplitMire"],"relics":["Slimebound:AbsorbEndCombat","ThirstyCross","Blue Candle","downfall:HeartBlessingRed","downfall:HeartBlessingBlue","MagicBullet_r","LetterFromLob","LaetitiaHeart"],"acts_visited":["Exordium"],"potions_floor_usage":[9],"damage_taken":[{"damage":10,"enemies":"Jaw Worm","floor":2,"turns":3},{"damage":15,"enemies":"Small Slimes","floor":5,"turns":3},{"damage":4,"enemies":"Cultist","floor":8,"turns":3},{"damage":10,"enemies":"Gremlin Gang","floor":9,"turns":4},{"damage":0,"enemies":"2 Louse","floor":2,"turns":1},{"damage":0,"enemies":"2 Louse","floor":4,"turns":1}],"seed_played":"6806962523931154965","potions_obtained":[{"floor":5,"key":"ColorlessPotion"},{"floor":8,"key":"Venom Potion"},{"floor":2,"key":"FearPotion"}],"is_trial":false,"path_per_floor":["R","M","?","T","M","?","T","M","M","R","$","R","M","?","?"],"character_chosen":"SLIMEBOUND","items_purchased":[],"campfire_rested":0,"item_purchase_floors":[],"current_hp_per_floor":[66,66,66,66,59,59,59,63,65,75,76,76,76,0,0,0],"gold":54,"neow_bonus":"TEN_PERCENT_HP_BONUS","is_daily":false,"chose_seed":false,"campfire_upgraded":2,"win_rate":0.0,"timestamp":1609389180,"path_taken":["R","M","?","?","M","?","T","?","?","R","$","R","M","?","?"],"items_purchased_type":[],"build_version":"2020-12-22","purchased_purges":0,"victory":false,"max_hp_per_floor":[66,66,66,66,66,66,66,66,66,76,76,76,76,76,76,76],"card_choices":[{"not_picked":["Slimebound:LeechEnergy","Slimebound:Equalize"],"picked":"Slimebound:HauntingLick","floor":2},{"not_picked":["Slimebound:ServeAndProtect","Slimebound:RollThrough"],"picked":"Slimebound:ComboTackle","floor":5},{"not_picked":["Slimebound:GoopSpray","Slimebound:PressTheAttack"],"picked":"Slimebound:Prepare","floor":8},{"not_picked":["Slimebound:ViciousTackle","Slimebound:TongueLash"],"picked":"Slimebound:BestDefense","floor":9},{"not_picked":["Slimebound:RollThrough","Slimebound:SlimeSpikes"],"picked":"Slimebound:SplitMire","floor":2}],"player_experience":86271,"relics_obtained":[{"floor":2,"key":"LetterFromLob"},{"floor":7,"key":"Blue Candle"},{"floor":2,"key":"LetterFromLob"}],"event_choices":[{"cards_removed":["Slimebound:Defend_Slimebound"],"damage_healed":0,"gold_gain":0,"player_choice":"Give","damage_taken":0,"max_hp_gain":0,"max_hp_loss":0,"event_name":"betterNote:BetterNote","floor":6,"gold_loss":0,"cards_obtained":["Slimebound:Defend_Slimebound"]},{"cards_removed":["Slimebound:Defend_Slimebound"],"damage_healed":0,"gold_gain":0,"player_choice":"Give","damage_taken":0,"max_hp_gain":0,"max_hp_loss":0,"event_name":"betterNote:BetterNote","floor":3,"gold_loss":0,"cards_obtained":["Slimebound:Defend_Slimebound"]}],"is_beta":false,"boss_relics":[],"items_purged_floors":[],"is_endless":false,"potions_floor_spawned":[5,8,2],"killed_by":"2 Louse","ascension_level":0}}