{"host":"txisuftzfyypgs93","time":1609416856,"event":{"mods":["Act Like it!","Aspiration","BaseMod","Colored Powertips","Conspire","Downfall","Gensokyo","GifTheSpireLib","Highlight Path","Hubris","Infinite Spire","Lobotomy","Minty Spire (QoL Compilation)","Replay The Spire","Shop Mod","StSLib","The Bug Knight","The Cursed","The Jungle","vexMod"],"gold_per_floor":[99,119,119,119,139,9999,9999,10031,10045,10070,10089,10089,10103,9044,9055,9153,9153,9153,9163,7951,7951,7962,7981,8057,8086,8086,8102,8102,8117,8145,7190,7201,7302,7302,7327,7347,6701,6715,6715,6715,6715],"floor_reached":39,"playtime":4172,"items_purged":["hexamod:Strike","hexamod:Defend","Regret"],"score":608,"play_id":"1880c30a-0b67-426a-98bc-ad3a676142bc","local_time":"20201231201416","is_ascension_mode":false,"campfire_choices":[{"floor":1,"key":"DIG"},{"floor":12,"key":"RECALL"},{"data":"hexamod:EtherealExpedition","floor":18,"key":"SMITH"},{"floor":28,"key":"REST"}],"circlet_count":0,"master_deck":["hexamod:Strike","hexamod:Strike","hexamod:Defend+1","hexamod:Defend+1","hexamod:Defend+1","hexamod:Sear+1","hexamod:Float","hexamod:AdvancingGuard+1","Regret","hexamod:SpectersWail","hexamod:SkipABeat","hexamod:UnleashSpirits","hexamod:RetreatToShadows","hexamod:GhostShield","hexamod:HauntingEcho","hexamod:GhostLash","hexamod:CrushingStance+1","hexamod:ThirdSeal","hexamod:SoulSteal","hexamod:SwordOfDarkness","hexamod:EtherealExpedition+1","hexamod:VolcanoVisage","hexamod:FifthSeal","hexamod:SixthSeal","hexamod:Haunt","hexamod:FirstSeal","hexamod:DynamicBlow","hexamod:BurningTouch+1","Violence","hexamod:Rewind","hexamod:FastForward","hexamod:Rewind","hexamod:ExtraCrispy","hexamod:NecessarySacrifice","hexamod:TimeWarp","hexamod:HeatMetal","hexamod:SpectralAdrenaline+1","hexamod:Haunt+1","hexamod:EmpoweredFlame+1","hexamod:ChargedBarrage","hexamod:RadiantFlame+1","hexamod:TimeOfNeed","hexamod:FirstSeal","hexamod:GhostOfSpirePast","hexamod:InspiringFlames","hexamod:RecurringNightmare","hexamod:HexaLevel","hexamod:TimeOfNeed","Gensokyo:Shovel","Gensokyo:BlemishedSteel","Gensokyo:LockedMedkit","Gensokyo:BlemishedSteel"],"relics":["hexamod:SpiritBrand","vexMod:Dragonfruit","Replay:Accelerometer","hubris:GlazedTorus","aspiration:Lifesprig","Ancient Tea Set","hubris:SphereOfDissonance","Mirror","Eternal Feather","Replay:Lucky Slots","Philosopher\u0027s Stone","vexMod:RetaliationKit","Peace Pipe","Orrery","Happy Flower","Torii","vexMod:MysteryBossChallenge","ReplayTheSpireMod:Lightbulb","Replay:PocketPolymizer","conspire:InfiniteJournal","MerchantsRug","conspire:RunicOctahedron","aspiration:SeaSaltIceCream","vexMod:TimeEaterHat","Strange Spoon","vexMod:Cooldron","DollysMirror"],"acts_visited":["Exordium","TheCity","TheCity"],"potions_floor_usage":[8,10,16,16,16,19,25,30,30,33,33,35],"damage_taken":[{"damage":3,"enemies":"Small Slimes","floor":2,"turns":4},{"damage":2,"enemies":"2 Louse","floor":5,"turns":2},{"damage":14,"enemies":"3 Sentries","floor":6,"turns":4},{"damage":4,"enemies":"Lagavulin","floor":8,"turns":5},{"damage":4,"enemies":"Jaw Worm","floor":9,"turns":3},{"damage":8,"enemies":"Gremlin Nob","floor":10,"turns":3},{"damage":0,"enemies":"Blue Slaver","floor":11,"turns":2},{"damage":4,"enemies":"Large Slime","floor":13,"turns":4},{"damage":10,"enemies":"downfall:FleeingMerchant","floor":14,"turns":4},{"damage":0,"enemies":"Lots of Slimes","floor":15,"turns":1},{"damage":17,"enemies":"downfall:Ironclad","floor":16,"turns":4},{"damage":8,"enemies":"conspire:FuzzyDice","floor":19,"turns":4},{"damage":11,"enemies":"downfall:FleeingMerchant","floor":20,"turns":4},{"damage":4,"enemies":"Shell Parasite","floor":22,"turns":3},{"damage":21,"enemies":"Centurion and Healer","floor":23,"turns":6},{"damage":11,"enemies":"HollowMod:Nosk","floor":25,"turns":5},{"damage":20,"enemies":"Snecko","floor":27,"turns":6},{"damage":7,"enemies":"Cultist and Chosen","floor":29,"turns":4},{"damage":6,"enemies":"conspire:Head Lice","floor":30,"turns":4},{"damage":17,"enemies":"downfall:FleeingMerchant","floor":31,"turns":4},{"damage":5,"enemies":"Chosen and Byrds","floor":32,"turns":3},{"damage":15,"enemies":"downfall:Silent","floor":33,"turns":6},{"damage":20,"enemies":"conspire:MimicChest","floor":35,"turns":4},{"damage":25,"enemies":"Gensokyo:AncientGuardian","floor":36,"turns":5},{"damage":20,"enemies":"Gensokyo:3_Bats","floor":38,"turns":3},{"damage":28,"enemies":"downfall:FleeingMerchant","floor":39,"turns":2}],"seed_played":"-6062737203341856282","potions_obtained":[{"floor":2,"key":"Weak Potion"},{"floor":6,"key":"Fire Potion"},{"floor":11,"key":"infinitespire:BlackPotion"},{"floor":16,"key":"Block Potion"},{"floor":27,"key":"DistilledChaos"},{"floor":33,"key":"SkillPotion"},{"floor":38,"key":"EntropicBrew"}],"is_trial":false,"path_per_floor":["R","M","?","?","M","?","T","E","M","E","M","R","M","$","M","B",null,"R","M","$","?","M","M","T","E","AVR","M","R","M","E","$","M","B",null,"R","M","COS","M","$"],"character_chosen":"THE_SPIRIT","items_purchased":["Mirror","Eternal Feather","Replay:Lucky Slots","hexamod:ThirdSeal","hexamod:SoulSteal","hexamod:SwordOfDarkness","Regen Potion","Adrenaline Potion","vexMod:RetaliationKit","Peace Pipe","hexamod:BurningTouch","Violence","FearPotion","Doom Potion","Fire Potion","Orrery","Replay:PocketPolymizer","conspire:InfiniteJournal","Ancient Potion","Languid Potion","MerchantsRug","hexamod:InspiringFlames"],"campfire_rested":1,"item_purchase_floors":[14,14,14,14,14,14,14,14,20,20,20,20,20,20,20,20,31,31,31,31,31,31],"current_hp_per_floor":[82,79,79,79,77,63,63,59,55,47,47,47,43,33,33,28,82,82,74,63,63,59,45,45,34,34,21,69,62,63,60,55,40,82,69,44,44,24,0,0,0],"gold":6715,"neow_bonus":"TEN_PERCENT_HP_BONUS","is_daily":false,"chose_seed":false,"campfire_upgraded":1,"win_rate":0.0,"timestamp":1609416856,"path_taken":["R","M","?","?","M","?","T","E","M","E","M","R","M","$","M","BOSS","R","M","$","?","M","M","T","E","AVR","M","R","M","E","$","M","BOSS","R","M","COS","M","$"],"items_purchased_type":["Relic","Relic","Relic","Card","Card","Card","Potion","Potion","Relic","Relic","Card","Card","Potion","Potion","Potion","Relic","Relic","Relic","Potion","Potion","Relic","Card"],"build_version":"2020-12-22","purchased_purges":3,"victory":false,"max_hp_per_floor":[82,82,82,82,82,82,82,82,82,82,82,82,82,82,82,82,82,82,82,82,82,82,82,82,82,82,82,82,82,82,82,82,82,82,82,82,82,82,82,82,82],"card_choices":[{"not_picked":["hexamod:HeatShield","hexamod:RecurringNightmare"],"picked":"hexamod:AdvancingGuard","floor":2},{"not_picked":["hexamod:RainOfEmbers","hexamod:NightmareGuise"],"picked":"hexamod:SpectersWail","floor":5},{"not_picked":["hexamod:Firestarter","hexamod:SpectersWail"],"picked":"hexamod:SkipABeat","floor":6},{"not_picked":["hexamod:RainOfEmbers","hexamod:SpectersWail"],"picked":"hexamod:UnleashSpirits","floor":8},{"not_picked":["hexamod:NightmareStrike","hexamod:HauntingEcho"],"picked":"hexamod:RetreatToShadows","floor":9},{"not_picked":["hexamod:AdvancingGuard","hexamod:HeatShield"],"picked":"hexamod:GhostShield","floor":10},{"not_picked":["hexamod:PhantomFireball","hexamod:RainOfEmbers"],"picked":"hexamod:HauntingEcho","floor":11},{"not_picked":["hexamod:NightmareStrike","hexamod:BacktrackSmack"],"picked":"hexamod:GhostLash","floor":13},{"not_picked":["hexamod:GhostShield","hexamod:ThermalTransfer"],"picked":"hexamod:CrushingStance","floor":14},{"not_picked":["hexamod:BacktrackSmack","hexamod:GhostOfSpireFuture"],"picked":"hexamod:EtherealExpedition","floor":15},{"not_picked":["hexamod:SixthSeal","hexamod:TimeWarp"],"picked":"hexamod:VolcanoVisage","floor":16},{"not_picked":["hexamod:EmpoweringStance","hexamod:UnleashSpirits"],"picked":"hexamod:FifthSeal","floor":16},{"not_picked":["hexamod:ThirdSeal","hexamod:SecondSeal"],"picked":"hexamod:SixthSeal","floor":19},{"not_picked":["hexamod:SecondSeal","hexamod:GhostflameBarrier"],"picked":"hexamod:Haunt","floor":19},{"not_picked":["hexamod:GhostLash","hexamod:ThermalTransfer","hexamod:PhantomCloak"],"picked":"SKIP","floor":19},{"not_picked":["hexamod:FourthSeal","hexamod:SixthSeal"],"picked":"hexamod:FirstSeal","floor":20},{"not_picked":["hexamod:UnleashSpirits","hexamod:GhostflameBarrier"],"picked":"hexamod:DynamicBlow","floor":20},{"not_picked":["hexamod:GhostLash+1","hexamod:Firestarter+1"],"picked":"hexamod:Rewind","floor":20},{"not_picked":["hexamod:SpectralAdrenaline","hexamod:NightmareStrike"],"picked":"hexamod:FastForward","floor":20},{"not_picked":["hexamod:SpectralAdrenaline","hexamod:ShieldOfDarkness+1"],"picked":"hexamod:Rewind","floor":20},{"not_picked":["hexamod:SkipABeat","hexamod:HeatMetal"],"picked":"hexamod:ExtraCrispy","floor":20},{"not_picked":["hexamod:BurningTouch","hexamod:Hexaguard"],"picked":"hexamod:NecessarySacrifice","floor":20},{"not_picked":["hexamod:RetreatToShadows","hexamod:CatchUp"],"picked":"hexamod:TimeWarp","floor":22},{"not_picked":["hexamod:SpectersWail","hexamod:Firestarter+1"],"picked":"hexamod:HeatMetal","floor":22},{"not_picked":["hexamod:HauntingEcho","hexamod:SpectersWail"],"picked":"hexamod:SpectralAdrenaline+1","floor":23},{"not_picked":["hexamod:StepThrough","hexamod:BacktrackSmack"],"picked":"hexamod:Haunt+1","floor":23},{"not_picked":["hexamod:Haunt","hexamod:ThermalTransfer"],"picked":"hexamod:EmpoweredFlame+1","floor":25},{"not_picked":["hexamod:BurningTouch","hexamod:ThirdSeal","hexamod:NightmareGuise"],"picked":"SKIP","floor":25},{"not_picked":["hexamod:AdvancingGuard","hexamod:BurningTouch"],"picked":"hexamod:ChargedBarrage","floor":27},{"not_picked":["hexamod:FourthSeal","hexamod:GhostLash"],"picked":"hexamod:RadiantFlame","floor":29},{"not_picked":["hexamod:Haunt","hexamod:Hexaguard+1"],"picked":"hexamod:TimeOfNeed","floor":29},{"not_picked":["hexamod:SecondSeal","hexamod:SixthSeal"],"picked":"hexamod:FirstSeal","floor":30},{"not_picked":["hexamod:GhostOfSpireFuture","hexamod:BacktrackSmack"],"picked":"hexamod:GhostOfSpirePast","floor":30},{"not_picked":["hexamod:AdvancingGuard+1","hexamod:HeatShield","hexamod:HauntingEcho"],"picked":"SKIP","floor":30},{"not_picked":["hexamod:HeatMetal+1","hexamod:PhantomCloak","hexamod:HauntingEcho"],"picked":"SKIP","floor":31},{"not_picked":["hexamod:GhostflameBarrier","hexamod:AdvancingGuard+1"],"picked":"hexamod:RecurringNightmare","floor":32},{"not_picked":["hexamod:GhostShield+1","hexamod:NightmareGuise+1","hexamod:SpectersWail"],"picked":"SKIP","floor":32},{"not_picked":["hexamod:VolcanoVisage","hexamod:SearingWound"],"picked":"hexamod:HexaLevel","floor":33},{"not_picked":["hexamod:CrushingStance","hexamod:EmpoweringStance"],"picked":"hexamod:TimeOfNeed","floor":33},{"not_picked":["hexamod:HauntingEcho+1","hexamod:Firestarter+1","hexamod:HeatCrush"],"picked":"SKIP","floor":36},{"not_picked":["hexamod:PhantomCloak+1","hexamod:Rewind","hexamod:GhostLash"],"picked":"SKIP","floor":36},{"not_picked":["hexamod:PhantomFireball","hexamod:Firestarter+1","hexamod:StepThrough"],"picked":"SKIP","floor":38}],"player_experience":69321,"relics_obtained":[{"floor":1,"key":"vexMod:Dragonfruit"},{"floor":7,"key":"aspiration:Lifesprig"},{"floor":8,"key":"Ancient Tea Set"},{"floor":10,"key":"hubris:SphereOfDissonance"},{"floor":25,"key":"Happy Flower"},{"floor":30,"key":"ReplayTheSpireMod:Lightbulb"},{"floor":35,"key":"aspiration:SeaSaltIceCream"}],"event_choices":[{"damage_healed":0,"gold_gain":0,"player_choice":"Box","damage_taken":0,"relics_obtained":["Replay:Accelerometer"],"max_hp_gain":0,"max_hp_loss":0,"event_name":"Big Fish","floor":3,"gold_loss":0,"cards_obtained":["Regret"]}],"is_beta":false,"boss_relics":[{"not_picked":["Runic Pyramid","vexMod:ImprovementManual"],"picked":"Philosopher\u0027s Stone"},{"not_picked":["vexMod:RockOfEvil","Snecko Eye"],"picked":"conspire:RunicOctahedron"}],"items_purged_floors":[14,26,31],"is_endless":false,"potions_floor_spawned":[2,6,11,15,16,22,27,32,33,38],"killed_by":"downfall:FleeingMerchant","ascension_level":0}}