{"host":"65a95dzim48ko8ke","time":1609415112,"event":{"mods":["Astrologer","BaseMod","Better Third Choice","Colored Powertips","Minty Spire (QoL Compilation)","Quick Restart","Rare Cards Sparkle","Spicy Shops","StSLib"],"gold_per_floor":[116,135,24,24,44,44,69,80,80,80,80,98,118,138,138,237,237,256,256,274,274,287,287,316,346,373,403,403,414,65,96,96,200,200,210,120,16,30,47,47,77,77,77,111,111,141,161,7,7,7,7,7,3,35,35],"floor_reached":56,"playtime":3710,"items_purged":["Writhe"],"score":1482,"play_id":"11ee0097-3c1c-4ddc-8641-8903b060bd3b","local_time":"20201231204512","is_ascension_mode":true,"campfire_choices":[{"data":"astrologer:SpaceDust","floor":6.0,"key":"SMITH"},{"data":"astrologer:Prestidigitation","floor":10.0,"key":"SMITH"},{"data":"astrologer:Fireball","floor":15.0,"key":"SMITH"},{"data":"astrologer:Glimpse","floor":23.0,"key":"SMITH"},{"data":"astrologer:Premonition","floor":32.0,"key":"SMITH"},{"data":"astrologer:StarOfChange","floor":40.0,"key":"SMITH"},{"data":"astrologer:Nova","floor":42.0,"key":"SMITH"},{"data":"astrologer:Trine","floor":45.0,"key":"SMITH"},{"floor":49.0,"key":"RECALL"},{"data":"astrologer:Strength","floor":52.0,"key":"SMITH"}],"circlet_count":0,"master_deck":["astrologer:Strike+1","astrologer:Strike+1","astrologer:Strike+1","astrologer:Defend+1","astrologer:Defend+1","astrologer:Defend+1","astrologer:Defend+1","astrologer:NorthStar+1","astrologer:TheFool","astrologer:Strength+1","astrologer:MeteorShower+1","astrologer:SpaceDust+1","astrologer:CrystalBall+1","astrologer:Fireball+1","astrologer:Prestidigitation+1","astrologer:MeteorShower+1","astrologer:Radiance+1","astrologer:Conjunction","astrologer:Premonition+1","astrologer:Conjunction+1","astrologer:Strength+1","astrologer:Glimpse+1","astrologer:Opposition+1","astrologer:Judgement+1","astrologer:Opposition+1","astrologer:StarOfChange+1","astrologer:Nova+1","astrologer:Trine+1","astrologer:Conjunction","astrologer:Starfield","astrologer:MeteorShower+1","astrologer:Stardust+1","astrologer:Starfield"],"relics":["Runic Pyramid","Membership Card","Ancient Tea Set","Molten Egg 2","Coffee Dripper","Bird Faced Urn","Red Mask","Centennial Puzzle","Dead Branch","ClockworkSouvenir","Oddly Smooth Stone","Bag of Marbles","InkBottle","Kunai","Busted Crown","FossilizedHelix","War Paint","Happy Flower","Strawberry","Torii","Gambling Chip"],"acts_visited":["Exordium","TheCity","TheBeyond","TheEnding"],"potions_floor_usage":[55,55,55],"damage_taken":[{"damage":1.0,"enemies":"Cultist","floor":1.0,"turns":4.0},{"damage":0.0,"enemies":"Jaw Worm","floor":2.0,"turns":3.0},{"damage":0.0,"enemies":"Small Slimes","floor":5.0,"turns":2.0},{"damage":16.0,"enemies":"3 Sentries","floor":7.0,"turns":8.0},{"damage":1.0,"enemies":"Gremlin Gang","floor":8.0,"turns":4.0},{"damage":0.0,"enemies":"2 Fungi Beasts","floor":12.0,"turns":2.0},{"damage":1.0,"enemies":"Looter","floor":13.0,"turns":3.0},{"damage":0.0,"enemies":"Large Slime","floor":14.0,"turns":3.0},{"damage":9.0,"enemies":"The Guardian","floor":16.0,"turns":9.0},{"damage":12.0,"enemies":"3 Byrds","floor":18.0,"turns":5.0},{"damage":0.0,"enemies":"Chosen","floor":20.0,"turns":4.0},{"damage":0.0,"enemies":"3 Cultists","floor":22.0,"turns":5.0},{"damage":0.0,"enemies":"Gremlin Leader","floor":24.0,"turns":6.0},{"damage":0.0,"enemies":"Masked Bandits","floor":25.0,"turns":3.0},{"damage":12.0,"enemies":"Slavers","floor":27.0,"turns":4.0},{"damage":0.0,"enemies":"Cultist and Chosen","floor":29.0,"turns":2.0},{"damage":0.0,"enemies":"Gremlin Leader","floor":31.0,"turns":3.0},{"damage":7.0,"enemies":"Collector","floor":33.0,"turns":5.0},{"damage":0.0,"enemies":"3 Shapes","floor":35.0,"turns":4.0},{"damage":0.0,"enemies":"Orb Walker","floor":38.0,"turns":2.0},{"damage":0.0,"enemies":"Transient","floor":39.0,"turns":5.0},{"damage":0.0,"enemies":"Reptomancer","floor":41.0,"turns":5.0},{"damage":0.0,"enemies":"Giant Head","floor":44.0,"turns":6.0},{"damage":0.0,"enemies":"Reptomancer","floor":46.0,"turns":2.0},{"damage":0.0,"enemies":"Spire Growth","floor":47.0,"turns":3.0},{"damage":59.0,"enemies":"Awakened One","floor":50.0,"turns":11.0},{"damage":19.0,"enemies":"Shield and Spear","floor":54.0,"turns":4.0},{"damage":58,"enemies":"The Heart","floor":55,"turns":9}],"seed_played":"4241176409338213987","potions_obtained":[{"floor":1.0,"key":"Energy Potion"},{"floor":5.0,"key":"Fire Potion"},{"floor":13.0,"key":"ColorlessPotion"},{"floor":14.0,"key":"Dexterity Potion"},{"floor":22.0,"key":"Fire Potion"},{"floor":24.0,"key":"PowerPotion"},{"floor":29.0,"key":"Block Potion"},{"floor":38.0,"key":"Weak Potion"},{"floor":47.0,"key":"EntropicBrew"}],"is_trial":false,"path_per_floor":["M","M","$","?","M","R","E","M","T","R","?","M","M","M","R","B",null,"M","?","M","?","M","R","E","?","T","E","?","M","$","E","R","B",null,"M","?","$","M","M","R","E","R","T","E","R","E","M","$","R","B",null,"R","$","E","B",null],"character_chosen":"ASTROLOGER","items_purchased":["Membership Card","astrologer:SpaceDust","ClockworkSouvenir","Oddly Smooth Stone","Bag of Marbles","InkBottle","astrologer:Starfield","FossilizedHelix","astrologer:MeteorShower+1","Torii","astrologer:Starfield"],"campfire_rested":0,"item_purchase_floors":[3,3,30,30,30,30,37,37,37,48,53],"current_hp_per_floor":[69,69,69,55,55,55,39,38,38,38,38,38,37,37,37,28,70,58,58,58,58,58,58,58,60,60,56,56,56,56,62,62,63,70,70,70,70,70,70,70,70,70,70,70,70,77,77,77,77,29,77,77,77,60,12],"gold":35,"neow_bonus":"BOSS_RELIC","is_daily":false,"chose_seed":false,"campfire_upgraded":9,"win_rate":0.0,"timestamp":1609415112,"path_taken":["M","M","?","?","M","R","E","M","T","R","?","M","M","?","R","BOSS","M","?","M","?","M","R","E","?","T","E","?","?","$","E","R","BOSS","M","?","$","?","M","R","E","R","T","E","R","E","M","$","R","BOSS","R","$","E","BOSS"],"items_purchased_type":["Relic","Card","Relic","Relic","Relic","Relic","Card","Relic","Card","Relic","Card"],"build_version":"2020-12-22","purchased_purges":1,"victory":true,"max_hp_per_floor":[70,70,70,70,70,70,70,70,70,70,70,70,70,70,70,70,70,70,70,70,70,70,70,70,70,70,70,70,70,70,70,70,70,70,70,70,70,70,70,70,70,70,70,70,70,77,77,77,77,77,77,77,77,77,77],"card_choices":[{"not_picked":["astrologer:Sunrise","astrologer:Quincunx"],"picked":"astrologer:Strength","floor":1.0},{"not_picked":["astrologer:SolarFlare","astrologer:ReadTheStars"],"picked":"astrologer:MeteorShower","floor":2.0},{"not_picked":["astrologer:Stardust","astrologer:Still"],"picked":"astrologer:CrystalBall","floor":5.0},{"not_picked":["astrologer:Premeditation","astrologer:Stardust"],"picked":"astrologer:Fireball","floor":7.0},{"not_picked":["astrologer:Judgement","astrologer:SolarFlare"],"picked":"astrologer:Prestidigitation","floor":8.0},{"not_picked":["astrologer:TheStar+1","astrologer:TheHierophant"],"picked":"astrologer:MeteorShower+1","floor":12.0},{"not_picked":["astrologer:MeteorShower+1","astrologer:Eclipse+1"],"picked":"astrologer:Radiance+1","floor":13.0},{"not_picked":["astrologer:ReadTheStars","astrologer:TheHierophant"],"picked":"astrologer:Conjunction","floor":14.0},{"not_picked":["astrologer:TheSun+1","astrologer:Alignment"],"picked":"astrologer:Premonition","floor":16.0},{"not_picked":["astrologer:MeteorShower+1","astrologer:Justice"],"picked":"astrologer:Conjunction","floor":18.0},{"not_picked":["astrologer:Prismatic","astrologer:Moonlight"],"picked":"astrologer:Strength","floor":20.0},{"not_picked":["astrologer:GlassStar","astrologer:Retelling"],"picked":"astrologer:Opposition+1","floor":22.0},{"not_picked":["astrologer:FrozenStar","astrologer:TheEmpress"],"picked":"astrologer:Judgement+1","floor":24.0},{"not_picked":["astrologer:TheStar+1","astrologer:SpaceDust"],"picked":"astrologer:Opposition+1","floor":25.0},{"not_picked":["astrologer:TheHighPriestess+1","astrologer:Radiance+1"],"picked":"astrologer:StarOfChange","floor":27.0},{"not_picked":["astrologer:ShiningStar","astrologer:SpaceDust"],"picked":"astrologer:Nova","floor":29.0},{"not_picked":["astrologer:GlassStar","astrologer:ReadTheStars","astrologer:TheEmpress"],"picked":"SKIP","floor":31.0},{"not_picked":["astrologer:Alignment","astrologer:TheWorld"],"picked":"astrologer:Trine","floor":33.0},{"not_picked":[],"picked":"astrologer:Conjunction","floor":35.0},{"not_picked":["astrologer:TheDevil+1"],"picked":"SKIP","floor":38.0},{"not_picked":["astrologer:Moonlight"],"picked":"SKIP","floor":39.0},{"not_picked":["astrologer:Temperance"],"picked":"SKIP","floor":41.0},{"not_picked":["astrologer:SpaceDust"],"picked":"SKIP","floor":44.0},{"not_picked":["astrologer:Moonlight+1"],"picked":"SKIP","floor":46.0},{"not_picked":[],"picked":"astrologer:Stardust+1","floor":47.0},{"not_picked":["astrologer:TheHighPriestess"],"picked":"SKIP","floor":54.0}],"player_experience":293875,"relics_obtained":[{"floor":7.0,"key":"Ancient Tea Set"},{"floor":9.0,"key":"Molten Egg 2"},{"floor":24.0,"key":"Bird Faced Urn"},{"floor":25.0,"key":"Red Mask"},{"floor":26.0,"key":"Centennial Puzzle"},{"floor":27.0,"key":"Dead Branch"},{"floor":31.0,"key":"Kunai"},{"floor":41.0,"key":"War Paint"},{"floor":44.0,"key":"Happy Flower"},{"floor":46.0,"key":"Strawberry"},{"floor":54.0,"key":"Gambling Chip"}],"event_choices":[{"damage_healed":69.0,"max_hp_gain":0.0,"max_hp_loss":70.0,"gold_gain":0.0,"event_name":"betterThird:BetterShining","player_choice":"Upgrade","floor":4.0,"gold_loss":0.0,"damage_taken":14.0,"cards_upgraded":["astrologer:MeteorShower","astrologer:Strength"]},{"damage_healed":0.0,"max_hp_gain":0.0,"max_hp_loss":0.0,"gold_gain":0.0,"event_name":"The Woman in Blue","player_choice":"Bought 0 Potions","floor":11.0,"gold_loss":0.0,"damage_taken":0.0},{"damage_healed":0.0,"max_hp_gain":0.0,"max_hp_loss":8.0,"gold_gain":0.0,"event_name":"betterThird:BetterWriting","player_choice":"Simplicity","floor":19.0,"gold_loss":0.0,"damage_taken":0.0},{"damage_healed":0.0,"max_hp_gain":0.0,"max_hp_loss":0.0,"gold_gain":0.0,"event_name":"The Library","player_choice":"Read","floor":21.0,"gold_loss":0.0,"damage_taken":0.0,"cards_obtained":["astrologer:Glimpse"]},{"damage_healed":0.0,"max_hp_gain":0.0,"max_hp_loss":0.0,"gold_gain":0.0,"event_name":"Masked Bandits","player_choice":"Fought Bandits","floor":25.0,"gold_loss":0.0,"damage_taken":0.0},{"damage_healed":0.0,"max_hp_gain":0.0,"max_hp_loss":0.0,"gold_gain":0.0,"event_name":"Vampires","player_choice":"Ignored","floor":28.0,"gold_loss":0.0,"damage_taken":0.0},{"cards_removed":["astrologer:Strike"],"damage_healed":0.0,"max_hp_gain":0.0,"max_hp_loss":0.0,"gold_gain":0.0,"event_name":"Designer","player_choice":"Upgrade and Remove","floor":36.0,"gold_loss":90.0,"damage_taken":0.0,"cards_upgraded":["astrologer:Conjunction"]}],"is_beta":false,"boss_relics":[{"not_picked":["Pandora\u0027s Box","Velvet Choker"],"picked":"Coffee Dripper"},{"not_picked":["Empty Cage","SacredBark"],"picked":"Busted Crown"}],"items_purged_floors":[3],"is_endless":false,"potions_floor_spawned":[1,5,13,14,22,24,29,38,44,46,47],"ascension_level":2}}