{"host":"b5k9dtspx1cjm4w0","time":1609410995,"event":{"mods":["AchievementEnabler","BaseMod","Better Third Choice","Colored Map","Colored Powertips","Highlight Path","Minty Spire (QoL Compilation)","Permanent Neow","Quick Restart","Relic Stats","StSLib"],"gold_per_floor":[118,135,146,93,143,168,168,198,198,213,226,239,255,19,19,96,96,114,132,142,142,142,142,154,186,237,237,237,250,250,262,262,262,262],"floor_reached":33,"playtime":1696,"items_purged":["Strike_R"],"score":506,"play_id":"93be829b-1ff7-4f6c-a35c-f74e5509b268","local_time":"20201231103635","is_ascension_mode":true,"campfire_choices":[{"floor":7,"key":"REST"},{"data":"Uppercut","floor":15,"key":"SMITH"},{"floor":23,"key":"REST"},{"floor":28,"key":"REST"},{"floor":30,"key":"REST"},{"data":"Armaments","floor":32,"key":"SMITH"}],"circlet_count":0,"master_deck":["AscendersBane","Strike_R","Strike_R","Strike_R","Strike_R","Defend_R","Defend_R","Defend_R","Defend_R","Bash","Clothesline","Ghostly Armor","Inflame","Spot Weakness","Flex","Uppercut+1","Carnage","Cleave","Corruption","Heavy Blade","Iron Wave+1","Flex","Whirlwind","Shame","Armaments+1"],"relics":["Burning Blood","Ice Cream","betterThird:SlimedRelic","Bottled Lightning","Gambling Chip","CaptainsWheel","Vajra","Cursed Key","Potion Belt","Bag of Preparation"],"acts_visited":["Exordium","TheCity"],"potions_floor_usage":[10,16,16,25,27,31,33],"damage_taken":[{"damage":8.0,"enemies":"Small Slimes","floor":1.0,"turns":3.0},{"damage":10.0,"enemies":"2 Louse","floor":2.0,"turns":2.0},{"damage":2.0,"enemies":"Cultist","floor":3.0,"turns":2.0},{"damage":25,"enemies":"3 Sentries","floor":6,"turns":11},{"damage":15,"enemies":"Lagavulin","floor":8,"turns":7},{"damage":9,"enemies":"Gremlin Gang","floor":10,"turns":6},{"damage":0,"enemies":"2 Fungi Beasts","floor":11,"turns":4},{"damage":4,"enemies":"Blue Slaver","floor":12,"turns":5},{"damage":16,"enemies":"Lots of Slimes","floor":13,"turns":2},{"damage":11,"enemies":"Hexaghost","floor":16,"turns":7},{"damage":5,"enemies":"3 Byrds","floor":18,"turns":6},{"damage":2,"enemies":"Chosen","floor":19,"turns":3},{"damage":18,"enemies":"Snecko","floor":20,"turns":4},{"damage":17,"enemies":"Shelled Parasite and Fungi","floor":24,"turns":5},{"damage":30,"enemies":"Book of Stabbing","floor":25,"turns":6},{"damage":16,"enemies":"Colosseum Slavers","floor":27,"turns":4},{"damage":28,"enemies":"Centurion and Healer","floor":29,"turns":5},{"damage":0,"enemies":"Snake Plant","floor":31,"turns":5},{"damage":37,"enemies":"Collector","floor":33,"turns":5}],"seed_played":"6862669707544000889","potions_obtained":[{"floor":1.0,"key":"ElixirPotion"},{"floor":2.0,"key":"AttackPotion"},{"floor":6,"key":"LiquidBronze"},{"floor":10,"key":"DuplicationPotion"},{"floor":12,"key":"Strength Potion"},{"floor":20,"key":"GamblersBrew"},{"floor":24,"key":"DuplicationPotion"},{"floor":29,"key":"BlessingOfTheForge"},{"floor":31,"key":"Fire Potion"}],"is_trial":false,"path_per_floor":["M","M","M","?","?","E","R","E","T","M","M","M","M","$","R","B",null,"M","M","M","?","?","R","M","E","T","?","R","M","R","M","R","B"],"character_chosen":"IRONCLAD","items_purchased":["Vajra"],"campfire_rested":4,"item_purchase_floors":[14],"current_hp_per_floor":[66,62,66,55,49,30,50,41,41,38,44,46,36,36,36,31,59,60,64,52,52,33,54,43,19,19,9,30,8,29,35,35,0,0],"gold":262,"neow_bonus":"ONE_RARE_RELIC","is_daily":false,"chose_seed":false,"campfire_upgraded":2,"win_rate":0.0,"timestamp":1609410995,"path_taken":["M","M","M","?","?","E","R","E","T","M","M","M","?","$","R","BOSS","M","?","M","?","?","R","M","E","T","?","R","M","R","M","R","BOSS"],"items_purchased_type":["Relic"],"build_version":"2020-12-22","purchased_purges":1,"victory":false,"max_hp_per_floor":[68,68,68,68,68,68,68,68,68,68,68,68,68,68,68,68,68,68,68,68,68,73,73,73,73,73,73,73,73,73,73,73,73,73],"relic_stats":{"counters":[19,92],"Gambling Chip":[45],"Bag of Preparation":[8],"Cursed Key":1,"obtain_stats":[{"Ice Cream":0,"Potion Belt":25,"CaptainsWheel":9,"betterThird:SlimedRelic":4,"Gambling Chip":8,"Vajra":14,"Bag of Preparation":26,"Bottled Lightning":6,"Cursed Key":17,"Burning Blood":0},{"Ice Cream":0,"Potion Belt":15,"CaptainsWheel":5,"betterThird:SlimedRelic":3,"Gambling Chip":5,"Vajra":9,"Bag of Preparation":15,"Bottled Lightning":4,"Cursed Key":10,"Burning Blood":0},{"Ice Cream":0,"Potion Belt":73,"CaptainsWheel":25,"betterThird:SlimedRelic":7,"Gambling Chip":25,"Vajra":42,"Bag of Preparation":73,"Bottled Lightning":18,"Cursed Key":49,"Burning Blood":0}],"Burning Blood":108},"card_choices":[{"not_picked":["Intimidate","Burning Pact"],"picked":"Clothesline","floor":1.0},{"not_picked":["Perfected Strike","Heavy Blade"],"picked":"Ghostly Armor","floor":2.0},{"not_picked":["Headbutt","Combust"],"picked":"Inflame","floor":3.0},{"not_picked":["Sword Boomerang","Wild Strike"],"picked":"Spot Weakness","floor":6},{"not_picked":["Feel No Pain","Exhume"],"picked":"Flex","floor":8},{"not_picked":["Headbutt","Cleave"],"picked":"Uppercut","floor":10},{"not_picked":["Ghostly Armor","Iron Wave"],"picked":"Carnage","floor":11},{"not_picked":["Pommel Strike","Dark Embrace"],"picked":"Cleave","floor":12},{"not_picked":["Perfected Strike","Sever Soul","Sentinel"],"picked":"SKIP","floor":13},{"not_picked":["Fiend Fire","Immolate"],"picked":"Corruption","floor":16},{"not_picked":["Sword Boomerang","Twin Strike"],"picked":"Heavy Blade","floor":18},{"not_picked":["Searing Blow","Carnage"],"picked":"Iron Wave+1","floor":19},{"not_picked":["Rampage","Pummel+1"],"picked":"Flex","floor":20},{"not_picked":["Twin Strike+1","Dark Embrace"],"picked":"Whirlwind","floor":24},{"not_picked":["Clash","Juggernaut","Burning Pact"],"picked":"SKIP","floor":25},{"not_picked":["Anger","Headbutt","Carnage"],"picked":"SKIP","floor":29},{"not_picked":["Thunderclap","Twin Strike"],"picked":"Armaments","floor":31}],"player_experience":1619355,"relics_obtained":[{"floor":6,"key":"Bottled Lightning"},{"floor":8,"key":"Gambling Chip"},{"floor":9,"key":"CaptainsWheel"},{"floor":25,"key":"Potion Belt"},{"floor":26,"key":"Bag of Preparation"}],"event_choices":[{"damage_healed":0.0,"max_hp_gain":0.0,"max_hp_loss":0.0,"gold_gain":0.0,"event_name":"betterThird:BetterGoop","player_choice":"Slimed","floor":4.0,"gold_loss":53.0,"damage_taken":11.0},{"damage_healed":0,"gold_gain":50,"player_choice":"Touch","damage_taken":6,"max_hp_gain":0,"max_hp_loss":0,"event_name":"FaceTrader","floor":5,"gold_loss":0},{"damage_healed":0,"gold_gain":0,"player_choice":"Ignored","damage_taken":0,"max_hp_gain":0,"max_hp_loss":0,"event_name":"Ghosts","floor":21,"gold_loss":0},{"damage_healed":0,"gold_gain":0,"player_choice":"Shed Blood","damage_taken":24,"max_hp_gain":5,"max_hp_loss":0,"event_name":"Forgotten Altar","floor":22,"gold_loss":0},{"damage_healed":0,"gold_gain":0,"player_choice":"Fight","damage_taken":0,"max_hp_gain":0,"max_hp_loss":0,"event_name":"Colosseum","floor":27,"gold_loss":0},{"damage_healed":0,"gold_gain":0,"player_choice":"Fled From Nobs","damage_taken":0,"max_hp_gain":0,"max_hp_loss":0,"event_name":"Colosseum","floor":27,"gold_loss":0}],"is_beta":false,"boss_relics":[{"not_picked":["Philosopher\u0027s Stone","Tiny House"],"picked":"Cursed Key"}],"items_purged_floors":[14],"is_endless":false,"potions_floor_spawned":[1,2,6,10,12,20,24,29,31],"killed_by":"Collector","ascension_level":16}}