{"host":"i0dqv19ybe2atd47","time":1609383970,"event":{"mods":["2.2 Compatiblity","AchievementEnabler","Act Like it!","Bard","BaseMod","Beaked The Cultist","Bestiary","BetterRewards","CapriCore","ChefMod","Colored Map","Conspire","Curses Come First","Dio Mod","Downfall","GungeonMod","Hallownest","Hermit","Kratos Character Expansion","Melee Mod","Minty Spire (QoL Compilation)","Quick Restart","RRrroohrrRGHHhhh!!","Rare Cards Sparkle","Replay The Spire","Robot Space Explorer","SCP261 Mod","Shade Mod","Spicy Shops","StSLib","The Blackbeard","The Bug Knight","The Caster","The Cursed","The Disciple","The Dragon Tamer","The IronCluck","The Jungle","The Necromancer","The Runesmith","The Showman","The Trickster","The Wild Card","TheLocksmith","TheVacant"],"gold_per_floor":[118,118,132,149,149,149,149,149,149,149,149,167,181,181,181,280,280,297,297,309,325,341,341,351,362,438,454,454,469,469,379,379,476,476,488,95,115,133,133,133,150,150,177,177,177,14,24,37,37,37],"floor_reached":51,"playtime":4827,"items_purged":[],"score":618,"play_id":"febc0a30-2cc4-4f49-864c-4571a8ca5a8f","local_time":"20201230220610","is_ascension_mode":false,"campfire_choices":[{"data":"meleeMod_BackAir","floor":6.0,"key":"SMITH"},{"data":"meleeMod_UpSmash","floor":8.0,"key":"SMITH"},{"floor":10.0,"key":"REST"},{"floor":15.0,"key":"REST"},{"data":"meleeMod_Knee","floor":23.0,"key":"SMITH"},{"data":"meleeMod_BlueFalcon","floor":28.0,"key":"SMITH"},{"data":"meleeMod_BlueFalcon","floor":30.0,"key":"SMITH"},{"data":"Replay:SS_forest_6","floor":32.0,"key":"SMITH"},{"floor":40.0,"key":"REST"},{"data":"meleeMod_BlueFalcon","floor":42.0,"key":"SMITH"},{"data":"meleeMod_ForwardTilt","floor":44.0,"key":"SMITH"},{"data":"meleeMod_EdgeGuard","floor":49,"key":"SMITH"}],"circlet_count":0,"master_deck":["meleeMod_Jab+1","meleeMod_Jab+1","meleeMod_Jab+1","meleeMod_Jab+1","meleeMod_Shield+1","meleeMod_Shield+1","meleeMod_Shield+1","meleeMod_Shield+1","meleeMod_NeutralAir","meleeMod_BackAir+1","meleeMod_UpTilt","meleeMod_UpSmash+1","meleeMod_Knee+1","Replay:SS_forest_6+1","meleeMod_FalconKick","meleeMod_IKilledMufasa","meleeMod_DownAir","Spreading Infection","meleeMod_BlueFalcon+1","CurseOfTheBell","meleeMod_FireFlower","Decay","meleeMod_ShieldPoke+1","meleeMod_DashDance+1","meleeMod_BlueFalcon+1","meleeMod_NippleSpike","meleeMod_DownAir+1","meleeMod_CommandGrab+1","meleeMod_RaptorBoost","meleeMod_EdgeGuard+1","meleeMod_RapidJabs","meleeMod_BlueFalcon+1","meleeMod_Taunt","meleeMod_ShieldPoke+1","Midas Touch","expansioncontent:DarkVoid","meleeMod_CommandGrab","meleeMod_Pause+1","meleeMod_ForwardTilt+1","meleeMod_Randall+1","meleeMod_Cautious","meleeMod_ForwardSmash+1","meleeMod_UpSmash+1"],"relics":["meleeMod_TeamBeerMang0","conspire:GlowingRock","Bag of Preparation","rorgmod:The Boot","Ring of Panic","Ring of Misfortune","Calling Bell","rorgmod:Ceramic Fish","HollowMod:LifeEnderRelic","DemoMod:RingOfEthereal","ReplayTheSpireMod:Shallot","theJungle:ParSnip","meleeMod_EvidenceZip","Replay:Baseball"],"acts_visited":["Exordium","Hallownest:Greenpath","theJungle:Jungle"],"potions_floor_usage":[50,50,50],"damage_taken":[{"damage":0.0,"enemies":"Hallownest:2_Baldur","floor":1.0,"turns":3.0},{"damage":9.0,"enemies":"Hallownest:monsterHuskGuard","floor":3.0,"turns":4.0},{"damage":3.0,"enemies":"Hallownest:monsterHuskWarrior","floor":4.0,"turns":4.0},{"damage":17.0,"enemies":"Hallownest:2_Tiktiks_1_Baldur_1_Crawlid","floor":12.0,"turns":3.0},{"damage":11.0,"enemies":"Hallownest:Wandering_and_Horned","floor":13.0,"turns":3.0},{"damage":25.0,"enemies":"Hallownest:BossFalseKnight","floor":16.0,"turns":7.0},{"damage":7.0,"enemies":"Shell Parasite","floor":18.0,"turns":2.0},{"damage":13.0,"enemies":"theJungle:GiantWrat","floor":20.0,"turns":3.0},{"damage":4.0,"enemies":"theJungle:2_Snecko_Cultists","floor":21.0,"turns":3.0},{"damage":6.0,"enemies":"theJungle:2_Flameangoes","floor":22.0,"turns":2.0},{"damage":0.0,"enemies":"theJungle:Lyon","floor":24.0,"turns":2.0},{"damage":0.0,"enemies":"theJungle:SlimyTreeVines","floor":25.0,"turns":1.0},{"damage":0.0,"enemies":"theJungle:2_Snecko_Cultists","floor":27.0,"turns":2.0},{"damage":3.0,"enemies":"theJungle:Snecko_Cultist_And_Trap","floor":29.0,"turns":3.0},{"damage":6.0,"enemies":"theJungle:FunGuy","floor":33.0,"turns":7.0},{"damage":0.0,"enemies":"Hallownest:3_Siblings","floor":35.0,"turns":3.0},{"damage":4.0,"enemies":"Hallownest:Shield_Heavy","floor":37.0,"turns":3.0},{"damage":30.0,"enemies":"Hallownest:monsterPrimalAspid","floor":38.0,"turns":3.0},{"damage":15.0,"enemies":"Hallownest:Xero_Hu_Marmu","floor":41.0,"turns":4.0},{"damage":6,"enemies":"Hallownest:2_Wing_and_1_Kings","floor":47,"turns":3},{"damage":0,"enemies":"Hallownest:2_Great","floor":48,"turns":2},{"damage":63,"enemies":"Hallownest:Radiance","floor":50,"turns":6}],"seed_played":"-4257487459974239830","potions_obtained":[{"floor":12.0,"key":"Slimebound:ThreeZeroPotion"},{"floor":20.0,"key":"PowerPotion"},{"floor":21.0,"key":"BlessingOfTheForge"},{"floor":37.0,"key":"LiquidBronze"},{"floor":38.0,"key":"Adrenaline Potion"}],"is_trial":false,"path_per_floor":["M","?","M","M","$","R","?","R","T","R","?","M","M","?","R","B",null,"M","?","M","M","M","R","M","M","T","M","R","M","R","?","R","B",null,"M","$","M","M","?","R","M","R","T","R","?","$","M","M","R","B",null],"character_chosen":"FALCON","items_purchased":["meleeMod_BlueFalcon","meleeMod_Taunt","meleeMod_ShieldPoke+1","Midas Touch","expansioncontent:DarkVoid","meleeMod_Randall+1","meleeMod_Cautious"],"campfire_rested":3,"item_purchase_floors":[36,36,36,36,36,46,46],"current_hp_per_floor":[93,83,74,71,71,71,61,61,61,88,88,71,60,60,87,68,93,86,86,81,77,71,71,79,79,79,87,87,90,90,90,90,84,93,93,93,89,59,59,86,71,71,71,71,71,71,65,65,65,14],"gold":37,"neow_bonus":"TEN_PERCENT_HP_BONUS","is_daily":false,"chose_seed":false,"campfire_upgraded":9,"win_rate":0.0,"timestamp":1609383970,"path_taken":["M","?","M","M","?","R","?","R","T","R","?","M","?","?","R","BOSS","M","?","?","M","M","R","M","M","T","M","R","M","R","?","R","BOSS","M","$","M","M","?","R","M","R","T","R","?","?","?","M","R","BOSS"],"items_purchased_type":["Card","Card","Card","Card","Card","Card","Card"],"build_version":"2020-12-22","purchased_purges":0,"victory":true,"max_hp_per_floor":[93,93,93,93,93,93,93,93,93,93,93,93,93,93,93,93,93,93,93,93,93,93,93,93,93,93,93,93,93,93,93,93,93,93,93,93,93,93,93,93,93,93,93,93,93,93,93,93,93,93],"card_choices":[{"not_picked":["meleeMod_NoDI","meleeMod_SoftKnee"],"picked":"meleeMod_UpTilt","floor":1.0},{"not_picked":["meleeMod_ForwardSmash","meleeMod_Wildfire"],"picked":"meleeMod_UpSmash","floor":3.0},{"not_picked":["meleeMod_ForwardTilt","meleeMod_FalconDive"],"picked":"meleeMod_Knee","floor":4.0},{"not_picked":["expansioncontent:PolyBeam","Finesse"],"picked":"Replay:SS_forest_6","floor":11.0},{"not_picked":["meleeMod_UpTilt","meleeMod_SoftKnee"],"picked":"meleeMod_FalconKick","floor":11.0},{"not_picked":["meleeMod_BackAir","meleeMod_FalconKick"],"picked":"meleeMod_IKilledMufasa","floor":12.0},{"not_picked":["meleeMod_AirDodge","meleeMod_BabActivated"],"picked":"meleeMod_DownAir","floor":13.0},{"not_picked":["meleeMod_WeTechThose","meleeMod_AmsahTech"],"picked":"meleeMod_BlueFalcon","floor":16.0},{"not_picked":["meleeMod_CrouchCancel","meleeMod_UpAir"],"picked":"meleeMod_FireFlower","floor":18.0},{"not_picked":["meleeMod_Randall","meleeMod_SoftKnee"],"picked":"meleeMod_ShieldPoke+1","floor":20.0},{"not_picked":["meleeMod_Fishing","meleeMod_Knee"],"picked":"meleeMod_DashDance+1","floor":21.0},{"not_picked":["meleeMod_DownTilt","meleeMod_CrouchCancel+1"],"picked":"meleeMod_BlueFalcon","floor":22.0},{"not_picked":["meleeMod_DownTilt","meleeMod_TeamAttackOn+1"],"picked":"meleeMod_NippleSpike","floor":24.0},{"not_picked":["meleeMod_SuperSpicyCurry","meleeMod_UpAir"],"picked":"meleeMod_DownAir+1","floor":25.0},{"not_picked":["meleeMod_WallJump","meleeMod_HaxDash"],"picked":"meleeMod_CommandGrab+1","floor":27.0},{"not_picked":["meleeMod_GetUpAttack","meleeMod_FalconDive"],"picked":"meleeMod_RaptorBoost","floor":29.0},{"not_picked":["meleeMod_IKilledMufasa","meleeMod_PhantomHit"],"picked":"meleeMod_EdgeGuard","floor":33.0},{"not_picked":["meleeMod_CommandGrab","meleeMod_FalconKick"],"picked":"meleeMod_RapidJabs","floor":35.0},{"not_picked":["meleeMod_NoDI","meleeMod_HomieStock"],"picked":"meleeMod_CommandGrab","floor":37.0},{"not_picked":["meleeMod_NoDI+1","meleeMod_WaveDash+1"],"picked":"meleeMod_Pause+1","floor":38.0},{"not_picked":["meleeMod_TeamAttackOn+1","meleeMod_Gentleman"],"picked":"meleeMod_ForwardTilt","floor":41.0},{"not_picked":["meleeMod_RaptorBoost","meleeMod_WaveLand+1"],"picked":"meleeMod_ForwardSmash+1","floor":47},{"not_picked":["meleeMod_TeamAttackOn+1","meleeMod_FalconKick+1"],"picked":"meleeMod_UpSmash+1","floor":48}],"player_experience":34144,"relics_obtained":[{"floor":9.0,"key":"rorgmod:The Boot"},{"floor":14.0,"key":"Ring of Panic"},{"floor":14.0,"key":"Ring of Misfortune"},{"floor":17.0,"key":"rorgmod:Ceramic Fish"},{"floor":17.0,"key":"HollowMod:LifeEnderRelic"},{"floor":17.0,"key":"DemoMod:RingOfEthereal"},{"floor":26.0,"key":"ReplayTheSpireMod:Shallot"},{"floor":43.0,"key":"Replay:Baseball"}],"event_choices":[{"damage_healed":0.0,"max_hp_gain":0.0,"max_hp_loss":0.0,"gold_gain":0.0,"event_name":"Wheel of Change","player_choice":"Cursed","floor":19.0,"gold_loss":0.0,"damage_taken":0.0,"cards_obtained":["Decay"]}],"is_beta":false,"boss_relics":[{"not_picked":["rorgmod:Black Star","Ectoplasm"],"picked":"Calling Bell"},{"not_picked":["Replay:Fungal Core","Cursed Key"],"picked":"meleeMod_EvidenceZip"}],"items_purged_floors":[],"is_endless":false,"potions_floor_spawned":[12,13,20,21,22,37,38,41,48],"ascension_level":0}}