{"host":"v4tuy5ykrbdcm9o9","time":1609398074,"event":{"mods":["BaseMod","Duelist Mod","Minty Spire (QoL Compilation)","Replay The Spire","StSLib"],"gold_per_floor":[115,129,129,40,40,52,81,99,144,144,144,178,10,26,26,123,123,133,233,243,254,254,254,254],"floor_reached":23,"playtime":1261,"items_purged":[],"score":301,"play_id":"c49bf504-2b35-4b38-82e3-05f1e2aee3a9","local_time":"20201231020114","is_ascension_mode":true,"campfire_choices":[{"floor":10,"key":"REST"},{"floor":15,"key":"REST"}],"circlet_count":0,"master_deck":["Strike_B+1","Strike_B","Strike_B","Defend_B","Defend_B","Defend_B","Defend_B","Zap","Dualcast","Cold Snap","Beam Cell","FTL","Sweeping Beam","Conserve Battery","Electrodynamics","Beam Cell","Self Repair","Panacea","Lockon","Lockon","Electrodynamics","Compile Driver+1","FTL"],"relics":["Cracked Core","Singing Bowl","Boot","Philosopher\u0027s Stone"],"acts_visited":["Exordium","TheCity"],"potions_floor_usage":[7,7,16,20],"damage_taken":[{"damage":0,"enemies":"2 Louse","floor":1,"turns":3},{"damage":3,"enemies":"Small Slimes","floor":2,"turns":3},{"damage":2,"enemies":"Jaw Worm","floor":6,"turns":3},{"damage":12,"enemies":"3 Sentries","floor":7,"turns":7},{"damage":16,"enemies":"2 Fungi Beasts","floor":8,"turns":3},{"damage":23,"enemies":"Gremlin Nob","floor":12,"turns":4},{"damage":2,"enemies":"Red Slaver","floor":14,"turns":2},{"damage":0,"enemies":"Slime Boss","floor":16,"turns":5},{"damage":15,"enemies":"Shell Parasite","floor":18,"turns":3},{"damage":39,"enemies":"3 Byrds","floor":20,"turns":4},{"damage":20,"enemies":"Snake Plant","floor":21,"turns":3},{"damage":21,"enemies":"theDuelist:KaibaA2","floor":23,"turns":3}],"seed_played":"1531444989009146921","potions_obtained":[{"floor":2,"key":"SkillPotion"},{"floor":6,"key":"ColorlessPotion"},{"floor":12,"key":"FearPotion"},{"floor":18,"key":"Block Potion"},{"floor":20,"key":"PotionOfCapacity"}],"is_trial":false,"path_per_floor":["M","M","?","$","?","M","E","M","T","R","?","E","$","M","R","B",null,"M","?","M","M","?","E"],"character_chosen":"DEFECT","items_purchased":["FTL","Sweeping Beam","Panacea","Lockon"],"campfire_rested":2,"item_purchase_floors":[4,4,13,13],"current_hp_per_floor":[82,79,79,79,79,77,65,49,49,73,73,50,50,48,72,72,82,67,67,37,19,19,0,0],"gold":254,"neow_bonus":"TEN_PERCENT_HP_BONUS","is_daily":false,"chose_seed":false,"campfire_upgraded":0,"win_rate":0.0,"timestamp":1609398074,"path_taken":["M","M","?","$","?","M","E","M","T","R","?","E","?","M","R","BOSS","M","?","M","?","?","E"],"items_purchased_type":["Card","Card","Card","Card"],"build_version":"2020-12-22","purchased_purges":0,"victory":false,"max_hp_per_floor":[82,82,82,82,82,82,82,82,82,82,82,82,82,82,82,82,82,82,82,84,86,86,86,86],"card_choices":[{"not_picked":["Crystallizer","ReplayTheSpireMod:GoodbyeWorld"],"picked":"Cold Snap","floor":1},{"not_picked":["Gash","Rebound"],"picked":"Beam Cell","floor":2},{"not_picked":["Fission","Rebound"],"picked":"Conserve Battery","floor":6},{"not_picked":["Redo","Steam"],"picked":"Electrodynamics","floor":7},{"not_picked":["Compile Driver","Rebound"],"picked":"Beam Cell","floor":8},{"not_picked":["Machine Learning","Hello World"],"picked":"Self Repair","floor":12},{"not_picked":["Turbo","Rebound"],"picked":"Lockon","floor":14},{"not_picked":["Seek","Rainbow"],"picked":"Electrodynamics","floor":16},{"not_picked":["Time Bomb+1","ReplayTheSpireMod:Calculation Training"],"picked":"Compile Driver+1","floor":18},{"not_picked":["Stack","BasicCrystalCard","Turbo"],"picked":"Singing Bowl","floor":20},{"not_picked":["BasicCrystalCard","ReplayTheSpireMod:GoodbyeWorld","Creative AI"],"picked":"Singing Bowl","floor":21}],"player_experience":501031,"relics_obtained":[{"floor":7,"key":"Singing Bowl"},{"floor":12,"key":"Boot"}],"event_choices":[{"damage_healed":0,"gold_gain":0,"player_choice":"Leave","damage_taken":0,"max_hp_gain":0,"max_hp_loss":0,"event_name":"The Cleric","floor":5,"gold_loss":0},{"damage_healed":0,"gold_gain":0,"player_choice":"Ignored","damage_taken":0,"max_hp_gain":0,"max_hp_loss":0,"event_name":"Liars Game","floor":11,"gold_loss":0},{"damage_healed":0,"gold_gain":100,"player_choice":"Pray","damage_taken":0,"max_hp_gain":0,"max_hp_loss":0,"event_name":"Golden Shrine","floor":19,"gold_loss":0},{"damage_healed":0,"gold_gain":0,"cards_transformed":["Strike_B"],"player_choice":"Transformed","damage_taken":0,"max_hp_gain":0,"max_hp_loss":0,"event_name":"Transmorgrifier","floor":22,"gold_loss":0,"cards_obtained":["FTL"]}],"is_beta":false,"boss_relics":[{"not_picked":["Snecko Eye","Abe\u0027s Treasure"],"picked":"Philosopher\u0027s Stone"}],"items_purged_floors":[],"is_endless":false,"potions_floor_spawned":[2,6,12,18,20],"killed_by":"theDuelist:KaibaA2","ascension_level":4}}