{"host":"3rixevx6n8b56xaj","time":1609430722,"event":{"mods":["2.2 Compatiblity","AchievementEnabler","Arknights The Spire","BaseMod","Colored Map","DeckTracker","Friendly Minions","Minty Spire (QoL Compilation)","StSLib","SuperFastMode"],"gold_per_floor":[219,98,116,129,143,143,143,143,143,156,156,190,213,213,213,332,332,351,367,382,406,406,449,462,462,462,68,68,86,105,120,120,243,243,264,284,284,302,318,351,369,382,406,31,75,75,110,123,123,123,123],"floor_reached":50,"playtime":2150,"items_purged":["ats:Defend","ats:Strike G"],"score":662,"play_id":"6fe67722-e5be-4f7a-8cdc-c6553d58ed3d","local_time":"20210101010522","is_ascension_mode":false,"campfire_choices":[{"data":"ats:Armor Crushing Shot","floor":6.0,"key":"SMITH"},{"data":"ats:Thorns","floor":8.0,"key":"SMITH"},{"data":"ats:Closed Bolt Burst Fire","floor":15.0,"key":"SMITH"},{"floor":25.0,"key":"REST"},{"data":"ats:Emotion Absorption","floor":28.0,"key":"SMITH"},{"data":"ats:Healing Strengthening","floor":32.0,"key":"SMITH"},{"data":"ats:Soul Rend","floor":46,"key":"SMITH"},{"data":"ats:Calcification","floor":49,"key":"SMITH"}],"circlet_count":0,"master_deck":["ats:Armor Crushing Shot+1","ats:Defend","ats:Defend","ats:Emotion Absorption+1","ats:Thorns+1","ats:Shell Defense","ats:Hook Shot","ats:Apocalypse","ats:Closed Bolt Burst Fire+1","ats:Shell Defense","ats:Mental Burst+1","ats:Shadow Assault+1","ats:Thermite Blade+1","ats:Powerful Strike+1","ats:Echo Reverb+1","ats:Ignite+1","ats:Poison Spread+1","ats:Blood Oath+1","ats:Leaping Hammer+1","ats:Charging Defense","ats:Healing Strengthening+1","ats:Mental Burst+1","ats:Calcification+1","ats:Soul Rend+1","ats:Flexible Camouflage+1","ats:Magnetic Hammer+1","ats:Shadow Raid+1"],"relics":["ats:Sanity","Golden Idol","Shuriken","ats:Originium","Molten Egg 2","Astrolabe","Incense Burner","InkBottle","Busted Crown","Toxic Egg 2","Potion Belt","TungstenRod","Pear","MealTicket"],"acts_visited":["Exordium","TheCity","TheBeyond"],"potions_floor_usage":[42,45,45,45,45,47],"damage_taken":[{"damage":7.0,"enemies":"2 Louse","floor":1.0,"turns":4.0},{"damage":0.0,"enemies":"Small Slimes","floor":3.0,"turns":3.0},{"damage":6.0,"enemies":"Cultist","floor":4.0,"turns":6.0},{"damage":9.0,"enemies":"Looter","floor":5.0,"turns":4.0},{"damage":0.0,"enemies":"Red Slaver","floor":10.0,"turns":5.0},{"damage":0.0,"enemies":"Gremlin Nob","floor":12.0,"turns":3.0},{"damage":5.0,"enemies":"3 Louse","floor":13.0,"turns":5.0},{"damage":0.0,"enemies":"Slime Boss","floor":16.0,"turns":5.0},{"damage":10.0,"enemies":"Chosen","floor":18.0,"turns":3.0},{"damage":10.0,"enemies":"3 Byrds","floor":19.0,"turns":3.0},{"damage":17.0,"enemies":"Cultist and Chosen","floor":20.0,"turns":6.0},{"damage":22.0,"enemies":"Centurion and Healer","floor":21.0,"turns":6.0},{"damage":28.0,"enemies":"Book of Stabbing","floor":23.0,"turns":5.0},{"damage":8.0,"enemies":"Snecko","floor":24.0,"turns":3.0},{"damage":7.0,"enemies":"Cultist and Chosen","floor":29.0,"turns":4.0},{"damage":14.0,"enemies":"Snake Plant","floor":30.0,"turns":3.0},{"damage":1.0,"enemies":"Snecko","floor":31.0,"turns":3.0},{"damage":52.0,"enemies":"Collector","floor":33.0,"turns":9.0},{"damage":10.0,"enemies":"Orb Walker","floor":35.0,"turns":2.0},{"damage":20.0,"enemies":"3 Shapes","floor":36.0,"turns":5.0},{"damage":16.0,"enemies":"Spire Growth","floor":38.0,"turns":4.0},{"damage":11.0,"enemies":"Sphere and 2 Shapes","floor":39.0,"turns":5.0},{"damage":58.0,"enemies":"Nemesis","floor":40.0,"turns":7.0},{"damage":53.0,"enemies":"Transient","floor":41.0,"turns":5.0},{"damage":20,"enemies":"3 Darklings","floor":42,"turns":4},{"damage":9,"enemies":"Reptomancer","floor":45,"turns":3},{"damage":77,"enemies":"Giant Head","floor":47,"turns":9},{"damage":7,"enemies":"Maw","floor":48,"turns":7},{"damage":84,"enemies":"Time Eater","floor":50,"turns":10}],"seed_played":"-7995030234111409973","potions_obtained":[{"floor":5.0,"key":"FearPotion"},{"floor":10.0,"key":"ColorlessPotion"},{"floor":11.0,"key":"Fire Potion"},{"floor":11.0,"key":"LiquidMemories"},{"floor":11.0,"key":"PowerPotion"},{"floor":16.0,"key":"ColorlessPotion"},{"floor":21.0,"key":"SkillPotion"},{"floor":23.0,"key":"DuplicationPotion"},{"floor":24.0,"key":"FearPotion"},{"floor":33.0,"key":"SpeedPotion"},{"floor":38.0,"key":"ats:Emergency Sanity Potion"},{"floor":41.0,"key":"EntropicBrew"},{"floor":42,"key":"DuplicationPotion"},{"floor":45,"key":"Explosive Potion"}],"is_trial":false,"path_per_floor":["M","$","M","M","M","R","?","R","T","M","?","E","M","?","R","B",null,"M","M","M","M","?","E","M","R","T","$","R","M","M","M","R","B",null,"M","M","?","M","M","E","M","M","T","$","E","R","E","M","R","B"],"character_chosen":"DOCTOR_CLASS","items_purchased":["ats:Shell Defense","ats:Charging Defense","InkBottle","TungstenRod","ats:Magnetic Hammer+1"],"campfire_rested":1,"item_purchase_floors":[2,27,27,44,44],"current_hp_per_floor":[65,65,67,64,59,59,41,41,41,46,46,48,61,61,61,63,72,64,54,47,36,36,20,23,44,44,44,44,46,34,42,42,26,72,62,63,63,54,64,45,15,13,13,13,30,30,9,45,45,0,0],"gold":123,"neow_bonus":"HUNDRED_GOLD","is_daily":false,"chose_seed":false,"campfire_upgraded":7,"win_rate":0.0,"timestamp":1609430722,"path_taken":["M","$","M","M","M","R","?","R","T","M","?","E","?","?","R","BOSS","M","M","M","M","?","E","M","R","T","$","R","M","M","?","R","BOSS","M","M","?","M","M","E","M","M","T","$","E","R","E","M","R","BOSS"],"items_purchased_type":["Card","Card","Relic","Relic","Card"],"build_version":"2020-12-22","purchased_purges":2,"victory":false,"max_hp_per_floor":[72,72,72,72,72,72,72,72,72,72,72,72,72,72,72,72,72,72,72,72,72,72,72,72,72,72,72,72,72,72,72,72,72,72,72,72,72,72,72,72,72,72,72,72,82,82,82,82,82,82,82],"card_choices":[{"not_picked":["ats:Childhood Dance","ats:Curse Doll"],"picked":"ats:Thorns","floor":1.0},{"not_picked":["ats:Flexible Camouflage","ats:Flame Of Heaven"],"picked":"ats:Hook Shot","floor":3.0},{"not_picked":["ats:Poison Spread","ats:Directed Diagnosis"],"picked":"ats:Apocalypse","floor":4.0},{"not_picked":["ats:Support Order","ats:Guardian Obelisk","ats:Healing Drone"],"picked":"SKIP","floor":5.0},{"not_picked":["ats:Flexible Camouflage","ats:Ignite"],"picked":"ats:Closed Bolt Burst Fire","floor":10.0},{"not_picked":["ats:Flexible Camouflage","ats:Assault Order"],"picked":"ats:Shell Defense","floor":12.0},{"not_picked":["ats:Hammer On+1","ats:Apocalypse"],"picked":"ats:Mental Burst+1","floor":13.0},{"not_picked":["ats:Echo Reverb","ats:Dogmatic Field"],"picked":"ats:Shadow Assault+1","floor":16.0},{"not_picked":["ats:Cat Scratch+1","ats:Chain Hook+1"],"picked":"ats:Ignite+1","floor":18.0},{"not_picked":["ats:Sunburst+1","ats:Flame Of Heaven+1"],"picked":"ats:Poison Spread+1","floor":19.0},{"not_picked":["ats:Childhood Dance+1","ats:Flexible Camouflage+1"],"picked":"ats:Blood Oath+1","floor":20.0},{"not_picked":["ats:Explosion Area Strengthen+1","ats:Curse Doll","ats:LN2 Cannon+1"],"picked":"SKIP","floor":21.0},{"not_picked":["ats:Hammer On+1","ats:Explosion Area Strengthen+1"],"picked":"ats:Leaping Hammer+1","floor":23.0},{"not_picked":["ats:Directed Diagnosis","ats:Poison Spread+1","ats:Ambush"],"picked":"SKIP","floor":24.0},{"not_picked":["ats:Curse Doll","ats:Powerful Strike+1","ats:Hammer On+1"],"picked":"SKIP","floor":29.0},{"not_picked":["ats:Curse Doll+1","ats:Soul Absorption+1"],"picked":"ats:Healing Strengthening","floor":30.0},{"not_picked":["ats:Sword Rain+1","ats:Curse Doll"],"picked":"ats:Mental Burst+1","floor":31.0},{"not_picked":["ats:Ambush","ats:Nebulous Foxfire"],"picked":"ats:Calcification","floor":33.0},{"not_picked":["ats:Curse Doll"],"picked":"SKIP","floor":35.0},{"not_picked":["ats:Revitalization+1"],"picked":"SKIP","floor":36.0},{"not_picked":["ats:Sword Rain+1"],"picked":"SKIP","floor":38.0},{"not_picked":["ats:Hammer On+1"],"picked":"SKIP","floor":39.0},{"not_picked":[],"picked":"ats:Soul Rend","floor":40.0},{"not_picked":["ats:Childhood Dance+1"],"picked":"SKIP","floor":41.0},{"not_picked":[],"picked":"ats:Flexible Camouflage+1","floor":42},{"not_picked":["ats:Magnetic Hammer+1"],"picked":"SKIP","floor":45},{"not_picked":["ats:Explosion Area Strengthen+1"],"picked":"SKIP","floor":47},{"not_picked":[],"picked":"ats:Shadow Raid+1","floor":48}],"player_experience":591337,"relics_obtained":[{"floor":9.0,"key":"Shuriken"},{"floor":12.0,"key":"ats:Originium"},{"floor":12.0,"key":"Molten Egg 2"},{"floor":23.0,"key":"ats:Originium"},{"floor":23.0,"key":"Incense Burner"},{"floor":40.0,"key":"ats:Originium"},{"floor":40.0,"key":"Toxic Egg 2"},{"floor":43,"key":"Potion Belt"},{"floor":45,"key":"Pear"},{"floor":47,"key":"MealTicket"}],"event_choices":[{"damage_healed":0.0,"max_hp_gain":0.0,"max_hp_loss":0.0,"gold_gain":0.0,"event_name":"Golden Idol","player_choice":"Take Damage","floor":7.0,"gold_loss":0.0,"damage_taken":18.0,"relics_obtained":["Golden Idol"]},{"damage_healed":0.0,"max_hp_gain":0.0,"max_hp_loss":0.0,"gold_gain":0.0,"event_name":"Lab","player_choice":"Got Potions","floor":11.0,"gold_loss":0.0,"damage_taken":0.0},{"damage_healed":0.0,"max_hp_gain":0.0,"max_hp_loss":0.0,"gold_gain":0.0,"event_name":"NoteForYourself","player_choice":"Ignored","floor":14.0,"gold_loss":0.0,"damage_taken":0.0},{"damage_healed":0.0,"max_hp_gain":0.0,"max_hp_loss":0.0,"gold_gain":0.0,"event_name":"The Woman in Blue","player_choice":"Bought 0 Potions","floor":22.0,"gold_loss":0.0,"damage_taken":0.0},{"cards_removed":["ats:Strike C"],"damage_healed":0.0,"max_hp_gain":0.0,"max_hp_loss":0.0,"gold_gain":0.0,"event_name":"Falling","player_choice":"Removed Attack","floor":37.0,"gold_loss":0.0,"damage_taken":0.0}],"is_beta":false,"boss_relics":[{"not_picked":["Cursed Key","Runic Dome"],"picked":"Astrolabe"},{"not_picked":["Runic Pyramid","Snecko Eye"],"picked":"Busted Crown"}],"items_purged_floors":[2,27],"is_endless":false,"potions_floor_spawned":[5,10,16,21,23,24,30,33,38,41,42,45],"killed_by":"Time Eater","ascension_level":0}}