{"host":"g7trc0x2teqyd8ye","time":1609373342,"event":{"mods":["BaseMod","Key Reminder","Minty Spire (QoL Compilation)","Relic Stats"],"gold_per_floor":[16,16,16,16,32,32,57,98,123,398,412,412,430,460,460,460,460],"floor_reached":16,"playtime":487,"items_purged":[],"score":190,"play_id":"199ea2a1-75b6-4c6c-8b2f-6d2c9399a868","local_time":"20201231010902","is_ascension_mode":true,"campfire_choices":[{"floor":6,"key":"REST"},{"floor":12,"key":"REST"},{"floor":15,"key":"REST"}],"circlet_count":0,"master_deck":["AscendersBane","Strike_R","Strike_R","Strike_R","Strike_R+1","Defend_R","Defend_R","Defend_R","Bash+1","Armaments","Spot Weakness","Seeing Red","Regret","Impervious","Power Through","Iron Wave"],"relics":["Burning Blood","Golden Idol","Smiling Mask","Potion Belt","Odd Mushroom"],"acts_visited":["Exordium"],"potions_floor_usage":[8,8,8,8,11,16],"damage_taken":[{"damage":2,"enemies":"2 Louse","floor":1,"turns":3},{"damage":0,"enemies":"Cultist","floor":5,"turns":3},{"damage":4,"enemies":"Small Slimes","floor":7,"turns":4},{"damage":15,"enemies":"Lagavulin","floor":8,"turns":3},{"damage":41,"enemies":"Gremlin Gang","floor":11,"turns":5},{"damage":15,"enemies":"Looter","floor":13,"turns":3},{"damage":18,"enemies":"The Mushroom Lair","floor":14,"turns":6},{"damage":32,"enemies":"Hexaghost","floor":16,"turns":7}],"seed_played":"-6812472598938434757","potions_obtained":[{"floor":4,"key":"DistilledChaos"},{"floor":4,"key":"EntropicBrew"},{"floor":8,"key":"PowerPotion"},{"floor":11,"key":"CultistPotion"}],"is_trial":false,"path_per_floor":["M","?","?","?","M","R","M","E","T","?","M","R","M","?","R","B"],"character_chosen":"IRONCLAD","items_purchased":[],"campfire_rested":3,"item_purchase_floors":[],"current_hp_per_floor":[72,46,23,23,29,51,53,44,44,44,9,31,22,10,32,0,0],"gold":460,"neow_bonus":"REMOVE_TWO","is_daily":false,"chose_seed":false,"campfire_upgraded":0,"win_rate":0.0,"timestamp":1609373342,"path_taken":["M","?","?","?","M","R","?","E","T","?","?","R","M","?","R","BOSS"],"items_purchased_type":[],"build_version":"2020-12-22","purchased_purges":0,"victory":false,"max_hp_per_floor":[75,75,75,75,75,75,75,75,75,75,75,75,75,75,75,75,75],"relic_stats":{"counters":[8,34],"Golden Idol":29,"Smiling Mask":0,"obtain_stats":[{"Potion Belt":9,"Golden Idol":2,"Odd Mushroom":14,"Smiling Mask":8,"Burning Blood":0},{"Potion Belt":4,"Golden Idol":1,"Odd Mushroom":7,"Smiling Mask":4,"Burning Blood":0},{"Potion Belt":13,"Golden Idol":3,"Odd Mushroom":27,"Smiling Mask":13,"Burning Blood":0}],"Burning Blood":42},"card_choices":[{"not_picked":["Headbutt","Shrug It Off"],"picked":"Armaments","floor":1},{"not_picked":["Pummel","Flex"],"picked":"Spot Weakness","floor":5},{"not_picked":["Evolve","Cleave"],"picked":"Seeing Red","floor":7},{"not_picked":["Sword Boomerang","Hemokinesis","Iron Wave"],"picked":"SKIP","floor":8},{"not_picked":["Heavy Blade","Combust"],"picked":"Impervious","floor":11},{"not_picked":["Twin Strike","Clash"],"picked":"Power Through","floor":13},{"not_picked":["Body Slam","Flex"],"picked":"Iron Wave","floor":14}],"player_experience":835515,"relics_obtained":[{"floor":8,"key":"Smiling Mask"},{"floor":9,"key":"Potion Belt"},{"floor":14,"key":"Odd Mushroom"}],"event_choices":[{"damage_healed":0,"gold_gain":0,"player_choice":"Take Damage","damage_taken":26,"relics_obtained":["Golden Idol"],"max_hp_gain":0,"max_hp_loss":0,"event_name":"Golden Idol","floor":2,"gold_loss":0},{"damage_healed":0,"gold_gain":0,"player_choice":"Entered Light","damage_taken":23,"max_hp_gain":0,"max_hp_loss":0,"event_name":"Shining Light","floor":3,"gold_loss":0,"cards_upgraded":["Strike_R","Bash"]},{"damage_healed":0,"gold_gain":0,"player_choice":"Got Potions","damage_taken":0,"max_hp_gain":0,"max_hp_loss":0,"event_name":"Lab","floor":4,"gold_loss":0},{"damage_healed":0,"gold_gain":275,"player_choice":"Desecrate","damage_taken":0,"max_hp_gain":0,"max_hp_loss":0,"event_name":"Golden Shrine","floor":10,"gold_loss":0,"cards_obtained":["Regret"]},{"damage_healed":0,"gold_gain":0,"player_choice":"Fought Mushrooms","damage_taken":0,"max_hp_gain":0,"max_hp_loss":0,"event_name":"Mushrooms","floor":14,"gold_loss":0}],"is_beta":false,"boss_relics":[],"items_purged_floors":[],"is_endless":false,"potions_floor_spawned":[5,8,11],"killed_by":"Hexaghost","ascension_level":18}}