{"host":"mgc7o2tpy0ck407l","time":1609442443,"event":{"mods":["Alarm Clock","AlwaysNeverKeys","BaseMod","Better Altar","Better Match","Better Note","Better Sensory Stone","Better Skull","Better Third Choice","Better Vampires","Block Reminder","Booster Modes","Challenge The Spire","Colored Map","Colored Powertips","Disable Question Mark Monsters","Emptier Cage","Infinite Spire","Minty Spire (QoL Compilation)","Permanent Neow","Quick Restart","Rare Cards Sparkle","Reorder Act Four","Replay The Spire","Spicy Shops","StSLib","Transform Curses","Unceasing Turn Reminder"],"gold_per_floor":[11,11,25,1,13,13,13,13,13,48,48,48,76,96,96,96,96],"floor_reached":16,"playtime":934,"items_purged":[],"score":113,"play_id":"20e4c03a-b3b9-4c7b-a8a6-92ef97fe62e1","local_time":"20201231142043","is_ascension_mode":true,"campfire_choices":[{"data":"Coolheaded","floor":6.0,"key":"SMITH"},{"data":"Coolheaded","floor":8.0,"key":"SMITH"}],"circlet_count":0,"master_deck":["Strike_B","Strike_B","Defend_B","Defend_B","Defend_B","Zap","Dualcast","Glacier","ReplayTheSpireMod:System Scan+1","Coolheaded+1","Panic Button","Panic Button","Coolheaded+1","Storm","infinitespire:NeuralNetwork","Cold Snap"],"relics":["Cracked Core","Blue Doll","Ornamental Fan","Oddly Smooth Stone"],"acts_visited":["Exordium"],"potions_floor_usage":[],"damage_taken":[{"damage":1.0,"enemies":"Jaw Worm","floor":1.0,"turns":4.0},{"damage":3.0,"enemies":"2 Louse","floor":3.0,"turns":3.0},{"damage":0.0,"enemies":"Cultist","floor":5.0,"turns":4.0},{"damage":22.0,"enemies":"Lagavulin","floor":10.0,"turns":11.0},{"damage":14.0,"enemies":"Gremlin Nob","floor":13.0,"turns":4.0},{"damage":0.0,"enemies":"Blue Slaver","floor":14.0,"turns":4.0},{"damage":54,"enemies":"Fading Forest","floor":16,"turns":10}],"seed_played":"7570626697415404568","potions_obtained":[{"floor":3.0,"key":"DistilledChaos"},{"floor":5.0,"key":"DistilledChaos"},{"floor":12.0,"key":"FocusPotion"}],"is_trial":false,"path_per_floor":["M","$","M","$","M","R","?","R","T","E","?","?","E","M","R_BF","B"],"character_chosen":"DEFECT","items_purchased":["Panic Button"],"campfire_rested":0,"item_purchase_floors":[4],"current_hp_per_floor":[74,74,71,71,71,71,71,71,71,49,31,31,17,17,39,0,0],"gold":96,"neow_bonus":"TRANSFORM_TWO_CARDS","is_daily":false,"chose_seed":false,"campfire_upgraded":2,"win_rate":0.0,"timestamp":1609442443,"path_taken":["M","$","M","$","M","R","?","R","T","E","?","?","E","?","R_BF","BOSS"],"items_purchased_type":["Card"],"build_version":"2020-12-22","purchased_purges":0,"victory":false,"max_hp_per_floor":[75,75,75,75,75,75,75,75,75,75,75,75,75,75,75,75,75],"card_choices":[{"not_picked":["Go for the Eyes","Loop"],"picked":"Coolheaded","floor":1.0},{"not_picked":["Chaos","BasicCrystalCard"],"picked":"Panic Button","floor":3.0},{"not_picked":["Stack","Melter"],"picked":"Coolheaded","floor":5.0},{"not_picked":["Lockon","Steam Power"],"picked":"Storm","floor":10.0},{"not_picked":["infinitespire:SevenWalls","ReplayTheSpireMod:Haul"],"picked":"infinitespire:NeuralNetwork","floor":11.0},{"not_picked":["Rip and Tear","Hello World"],"picked":"Cold Snap","floor":13.0},{"not_picked":["Sweeping Beam","Conserve Battery","Melter"],"picked":"SKIP","floor":14.0}],"player_experience":706189,"relics_obtained":[{"floor":9.0,"key":"Blue Doll"},{"floor":10.0,"key":"Ornamental Fan"},{"floor":13.0,"key":"Oddly Smooth Stone"}],"event_choices":[{"damage_healed":0.0,"max_hp_gain":0.0,"max_hp_loss":0.0,"gold_gain":0.0,"event_name":"Lab","player_choice":"Got Potions","floor":12.0,"gold_loss":0.0,"damage_taken":0.0}],"is_beta":false,"boss_relics":[],"items_purged_floors":[],"is_endless":false,"potions_floor_spawned":[3,5],"killed_by":"Fading Forest","ascension_level":1}}