{"host":"fo1pcjb7ykmk7tjo","time":1609423675,"event":{"mods":["BaseMod","Colored Map","Downfall","Hermit","Hubris","Infinite Spire","Marisa????????","Minty Spire (QoL Compilation)","Replay The Spire","StSLib","The Disciple","The Servant 0.9.4"],"gold_per_floor":[109,109,119,119,135,135,149,169,193,224,237,270,270,270,270,366,366,380,380,397,397,397,397,423,40,40,70,70,80,80,80,80,176,176,187,187,97,111,159,159,159],"floor_reached":40,"playtime":1369,"items_purged":["Strike_P","Strike_P"],"score":583,"play_id":"bb47a02b-5c7e-4063-918e-cd4908039940","local_time":"20201231150755","is_ascension_mode":true,"campfire_choices":[{"data":"LessonLearned","floor":6,"key":"SMITH"},{"floor":13,"key":"REST"},{"data":"Alpha","floor":15,"key":"SMITH"},{"data":"Wallop","floor":23,"key":"SMITH"},{"floor":28,"key":"REST"},{"floor":32,"key":"REST"}],"circlet_count":0,"master_deck":["Ragnarok+1","Strike_P+1","Defend_P+1","Defend_P","Defend_P","Defend_P+1","Eruption+1","Vigilance+1","Alpha+1","CarveReality+1","Crescendo+1","LessonLearned+1","Wallop+1","FlurryOfBlows","DeusExMachina","WheelKick","EmptyMind","Necronomicurse"],"relics":["PureWater","Toy Ornithopter","Art of War","Ancient Tea Set","Sozu","HolyWater","Golden Egg","Ornamental Fan","hubris:TenFootPole","Incense Burner","Nunchaku","hubris:Towel","Necronomicon","Busted Crown","hubris:AstralHammer"],"acts_visited":["Exordium","TheCity","TheBeyond"],"potions_floor_usage":[7,11,12],"damage_taken":[{"damage":5,"enemies":"2 Louse","floor":1,"turns":3},{"damage":0,"enemies":"Cultist","floor":3,"turns":2},{"damage":12,"enemies":"Small Slimes","floor":5,"turns":3},{"damage":3,"enemies":"2 Fungi Beasts","floor":7,"turns":3},{"damage":0,"enemies":"Lots of Slimes","floor":8,"turns":1},{"damage":25,"enemies":"3 Sentries","floor":10,"turns":4},{"damage":21,"enemies":"Exordium Thugs","floor":11,"turns":5},{"damage":7,"enemies":"Lagavulin","floor":12,"turns":7},{"damage":0,"enemies":"Fading Forest","floor":16,"turns":11},{"damage":37,"enemies":"3 Byrds","floor":18,"turns":4},{"damage":0,"enemies":"Chosen","floor":20,"turns":4},{"damage":0,"enemies":"Gremlin Leader","floor":24,"turns":4},{"damage":19,"enemies":"Slavers","floor":27,"turns":4},{"damage":11,"enemies":"Snake Plant","floor":29,"turns":2},{"damage":22,"enemies":"Automaton","floor":33,"turns":6},{"damage":0,"enemies":"Orb Walker","floor":35,"turns":1},{"damage":9,"enemies":"3 Darklings","floor":38,"turns":3},{"damage":18,"enemies":"2 Orb Walkers","floor":39,"turns":4},{"damage":51,"enemies":"Reptomancer","floor":40,"turns":2}],"seed_played":"-2691268536312424806","potions_obtained":[{"floor":5,"key":"Block Potion"},{"floor":7,"key":"Dexterity Potion"},{"floor":8,"key":"Weak Potion"},{"floor":16,"key":"Adrenaline Potion"}],"is_trial":false,"path_per_floor":["M","?","M","?","M","R","M","M","T","E","M","E","R","?","R","B",null,"M","?","M","AVR","T","R","E","$","T","E","R","M","?","?","R","B",null,"M","?","?","M","?","E"],"character_chosen":"WATCHER","items_purchased":["Incense Burner"],"campfire_rested":3,"item_purchase_floors":[25],"current_hp_per_floor":[67,67,67,67,55,55,52,52,52,27,11,9,30,30,30,46,72,35,35,35,35,35,35,35,35,35,16,37,26,26,19,40,18,72,72,72,72,63,45,0,0],"gold":159,"neow_bonus":"ONE_RANDOM_RARE_CARD","is_daily":false,"chose_seed":false,"campfire_upgraded":3,"win_rate":0.0,"timestamp":1609423675,"path_taken":["M","?","?","?","M","R","M","M","T","E","?","E","R","?","R","BOSS","M","?","?","AVR","?","R","E","$","T","E","R","M","?","?","R","BOSS","M","?","?","?","?","E"],"items_purchased_type":["Relic"],"build_version":"2020-12-22","purchased_purges":2,"victory":false,"max_hp_per_floor":[72,72,72,72,72,72,72,72,72,72,72,72,72,72,72,72,72,72,72,72,72,72,72,72,72,72,72,72,72,72,72,72,72,72,72,72,72,72,72,72,72],"card_choices":[{"not_picked":["Fasting2","JustLucky"],"picked":"CarveReality","floor":1},{"not_picked":["SashWhip","Evaluate","Replay:ManipulateFuture"],"picked":"SKIP","floor":3},{"not_picked":["PathToVictory","ClearTheMind"],"picked":"LessonLearned","floor":5},{"not_picked":["Consecrate","EmptyBody"],"picked":"Wallop","floor":7},{"not_picked":["ThirdEye","PathToVictory","CarveReality"],"picked":"SKIP","floor":8},{"not_picked":["SignatureMove","Replay:AtTheReady","Vault"],"picked":"SKIP","floor":10},{"not_picked":["Replay:Cycle","Worship","CrushJoints"],"picked":"SKIP","floor":11},{"not_picked":["SignatureMove","Conclude"],"picked":"FlurryOfBlows","floor":12},{"not_picked":["Blasphemy","Replay:LoomingThreat"],"picked":"DeusExMachina","floor":16},{"not_picked":["Replay:BluntJabs+1","Protect","ThirdEye+1"],"picked":"SKIP","floor":18},{"not_picked":["BowlingBash","InnerPeace"],"picked":"WheelKick","floor":20},{"not_picked":["SandsOfTime","Conclude"],"picked":"EmptyMind","floor":24},{"not_picked":["Replay:ManipulateFuture","JustLucky","PathToVictory"],"picked":"SKIP","floor":27},{"not_picked":["SashWhip","Replay:AtTheReady","Pray"],"picked":"SKIP","floor":29},{"not_picked":["Establishment","Brilliance"],"picked":"DevaForm","floor":33},{"not_picked":["PathToVictory+1"],"picked":"SKIP","floor":35},{"not_picked":["ThirdEye"],"picked":"SKIP","floor":38}],"player_experience":186038,"relics_obtained":[{"floor":9,"key":"Toy Ornithopter"},{"floor":10,"key":"Art of War"},{"floor":12,"key":"Ancient Tea Set"},{"floor":22,"key":"Ornamental Fan"},{"floor":24,"key":"hubris:TenFootPole"},{"floor":27,"key":"Nunchaku"},{"floor":31,"key":"Necronomicon"},{"floor":39,"key":"hubris:AstralHammer"}],"event_choices":[{"damage_healed":0,"gold_gain":0,"player_choice":"1 cards matched","damage_taken":0,"max_hp_gain":0,"max_hp_loss":0,"event_name":"Match and Keep!","floor":2,"gold_loss":0,"cards_obtained":["Crescendo"]},{"damage_healed":0,"gold_gain":0,"player_choice":"Bought 0 Potions","damage_taken":0,"max_hp_gain":0,"max_hp_loss":0,"event_name":"The Woman in Blue","floor":4,"gold_loss":0},{"damage_healed":0,"gold_gain":0,"player_choice":"Got Potions","damage_taken":0,"max_hp_gain":0,"max_hp_loss":0,"event_name":"Lab","floor":19,"gold_loss":0},{"damage_healed":0,"gold_gain":0,"player_choice":"Obtained Book","damage_taken":16,"max_hp_gain":0,"max_hp_loss":0,"event_name":"Cursed Tome","floor":31,"gold_loss":0},{"cards_removed":["DevaForm"],"damage_healed":0,"gold_gain":0,"player_choice":"Removed Power","damage_taken":0,"max_hp_gain":0,"max_hp_loss":0,"event_name":"Falling","floor":36,"gold_loss":0},{"cards_removed":["Strike_P"],"damage_healed":0,"gold_gain":0,"player_choice":"Upgrade and Remove","damage_taken":0,"max_hp_gain":0,"max_hp_loss":0,"event_name":"Designer","floor":37,"gold_loss":90,"cards_upgraded":["Strike_P"]},{"damage_healed":0,"gold_gain":0,"player_choice":"Fight","damage_taken":0,"max_hp_gain":0,"max_hp_loss":0,"event_name":"Mysterious Sphere","floor":39,"gold_loss":0}],"is_beta":false,"boss_relics":[{"not_picked":["Replay:Bronze Core","Honey Jar"],"picked":"Sozu"},{"not_picked":["Ring of Chaos","Snecko Eye"],"picked":"Busted Crown"}],"items_purged_floors":[21,25],"is_endless":false,"potions_floor_spawned":[5,7,8,16,24,29,35,38],"killed_by":"Reptomancer","ascension_level":3}}