{"host":"ktoxvvst1mwxww91","time":1609411411,"event":{"mods":["BaseMod","Hermit","Minty Spire (QoL Compilation)","StSLib","The Hierophant","The Mystic","The Necromancer"],"gold_per_floor":[116,134,59,77,97,127,127,127,127,157,172,19,48,61,61,164,164,164,89,14,14,14,14,14,14,14,14,14,14,14,14,14,14,14],"floor_reached":33,"playtime":1460,"items_purged":["Strike_G"],"score":469,"play_id":"5cdba58b-2565-4aaf-8e27-50572ecfb64e","local_time":"20201231114331","is_ascension_mode":true,"campfire_choices":[{"data":"After Image","floor":7.0,"key":"SMITH"},{"floor":15,"key":"REST"},{"floor":23,"key":"REST"},{"floor":27,"key":"REST"},{"floor":32,"key":"REST"}],"circlet_count":0,"master_deck":["AscendersBane","Strike_G","Strike_G","Defend_G","Defend_G","Defend_G","Defend_G","Defend_G","Survivor","Neutralize","Infinite Blades","Slice","Leg Sweep","Backflip","After Image+1","Backflip","Cloak And Dagger","Caltrops+1","Deadly Poison","Corpse Explosion","Slice+1","Cloak And Dagger","Caltrops+1","Noxious Fumes+1","Venomology"],"relics":["Ring of the Snake","Omamori","Frozen Egg 2","InkBottle","PreservedInsect","Vajra","Ectoplasm","Happy Flower","Orichalcum","Oddly Smooth Stone"],"acts_visited":["Exordium","TheCity"],"potions_floor_usage":[14,22,22,25,28,31,33,33,33],"damage_taken":[{"damage":0.0,"enemies":"Small Slimes","floor":1.0,"turns":6.0},{"damage":0.0,"enemies":"2 Louse","floor":2.0,"turns":2.0},{"damage":6.0,"enemies":"Jaw Worm","floor":4.0,"turns":5.0},{"damage":4.0,"enemies":"Large Slime","floor":5.0,"turns":12.0},{"damage":11.0,"enemies":"Gremlin Nob","floor":6.0,"turns":5.0},{"damage":17.0,"enemies":"3 Sentries","floor":10.0,"turns":14.0},{"damage":3.0,"enemies":"Looter","floor":11.0,"turns":4.0},{"damage":8.0,"enemies":"Lagavulin","floor":13.0,"turns":10.0},{"damage":9,"enemies":"Lots of Slimes","floor":14,"turns":4},{"damage":24,"enemies":"Slime Boss","floor":16,"turns":15},{"damage":2,"enemies":"Shell Parasite","floor":18,"turns":5},{"damage":19,"enemies":"2 Thieves","floor":20,"turns":3},{"damage":3,"enemies":"Snake Plant","floor":21,"turns":5},{"damage":11,"enemies":"Sentry and Sphere","floor":22,"turns":6},{"damage":10,"enemies":"Centurion and Healer","floor":24,"turns":5},{"damage":1,"enemies":"Snake Plant","floor":25,"turns":4},{"damage":4,"enemies":"Cultist and Chosen","floor":28,"turns":4},{"damage":16,"enemies":"Gremlin Leader","floor":30,"turns":6},{"damage":0,"enemies":"Centurion and Healer","floor":31,"turns":5},{"damage":58,"enemies":"Collector","floor":33,"turns":7}],"seed_played":"-2116931275580256782","potions_obtained":[{"floor":1.0,"key":"Strength Potion"},{"floor":2.0,"key":"Explosive Potion"},{"floor":4.0,"key":"Strength Potion"},{"floor":11.0,"key":"Dexterity Potion"},{"floor":13.0,"key":"SneckoOil"},{"floor":20,"key":"SkillPotion"},{"floor":21,"key":"Dexterity Potion"},{"floor":24,"key":"Weak Potion"},{"floor":25,"key":"SneckoOil"},{"floor":30,"key":"EntropicBrew"}],"is_trial":false,"path_per_floor":["M","M","$","M","M","E","R","?","T","E","M","$","E","M","R","B",null,"M","?","M","M","M","R","M","M","T","R","M","?","E","M","R","B"],"character_chosen":"THE_SILENT","items_purchased":["PreservedInsect"],"campfire_rested":4,"item_purchase_floors":[12],"current_hp_per_floor":[63,63,63,57,53,42,42,59,59,42,39,39,31,22,43,19,57,55,55,36,33,22,43,33,32,32,53,49,49,33,33,54,0,0],"gold":14,"neow_bonus":"REMOVE_CARD","is_daily":false,"chose_seed":false,"campfire_upgraded":1,"win_rate":0.0,"timestamp":1609411411,"path_taken":["M","M","$","M","M","E","R","?","T","E","M","$","E","M","R","BOSS","M","?","M","M","M","R","M","M","T","R","M","?","E","M","R","BOSS"],"items_purchased_type":["Relic"],"build_version":"2020-12-22","purchased_purges":1,"victory":false,"max_hp_per_floor":[70,70,70,70,70,70,70,70,70,70,70,70,70,70,70,70,70,70,70,70,70,70,70,70,70,70,70,70,70,70,70,70,70,70],"card_choices":[{"not_picked":["Eviscerate","Footwork"],"picked":"Infinite Blades","floor":1.0},{"not_picked":["Predator","Deflect"],"picked":"Slice","floor":2.0},{"not_picked":["Backflip","Prepared"],"picked":"Leg Sweep","floor":4.0},{"not_picked":["Dodge and Roll","Outmaneuver"],"picked":"Backflip","floor":5.0},{"not_picked":["Cloak And Dagger","Poisoned Stab"],"picked":"After Image","floor":6.0},{"not_picked":["Backstab","Dodge and Roll"],"picked":"Backflip","floor":10.0},{"not_picked":["Dagger Throw","All Out Attack"],"picked":"Cloak And Dagger","floor":11.0},{"not_picked":["Finisher","Deflect"],"picked":"Caltrops+1","floor":13.0},{"not_picked":["Dagger Throw","Prepared"],"picked":"Deadly Poison","floor":14},{"not_picked":["Storm of Steel","Unload"],"picked":"Corpse Explosion","floor":16},{"not_picked":["Skewer","Underhanded Strike"],"picked":"Slice+1","floor":18},{"not_picked":["Outmaneuver","Underhanded Strike","Bane"],"picked":"SKIP","floor":20},{"not_picked":["Flying Knee","Sucker Punch","Quick Slash"],"picked":"SKIP","floor":21},{"not_picked":["Die Die Die","PiercingWail"],"picked":"Cloak And Dagger","floor":22},{"not_picked":["Dodge and Roll","Acrobatics","Underhanded Strike"],"picked":"SKIP","floor":24},{"not_picked":["All Out Attack","PiercingWail"],"picked":"Caltrops+1","floor":25},{"not_picked":["Eviscerate","Acrobatics","Dash"],"picked":"SKIP","floor":28},{"not_picked":["Outmaneuver","PiercingWail"],"picked":"Noxious Fumes+1","floor":30},{"not_picked":["Riddle With Holes","Poisoned Stab"],"picked":"Venomology","floor":31}],"player_experience":947031,"relics_obtained":[{"floor":6.0,"key":"Omamori"},{"floor":9.0,"key":"Frozen Egg 2"},{"floor":10.0,"key":"InkBottle"},{"floor":13.0,"key":"Vajra"},{"floor":26,"key":"Happy Flower"},{"floor":30,"key":"Oddly Smooth Stone"}],"event_choices":[{"damage_healed":17.0,"max_hp_gain":0.0,"max_hp_loss":0.0,"gold_gain":0.0,"event_name":"Mushrooms","player_choice":"Healed and dodged fight","floor":8.0,"gold_loss":0.0,"damage_taken":0.0,"cards_obtained":["Parasite"]},{"cards_removed":["Strike_G"],"damage_healed":0,"gold_gain":0,"player_choice":"Gave Gold","damage_taken":0,"max_hp_gain":0,"max_hp_loss":0,"event_name":"Beggar","floor":19,"gold_loss":75},{"damage_healed":0,"gold_gain":0,"player_choice":"Opened","damage_taken":0,"relics_obtained":["Orichalcum"],"max_hp_gain":0,"max_hp_loss":0,"event_name":"The Mausoleum","floor":29,"gold_loss":0,"cards_obtained":["Writhe"]}],"is_beta":false,"boss_relics":[{"not_picked":["Calling Bell","Empty Cage"],"picked":"Ectoplasm"}],"items_purged_floors":[3],"is_endless":false,"potions_floor_spawned":[1,2,4,11,13,20,21,24,25,30],"killed_by":"Collector","ascension_level":12}}