{"host":"wvaiab5ya9pyia0u","time":1609433746,"event":{"mods":["2.2 Compatiblity","Act Like it!","Aspiration","Bard","BaseMod","Bestiary","BetterRewards","Challenge The Spire","Colored Powertips","Conspire","Custom Start","DeckTracker","Hermit","Highlight Path","Hubris","Humility","Infinite Spire","Lobotomy","Mimic Mod","Minty Spire (QoL Compilation)","Pale of the Ancients","Practice Mode","Quarter Circle Forward PUNCH!","Quick Restart","Rare Cards Sparkle","Replay The Spire","Reworked Bosses","SacredBarkPlus","Shop Mod","Spicy Shops","StSLib","The Blue Laboratory","The Construct","The Cursed","The Disciple","The Factory","The Hierophant","The Jungle","The Marked","The Mystic","The Runesmith","The Servant 0.9.4","TheBandit","Thieving Mod","Wandering Minibosses","everything is the same but u backflip on backflip","slay the spire mod where everything is the same but ironclad has a cowboy hat"],"gold_per_floor":[111,130,147,162,162,162,195,195,234,234,234],"floor_reached":10,"playtime":536,"items_purged":[],"score":68,"play_id":"0dc8a8e1-1287-460c-9ce2-56ef920642ca","local_time":"20201231175546","is_ascension_mode":false,"campfire_choices":[{"data":"hermit:BodyArmor","floor":6.0,"key":"SMITH"},{"floor":8.0,"key":"REST"}],"circlet_count":0,"master_deck":["hermit:Strike_Hermit","hermit:Strike_Hermit","hermit:Strike_Hermit","hermit:Strike_Hermit","hermit:Defend_Hermit","hermit:Defend_Hermit","hermit:Defend_Hermit","hermit:Defend_Hermit","hermit:Snapshot","hermit:Covet","hermit:Enervate","hermit:BodyArmor+1","hermit:EyeOfTheStorm","hermit:Maintenance"],"relics":["aspiration:RunicSpoon","infinitespire:Cubic Diamond","Darkstone Periapt","Omamori"],"acts_visited":["Exordium"],"potions_floor_usage":[10],"damage_taken":[{"damage":2.0,"enemies":"Jaw Worm","floor":1.0,"turns":3.0},{"damage":0.0,"enemies":"2 Louse","floor":2.0,"turns":2.0},{"damage":0.0,"enemies":"Small Slimes","floor":3.0,"turns":3.0},{"damage":0.0,"enemies":"Looter","floor":4.0,"turns":2.0},{"damage":42.0,"enemies":"3 Sentries","floor":7.0,"turns":11.0},{"damage":8,"enemies":"Blue Slaver","floor":9,"turns":10},{"damage":61,"enemies":"Gremlin Nob","floor":10,"turns":6}],"seed_played":"-6625516022461676505","potions_obtained":[{"floor":2.0,"key":"blueLaboratory:PolymorphPotion"},{"floor":7.0,"key":"blueLaboratory:BottleOfVodka"}],"is_trial":false,"path_per_floor":["M","M","M","M","?","R","E","R","MIM","E"],"character_chosen":"HERMIT","items_purchased":[],"campfire_rested":1,"item_purchase_floors":[],"current_hp_per_floor":[73,73,73,73,73,73,31,53,45,0,0],"gold":234,"neow_bonus":"BOSS_RELIC","is_daily":false,"chose_seed":false,"campfire_upgraded":1,"win_rate":0.0,"timestamp":1609433746,"path_taken":["M","M","M","M","?","R","E","R","MIM","E"],"items_purchased_type":[],"build_version":"2020-12-22","purchased_purges":0,"victory":false,"max_hp_per_floor":[75,75,75,75,75,75,75,75,75,75,75],"card_choices":[{"not_picked":["hermit:TakeCover","hermit:GhostlyPresence"],"picked":"hermit:Enervate","floor":1.0},{"not_picked":["hermit:Snipe","hermit:Grudge"],"picked":"hermit:BodyArmor","floor":2.0},{"not_picked":["hermit:Quickdraw","hermit:Misfire"],"picked":"hermit:EyeOfTheStorm","floor":3.0},{"not_picked":["hermit:SprayPray","hermit:Virtue","hermit:Vantage"],"picked":"SKIP","floor":4.0},{"not_picked":["hermit:Showdown","hermit:Coalescence","hermit:TakeCover"],"picked":"SKIP","floor":7.0},{"not_picked":["hermit:Roulette","hermit:Showdown"],"picked":"hermit:Maintenance","floor":9}],"player_experience":218629,"relics_obtained":[{"floor":7.0,"key":"Darkstone Periapt"},{"floor":9,"key":"Omamori"}],"event_choices":[],"is_beta":false,"boss_relics":[],"items_purged_floors":[],"is_endless":false,"potions_floor_spawned":[2,7],"killed_by":"Gremlin Nob","ascension_level":0}}