{"host":"Rich","time":1609452012,"event":{"mods":["AchievementEnabler","BaseMod","Highlight Path","Minty Spire (QoL Compilation)","Relic Stats"],"gold_per_floor":[116,116,128,128,141,141,141,141],"floor_reached":7,"playtime":125,"items_purged":[],"score":82,"play_id":"857139ee-692e-4a73-ac7c-7fa7d98f136e","local_time":"20201231170012","is_ascension_mode":true,"campfire_choices":[{"floor":6,"key":"REST"}],"circlet_count":0,"master_deck":["AscendersBane","Strike_P","Strike_P","Strike_P","Defend_P","Defend_P","Defend_P","Defend_P","Eruption","Vigilance","CutThroughFate","SashWhip","CutThroughFate"],"relics":["PureWater","NeowsBlessing","StoneCalendar"],"acts_visited":["Exordium"],"potions_floor_usage":[],"damage_taken":[{"damage":0,"enemies":"Jaw Worm","floor":1,"turns":1},{"damage":0,"enemies":"2 Louse","floor":3,"turns":1},{"damage":0,"enemies":"Cultist","floor":5,"turns":1},{"damage":25,"enemies":"3 Sentries","floor":7,"turns":5}],"seed_played":"9205724744163452968","potions_obtained":[{"floor":3,"key":"ColorlessPotion"}],"is_trial":false,"path_per_floor":["M","?","M","?","M","R","E"],"character_chosen":"WATCHER","items_purchased":[],"campfire_rested":1,"item_purchase_floors":[],"current_hp_per_floor":[61,26,26,26,26,46,21,21],"gold":141,"neow_bonus":"THREE_ENEMY_KILL","is_daily":false,"chose_seed":false,"campfire_upgraded":0,"win_rate":0.0,"timestamp":1609452012,"path_taken":["M","?","M","?","?","R","E"],"items_purchased_type":[],"build_version":"2020-12-18","purchased_purges":0,"victory":false,"max_hp_per_floor":[68,68,68,68,68,68,68,68],"relic_stats":{"counters":[4,8],"StoneCalendar":[0],"obtain_stats":[{"NeowsBlessing":0,"StoneCalendar":2,"PureWater":0},{"NeowsBlessing":0,"StoneCalendar":1,"PureWater":0},{"NeowsBlessing":0,"StoneCalendar":1,"PureWater":0}]},"card_choices":[{"not_picked":["Meditate","Protect"],"picked":"CutThroughFate","floor":1},{"not_picked":["Prostrate","Halt"],"picked":"SashWhip","floor":3},{"not_picked":["Crescendo","JustLucky"],"picked":"CutThroughFate","floor":5}],"player_experience":1949159,"relics_obtained":[],"event_choices":[{"damage_healed":0,"gold_gain":0,"player_choice":"Success","damage_taken":35,"relics_obtained":["StoneCalendar"],"max_hp_gain":0,"max_hp_loss":0,"event_name":"Scrap Ooze","floor":2,"gold_loss":0},{"cards_removed":["Strike_P"],"damage_healed":0,"gold_gain":0,"player_choice":"Offered Basic","damage_taken":0,"max_hp_gain":0,"max_hp_loss":0,"event_name":"Bonfire Elementals","floor":4,"gold_loss":0}],"is_beta":true,"boss_relics":[],"items_purged_floors":[],"is_endless":false,"potions_floor_spawned":[3],"killed_by":"3 Sentries","ascension_level":20}}