{"host":"uclt3t1usqzz4m5p","time":1609380801,"event":{"mods":["AchievementEnabler","Arknights The Spire","BaseMod","Better Altar","Better Match","Better Sensory Stone","Better Skull","Better Third Choice","Booster Modes","Card Forge","Colored Powertips","Displayed Cursed Tome","Evolution","GifTheSpireLib","Gremlin Skip","Minty Spire (QoL Compilation)","Permanent Neow","Quick Restart","StSLib","SuperFastMode","The Caster","The Mystic","WarShipGirlsR/????R mod"],"gold_per_floor":[114,125,145,32,32,63,63,28,101,19,39,39,112,130,130,228,228,194,194,1,1,1,1,38,75,125,139,179,179,179,212,212,212,212],"floor_reached":33,"playtime":1972,"items_purged":[],"score":270,"play_id":"4d227a3b-a8c2-4ec7-b5d2-77d82b63fcf2","local_time":"20201230181321","is_ascension_mode":false,"campfire_choices":[{"data":"mysticmod:PreparedCaster","floor":7,"key":"SMITH"},{"data":"mysticmod:MagicWeapon","floor":12,"key":"SMITH"},{"data":"mysticmod:MightyMagic","floor":15,"key":"SMITH"},{"data":"mysticmod:EarthenWall","floor":23,"key":"SMITH"},{"data":"mysticmod:Doublecast","floor":29,"key":"SMITH"},{"floor":32,"key":"REST"}],"circlet_count":0,"master_deck":["mysticmod:DiviningBlow","mysticmod:Strike_Mystic","mysticmod:Strike_Mystic","mysticmod:Strike_Mystic","mysticmod:Defend_Mystic","mysticmod:Defend_Mystic","mysticmod:Defend_Mystic","mysticmod:Defend_Mystic","mysticmod:ArcaneDodge","mysticmod:ShockingGrasp","mysticmod:Doublecast+1","mysticmod:Snowball","mysticmod:Grapple","mysticmod:PreparedCaster+1","mysticmod:MagicWeapon+1","mysticmod:MightyMagic+1","mysticmod:EarthenWall+1","Deep Breath","mysticmod:HeavyStrike+1","mysticmod:Disengage","mysticmod:Spellstrike+1","mysticmod:LightningBolt+1","HandOfGreed+1","mysticmod:Grease","mysticmod:Spellstrike+1","mysticmod:Shield","mysticmod:PunishingArmor+1"],"relics":["mysticmod:SpellBook","Hammer of Thor","Seething Fire","Anvil of the Gods","EVO:Axolotl","Oddly Smooth Stone","Molten Egg 2","Snecko Eye","Pear","Bag of Preparation","Blue Candle","Red Mask"],"acts_visited":["Exordium","TheCity"],"potions_floor_usage":[11,33],"damage_taken":[{"damage":11.0,"enemies":"Jaw Worm","floor":1.0,"turns":3.0},{"damage":0.0,"enemies":"Small Slimes","floor":2.0,"turns":2.0},{"damage":0.0,"enemies":"2 Louse","floor":3.0,"turns":2.0},{"damage":14,"enemies":"Gremlin Nob","floor":6,"turns":4},{"damage":0,"enemies":"Blue Slaver","floor":11,"turns":5},{"damage":0,"enemies":"2 Fungi Beasts","floor":14,"turns":4},{"damage":48,"enemies":"The Guardian","floor":16,"turns":15},{"damage":6,"enemies":"2 Thieves","floor":18,"turns":5},{"damage":8,"enemies":"Shell Parasite","floor":24,"turns":5},{"damage":38,"enemies":"Sentry and Sphere","floor":25,"turns":6},{"damage":12,"enemies":"Cultist and Chosen","floor":27,"turns":7},{"damage":4,"enemies":"Centurion and Healer","floor":28,"turns":5},{"damage":14,"enemies":"Masked Bandits","floor":31,"turns":4},{"damage":44,"enemies":"Champ","floor":33,"turns":7}],"seed_played":"7306109188385543839","potions_obtained":[{"floor":1.0,"key":"Fire Potion"},{"floor":2.0,"key":"Regen Potion"},{"floor":16,"key":"FearPotion"},{"floor":24,"key":"Dexterity Potion"},{"floor":25,"key":"EntropicBrew"},{"floor":28,"key":"LiquidMemories"}],"is_trial":false,"path_per_floor":["M","M","M","$","?","E","R","?","T","$","M","R","?","M","R","B",null,"M","?","$","?","?","R","M","M","T","M","M","R","T","?","R","B"],"character_chosen":"MYSTIC_CLASS","items_purchased":["mysticmod:MagicWeapon","mysticmod:MightyMagic","Deep Breath","HandOfGreed+1"],"campfire_rested":1,"item_purchase_floors":[4,4,10,20],"current_hp_per_floor":[66,66,66,66,71,57,57,77,77,77,77,77,77,77,77,29,82,76,76,76,86,86,86,78,40,40,28,24,24,24,10,37,0,0],"gold":212,"neow_bonus":"ONE_RANDOM_RARE_CARD","is_daily":false,"chose_seed":false,"campfire_upgraded":5,"win_rate":0.0,"timestamp":1609380801,"path_taken":["M","M","M","$","?","E","R","?","T","$","?","R","?","M","R","BOSS","M","?","$","?","?","R","?","M","T","M","M","R","?","?","R","BOSS"],"items_purchased_type":["Card","Card","Card","Card"],"build_version":"2020-12-22","purchased_purges":0,"victory":false,"max_hp_per_floor":[77,77,77,77,82,82,82,82,82,82,82,82,82,82,82,82,82,82,82,82,92,92,92,92,92,92,92,92,92,92,92,92,92,92],"card_choices":[{"not_picked":["mysticmod:EnergizedRift","mysticmod:Disengage"],"picked":"mysticmod:Snowball","floor":1.0},{"not_picked":["mysticmod:Dedication","mysticmod:AllIn"],"picked":"mysticmod:Grapple","floor":2.0},{"not_picked":["mysticmod:Probe","mysticmod:Disengage"],"picked":"mysticmod:PreparedCaster","floor":3.0},{"not_picked":["mysticmod:Grapple","mysticmod:SpellCombat"],"picked":"mysticmod:EarthenWall","floor":6},{"not_picked":["mysticmod:ComponentsPouch+1","mysticmod:StyleChange"],"picked":"mysticmod:HeavyStrike+1","floor":11},{"not_picked":["mysticmod:Snowball+1","mysticmod:HeavyStrike+1"],"picked":"mysticmod:Disengage","floor":14},{"not_picked":["mysticmod:Natural20","mysticmod:KnowledgePool"],"picked":"mysticmod:Spellstrike+1","floor":16},{"not_picked":["mysticmod:Disengage","mysticmod:BulkUp+1"],"picked":"mysticmod:LightningBolt+1","floor":18},{"not_picked":["mysticmod:MirrorStrike+1","mysticmod:AllIn+1"],"picked":"mysticmod:Probe+1","floor":24},{"not_picked":["mysticmod:Riposte+1","mysticmod:LightningBolt+1"],"picked":"mysticmod:Grease","floor":25},{"not_picked":["mysticmod:Fireball+1","mysticmod:Flurry+1"],"picked":"mysticmod:Spellstrike+1","floor":27},{"not_picked":["mysticmod:Daze","mysticmod:VorpalThrust+1"],"picked":"mysticmod:Shield","floor":28},{"not_picked":["mysticmod:TomeOfSpells","mysticmod:Snowball+1"],"picked":"mysticmod:PunishingArmor+1","floor":31}],"player_experience":573257,"relics_obtained":[{"floor":6,"key":"Oddly Smooth Stone"},{"floor":9,"key":"Molten Egg 2"},{"floor":26,"key":"Bag of Preparation"},{"floor":30,"key":"Blue Candle"},{"floor":31,"key":"Red Mask"}],"event_choices":[{"damage_healed":0.0,"max_hp_gain":5.0,"max_hp_loss":0.0,"gold_gain":0.0,"event_name":"Big Fish","player_choice":"Donut","floor":5.0,"gold_loss":0.0,"damage_taken":0.0},{"damage_healed":20,"gold_gain":0,"player_choice":"Healed","damage_taken":0,"max_hp_gain":0,"max_hp_loss":0,"event_name":"The Cleric","floor":8,"gold_loss":35},{"damage_healed":0,"gold_gain":73,"player_choice":"Gained Gold","damage_taken":0,"max_hp_gain":0,"max_hp_loss":0,"event_name":"Golden Wing","floor":13,"gold_loss":0},{"damage_healed":0,"gold_gain":0,"player_choice":"Ignored","damage_taken":0,"max_hp_gain":0,"max_hp_loss":0,"event_name":"Vampires","floor":19,"gold_loss":0},{"damage_healed":0,"gold_gain":0,"player_choice":"Opened","damage_taken":0,"relics_obtained":["Pear"],"max_hp_gain":0,"max_hp_loss":0,"event_name":"The Mausoleum","floor":21,"gold_loss":0},{"damage_healed":0,"gold_gain":0,"player_choice":"Leave","damage_taken":0,"max_hp_gain":0,"max_hp_loss":0,"event_name":"FaceTrader","floor":22,"gold_loss":0},{"damage_healed":0,"gold_gain":0,"player_choice":"Fought Bandits","damage_taken":0,"max_hp_gain":0,"max_hp_loss":0,"event_name":"Masked Bandits","floor":31,"gold_loss":0}],"is_beta":false,"boss_relics":[{"not_picked":["Runic Pyramid","Cursed Key"],"picked":"Snecko Eye"}],"items_purged_floors":[],"is_endless":false,"potions_floor_spawned":[1,2,16,24,25,28,31],"killed_by":"Champ","ascension_level":0}}