{"host":"tvs5yxzo65ue2qcy","time":1609415565,"event":{"mods":["BaseMod","DeckTracker","Highlight Path","Minty Spire (QoL Compilation)","Permanent Neow","Quick Restart","StSLib","SuperFastMode","everything is the same but u backflip on backflip"],"gold_per_floor":[366,39,50,70,87,87,122,122,122,122,122],"floor_reached":10,"playtime":193,"items_purged":[],"score":136,"play_id":"e8701f79-825a-460f-93cd-533d07f0146b","local_time":"20201231205245","is_ascension_mode":true,"campfire_choices":[{"data":"Neutralize","floor":6.0,"key":"SMITH"}],"circlet_count":0,"master_deck":["AscendersBane","Strike_G","Strike_G","Strike_G","Strike_G","Strike_G","Defend_G","Defend_G","Defend_G","Defend_G","Defend_G","Survivor","Neutralize+1","Writhe","Escape Plan","Terror","Escape Plan","After Image"],"relics":["Ring of the Snake","Torii","Molten Egg 2","White Beast Statue"],"acts_visited":["Exordium"],"potions_floor_usage":[7,7],"damage_taken":[{"damage":8.0,"enemies":"2 Louse","floor":1.0,"turns":5.0},{"damage":2.0,"enemies":"Small Slimes","floor":3.0,"turns":4.0},{"damage":3.0,"enemies":"Cultist","floor":4.0,"turns":5.0},{"damage":13.0,"enemies":"Red Slaver","floor":5.0,"turns":5.0},{"damage":32,"enemies":"Lagavulin","floor":7,"turns":8},{"damage":0,"enemies":"3 Sentries","floor":10,"turns":1}],"seed_played":"744445252363933097","potions_obtained":[{"floor":3.0,"key":"AttackPotion"},{"floor":5.0,"key":"PowerPotion"}],"is_trial":false,"path_per_floor":["M","$","M","M","M","R","E","?","T","E"],"character_chosen":"THE_SILENT","items_purchased":["Torii"],"campfire_rested":0,"item_purchase_floors":[2],"current_hp_per_floor":[51,51,49,46,33,33,1,1,1,1,1],"gold":122,"neow_bonus":"TWO_FIFTY_GOLD","is_daily":false,"chose_seed":false,"campfire_upgraded":1,"win_rate":0.0,"timestamp":1609415565,"path_taken":["M","$","M","M","M","R","E","?","T","E"],"items_purchased_type":["Relic"],"build_version":"2020-12-22","purchased_purges":0,"victory":false,"max_hp_per_floor":[66,66,66,66,66,66,66,66,66,66,66],"card_choices":[{"not_picked":["Deflect","Predator","Flying Knee"],"picked":"SKIP","floor":1.0},{"not_picked":["Sucker Punch","Underhanded Strike"],"picked":"Escape Plan","floor":3.0},{"not_picked":["Underhanded Strike","Calculated Gamble"],"picked":"Terror","floor":4.0},{"not_picked":["Flying Knee","Catalyst"],"picked":"Escape Plan","floor":5.0},{"not_picked":["Well Laid Plans","Underhanded Strike+1"],"picked":"After Image","floor":7}],"player_experience":431327,"relics_obtained":[{"floor":7,"key":"Molten Egg 2"},{"floor":9,"key":"White Beast Statue"}],"event_choices":[{"damage_healed":0,"gold_gain":0,"player_choice":"Ignored","damage_taken":0,"max_hp_gain":0,"max_hp_loss":0,"event_name":"Shining Light","floor":8,"gold_loss":0}],"is_beta":false,"boss_relics":[],"items_purged_floors":[],"is_endless":false,"potions_floor_spawned":[3,5],"killed_by":"3 Sentries","ascension_level":20}}