{"host":"uyrebrj0204enqpc","time":1609427139,"event":{"mods":["Act Like it!","Bard","BaseMod","Block Reminder","Challenge The Spire","Colored Map","Colored Powertips","DeckTracker","Downfall","GifTheSpireLib","HexUI Lib","Highlight Path","Hubris","Infinite Spire","Minty Spire (QoL Compilation)","Pale of the Ancients","Quick Restart","Random Character Button","Relic Sorter","Relic Stats","Replay The Spire","Shop Mod","StSLib","The Blue Laboratory","The Bug Knight","The Cursed","The Jungle","The Marked","Wandering Minibosses"],"gold_per_floor":[11,11,28,42,42,70,87,87,87,107,107,137,154,165,165,268,268,283,283,308,308,308,308,322,322,368,141,161,176,176,194,194,290,290,305,305,305,318,228,228,228,228,254,254,254,264,287,313,325,337],"floor_reached":51,"playtime":3148,"items_purged":["Bite","Bite"],"score":659,"play_id":"9636486b-4b36-49ae-a3f6-b9794db1dfa5","local_time":"20201231100539","is_ascension_mode":false,"campfire_choices":[{"data":"Guardian:PrismaticBarrier","floor":8.0,"key":"SMITH"},{"floor":15.0,"key":"REST"},{"floor":23.0,"key":"REST"},{"data":"Guardian:SpikerProtocol","floor":25.0,"key":"SMITH"},{"data":"ReplayTheSpireMod:Brewmster","floor":32.0,"key":"SMITH"},{"floor":40.0,"key":"RECALL"},{"data":"expansioncontent:CaCaw","floor":42.0,"key":"SMITH"},{"floor":49,"key":"REST"}],"circlet_count":0,"master_deck":["Guardian:Defend_Guardian","Guardian:Defend_Guardian","Guardian:CurlUp","Guardian:TwinSlam","Guardian:PrismaticBarrier+1","Guardian:PrimingBeam","Guardian:DecasProtection+1","Guardian:SpikerProtocol+1","Guardian:AncientConstruct","Guardian:ArmoredProtocol+1","Bite","infinitespire:Gouge","Guardian:ChargeUp+1","Guardian:VentSteam","Guardian:Harden","ReplayTheSpireMod:Brewmster+1","Guardian:ExploitGems","Guardian:DecasProtection+1","expansioncontent:CaCaw+1","Slimebound:Icky","Guardian:Harden+1","Guardian:WalkerClaw+1","Parasite"],"relics":["Guardian:ModeShifter","hubris:Icosahedron","hubris:CrackedHourglass","Ginger","hubris:64BitClover","Orichalcum","Black Star","Red Mask","infinitespire:FocusingShard","Anchor","Juzu Bracelet","Blue Doll","Guardian:PickAxe","Ring of Fury","MawBank"],"acts_visited":["Exordium","TheCity","TheBeyond"],"potions_floor_usage":[48,50,50,50,50,50],"damage_taken":[{"damage":1.0,"enemies":"Cultist","floor":1.0,"turns":4.0},{"damage":3.0,"enemies":"Jaw Worm","floor":3.0,"turns":5.0},{"damage":0.0,"enemies":"2 Louse","floor":4.0,"turns":3.0},{"damage":36.0,"enemies":"HollowMod:MossKnight","floor":6.0,"turns":18.0},{"damage":4.0,"enemies":"Looter","floor":7.0,"turns":4.0},{"damage":0.0,"enemies":"2 Fungi Beasts","floor":10.0,"turns":4.0},{"damage":23.0,"enemies":"3 Sentries","floor":12.0,"turns":12.0},{"damage":3.0,"enemies":"Exordium Thugs","floor":13.0,"turns":5.0},{"damage":7.0,"enemies":"Large Slime","floor":14.0,"turns":7.0},{"damage":26.0,"enemies":"Fading Forest","floor":16.0,"turns":11.0},{"damage":13.0,"enemies":"Chosen","floor":18.0,"turns":6.0},{"damage":16.0,"enemies":"Masked Bandits","floor":20.0,"turns":6.0},{"damage":5.0,"enemies":"Sentry and Sphere","floor":24.0,"turns":6.0},{"damage":11.0,"enemies":"3 Cultists","floor":28.0,"turns":7.0},{"damage":0.0,"enemies":"Centurion and Healer","floor":29.0,"turns":8.0},{"damage":9.0,"enemies":"Cultist and Chosen","floor":31.0,"turns":8.0},{"damage":14.0,"enemies":"Collector","floor":33.0,"turns":14.0},{"damage":11.0,"enemies":"Orb Walker","floor":35.0,"turns":5.0},{"damage":24.0,"enemies":"3 Darklings","floor":38.0,"turns":6.0},{"damage":2.0,"enemies":"Spire Growth","floor":46.0,"turns":7.0},{"damage":14.0,"enemies":"Sphere and 2 Shapes","floor":47.0,"turns":7.0},{"damage":1,"enemies":"Writhing Mass","floor":48,"turns":6},{"damage":34,"enemies":"Donu and Deca","floor":50,"turns":10}],"seed_played":"-2951020254743578788","potions_obtained":[{"floor":3.0,"key":"LifebloodPotion"},{"floor":4.0,"key":"DuplicationPotion"},{"floor":12.0,"key":"PowerPotion"},{"floor":14.0,"key":"Venom Potion"},{"floor":18.0,"key":"blueLaboratory:CorrosionFlask"},{"floor":20.0,"key":"Energy Potion"},{"floor":29.0,"key":"BlessingOfTheForge"},{"floor":35.0,"key":"SteroidPotion"},{"floor":46.0,"key":"Adrenaline Potion"}],"is_trial":false,"path_per_floor":["M","$","M","M","?","E","M","R","T","M","?","E","M","M","R","B",null,"M","?","?","?","?","R","M","R","T","$","M","M","?","M","R","B",null,"M","?","AVR","M","?","R","?","R","T","?","?","M","M","M","R","B",null],"character_chosen":"GUARDIAN","items_purchased":["Juzu Bracelet"],"campfire_rested":3,"item_purchase_floors":[27],"current_hp_per_floor":[79,79,76,76,76,40,36,36,36,36,36,13,10,3,27,25,80,67,56,50,41,25,43,54,54,54,54,53,61,61,60,60,61,61,50,50,50,33,33,33,33,33,33,33,33,33,23,24,42,14],"gold":349,"neow_bonus":"ONE_RARE_RELIC","is_daily":false,"chose_seed":false,"campfire_upgraded":4,"win_rate":0.0,"timestamp":1609427139,"path_taken":["M","?","M","M","?","E","?","R","T","M","?","E","M","?","R","BOSS","M","?","?","?","?","R","M","R","T","?","M","M","?","M","R","BOSS","M","?","AVR","M","?","R","?","R","T","?","?","M","M","M","R","BOSS"],"items_purchased_type":["Relic"],"build_version":"2020-12-22","purchased_purges":2,"victory":true,"max_hp_per_floor":[80,80,80,80,80,80,80,80,80,80,80,80,80,80,80,80,80,80,56,56,61,61,61,61,61,61,61,61,61,61,61,61,61,61,61,61,61,61,61,61,61,61,61,61,61,61,61,61,61,61],"relic_stats":{"counters":[23,169],"Black Star":0,"Juzu Bracelet":3,"Ginger":[30],"Orichalcum":[66],"MawBank":60,"obtain_stats":[{"hubris:64BitClover":6,"Guardian:ModeShifter":0,"Blue Doll":37,"infinitespire:FocusingShard":24,"Juzu Bracelet":27,"Ginger":0,"Orichalcum":12,"MawBank":46,"Guardian:PickAxe":43,"Anchor":26,"hubris:Icosahedron":36,"Ring of Fury":45,"Black Star":17,"Red Mask":20,"hubris:CrackedHourglass":34},{"hubris:64BitClover":4,"Guardian:ModeShifter":0,"Blue Doll":18,"infinitespire:FocusingShard":13,"Juzu Bracelet":13,"Ginger":0,"Orichalcum":7,"MawBank":20,"Guardian:PickAxe":19,"Anchor":13,"hubris:Icosahedron":18,"Ring of Fury":19,"Black Star":10,"Red Mask":12,"hubris:CrackedHourglass":17},{"hubris:64BitClover":30,"Guardian:ModeShifter":0,"Blue Doll":133,"infinitespire:FocusingShard":91,"Juzu Bracelet":91,"Ginger":0,"Orichalcum":50,"MawBank":146,"Guardian:PickAxe":139,"Anchor":91,"hubris:Icosahedron":133,"Ring of Fury":139,"Black Star":73,"Red Mask":85,"hubris:CrackedHourglass":128}]},"card_choices":[{"not_picked":["Guardian:PolyBeam","Guardian:Gem_Lightblue"],"picked":"Guardian:Gem_Purple","floor":1.0},{"not_picked":["Guardian:Preprogram","Guardian:CrystalBeam","Guardian:WalkerClaw"],"picked":"SKIP","floor":3.0},{"not_picked":["Guardian:Planning","Guardian:CrystalBeam","Guardian:EvasiveProtocol"],"picked":"SKIP","floor":4.0},{"not_picked":["Guardian:Gem_Purple","Guardian:Gem_Green"],"picked":"Guardian:PrismaticBarrier","floor":6.0},{"not_picked":["Guardian:SentryBeam","Guardian:Planning"],"picked":"Guardian:Gem_Red","floor":7.0},{"not_picked":["Guardian:Emergency","Guardian:PiercingHide"],"picked":"Guardian:PrimingBeam","floor":10.0},{"not_picked":["Guardian:Reroute","Guardian:TemporalStrike"],"picked":"Guardian:DecasProtection","floor":12.0},{"not_picked":["Guardian:Gem_Red","Guardian:Suspension"],"picked":"Guardian:SpikerProtocol","floor":13.0},{"not_picked":["Guardian:Reroute","Guardian:Planning","Guardian:WalkerClaw"],"picked":"SKIP","floor":14.0},{"not_picked":["Guardian:HyperBeam_Guardian","Guardian:StasisField"],"picked":"Guardian:AncientConstruct","floor":16.0},{"not_picked":["Guardian:Gem_Cyan","Guardian:RollAttack+1"],"picked":"Guardian:ArmoredProtocol+1","floor":18.0},{"not_picked":["Guardian:FloatingOrbs","Guardian:Suspension+1"],"picked":"Guardian:Gem_Red","floor":20.0},{"not_picked":["ReplayTheSpireMod:??????????????????????","infinitespire:TheBestDefense"],"picked":"infinitespire:Gouge","floor":22.0},{"not_picked":["Guardian:GuardianWhirl+1","Guardian:Reroute"],"picked":"Guardian:Gem_Green","floor":24.0},{"not_picked":["Guardian:Planning","Guardian:Clone"],"picked":"Guardian:ChargeUp+1","floor":28.0},{"not_picked":["Guardian:PolyBeam+1","Guardian:ChargeCore"],"picked":"Guardian:VentSteam","floor":29.0},{"not_picked":["Guardian:TemporalStrike+1","Guardian:Gem_Blue"],"picked":"Guardian:ExploitGems","floor":31.0},{"not_picked":["Guardian:BaubleBeam","Guardian:HyperBeam_Guardian"],"picked":"Guardian:Gem_Synthetic","floor":33.0},{"not_picked":["Guardian:WalkerClaw+1","Guardian:Planning"],"picked":"Guardian:DecasProtection+1","floor":35.0},{"not_picked":["Guardian:Recover","Guardian:Incinerate","Guardian:TemporalStrike+1"],"picked":"SKIP","floor":38.0},{"not_picked":["Forethought","Jack Of All Trades"],"picked":"expansioncontent:CaCaw","floor":41.0},{"not_picked":["Guardian:ConstructionForm","Guardian:SpikerProtocol+1"],"picked":"Guardian:Harden+1","floor":46.0},{"not_picked":["Guardian:Planning+1","Guardian:Gem_Lightblue"],"picked":"Guardian:WalkerClaw+1","floor":47.0},{"not_picked":["Guardian:Incinerate","Guardian:CrystalBeam","Guardian:ShieldSpikes"],"picked":"SKIP","floor":48}],"player_experience":1023169,"relics_obtained":[{"floor":6.0,"key":"hubris:64BitClover"},{"floor":12.0,"key":"Orichalcum"},{"floor":20.0,"key":"Red Mask"},{"floor":24.0,"key":"infinitespire:FocusingShard"},{"floor":26.0,"key":"Anchor"},{"floor":43.0,"key":"Guardian:PickAxe"},{"floor":45.0,"key":"Ring of Fury"},{"floor":46.0,"key":"MawBank"}],"event_choices":[{"cards_removed":["Guardian:Defend_Guardian"],"damage_healed":0.0,"max_hp_gain":0.0,"max_hp_loss":0.0,"gold_gain":0.0,"event_name":"Bonfire Elementals","player_choice":"Offered Basic","floor":5.0,"gold_loss":0.0,"damage_taken":0.0},{"damage_healed":0.0,"max_hp_gain":0.0,"max_hp_loss":24.0,"gold_gain":0.0,"event_name":"Vampires","player_choice":"Became a vampire","floor":19.0,"gold_loss":0.0,"damage_taken":0.0,"cards_obtained":["Bite","Bite","Bite","Bite","Bite"]},{"damage_healed":0.0,"max_hp_gain":0.0,"max_hp_loss":0.0,"gold_gain":0.0,"event_name":"Masked Bandits","player_choice":"Fought Bandits","floor":20.0,"gold_loss":0.0,"damage_taken":0.0},{"damage_healed":0.0,"max_hp_gain":5.0,"max_hp_loss":0.0,"gold_gain":0.0,"event_name":"Forgotten Altar","player_choice":"Shed Blood","floor":21.0,"gold_loss":0.0,"damage_taken":14.0},{"damage_healed":0.0,"max_hp_gain":0.0,"max_hp_loss":0.0,"gold_gain":0.0,"cards_transformed":["Guardian:Defend_Guardian","Bite"],"event_name":"Drug Dealer","player_choice":"Became Test Subject","floor":30.0,"gold_loss":0.0,"damage_taken":0.0,"cards_obtained":["Guardian:Harden","ReplayTheSpireMod:Brewmster"]},{"cards_removed":["Bite"],"damage_healed":0.0,"max_hp_gain":0.0,"max_hp_loss":0.0,"gold_gain":0.0,"event_name":"Designer","player_choice":"Upgrade and Remove","floor":39.0,"gold_loss":90.0,"damage_taken":0.0,"cards_upgraded":["Guardian:DecasProtection"]},{"damage_healed":0.0,"max_hp_gain":0.0,"max_hp_loss":0.0,"gold_gain":0.0,"event_name":"SensoryStone","player_choice":"Memory 1","floor":41.0,"gold_loss":0.0,"damage_taken":0.0}],"is_beta":false,"boss_relics":[{"not_picked":["Honey Jar","hubris:Backtick"],"picked":"Black Star"},{"not_picked":["Sozu","hubris:BlackHole"],"picked":"hubris:CrackedHourglass"}],"items_purged_floors":[27,37],"is_endless":false,"potions_floor_spawned":[3,4,12,13,14,18,20,29,35,46],"ascension_level":0}}