{"host":"t464sz5bzyvzjhdt","time":1609400804,"event":{"mods":["BaseMod","Hubris","Minty Spire (QoL Compilation)","Rare Cards Sparkle","Replay The Spire","StSLib","The Blue Laboratory"],"gold_per_floor":[115,40,58,99,110,110,135,135,189,189,189,289,306,325,325,530,530,544,555,303,323,323,323,338,350,398,426,426,461,477,402,402,402,402],"floor_reached":33,"playtime":1714,"items_purged":["Strike_R","Strike_R"],"score":287,"play_id":"c511532f-c229-42a6-8af4-1f9bad719f50","local_time":"20201230234644","is_ascension_mode":false,"campfire_choices":[{"data":"Bash","floor":6,"key":"SMITH"},{"data":"ReplayTheSpireMod:Limb From Limb","floor":8,"key":"SMITH"},{"data":"1","floor":11,"key":"LIFT"},{"data":"2","floor":15,"key":"LIFT"},{"data":"Berserk","floor":23,"key":"SMITH"},{"data":"3","floor":28,"key":"LIFT"},{"floor":32,"key":"DIG"}],"circlet_count":0,"master_deck":["Strike_R+1","Strike_R","Defend_R","Defend_R","Defend_R","Defend_R","Bash+1","ReplayTheSpireMod:Limb From Limb+1","Cleave+1","Berserk+1","Flame Barrier+1","hubris:ReadiedAction+1","Shockwave"],"relics":["Burning Blood","Girya","Whetstone","hubris:Icosahedron","Philosopher\u0027s Stone","Bag of Marbles","hubris:Towel","Pet Ghost","Vajra","Gremlin Horn","Replay:Rubber Ducky"],"acts_visited":["Exordium","TheCity"],"potions_floor_usage":[7,29,33,33,33],"damage_taken":[{"damage":1,"enemies":"Jaw Worm","floor":1,"turns":3},{"damage":2,"enemies":"Small Slimes","floor":3,"turns":3},{"damage":0,"enemies":"2 Louse","floor":5,"turns":2},{"damage":13,"enemies":"3 Sentries","floor":7,"turns":8},{"damage":6,"enemies":"Lots of Slimes","floor":13,"turns":3},{"damage":1,"enemies":"2 Fungi Beasts","floor":14,"turns":3},{"damage":19,"enemies":"Fading Forest","floor":16,"turns":11},{"damage":28,"enemies":"Shell Parasite","floor":18,"turns":3},{"damage":13,"enemies":"Chosen","floor":19,"turns":2},{"damage":8,"enemies":"Centurion and Healer","floor":21,"turns":3},{"damage":0,"enemies":"Snake Plant","floor":24,"turns":2},{"damage":5,"enemies":"Shelled Parasite and Fungi","floor":25,"turns":3},{"damage":44,"enemies":"Slavers","floor":27,"turns":6},{"damage":13,"enemies":"Book of Stabbing","floor":29,"turns":5},{"damage":0,"enemies":"Centurion and Healer","floor":30,"turns":3},{"damage":28,"enemies":"Champ","floor":33,"turns":7}],"seed_played":"5348119664443760805","potions_obtained":[{"floor":3,"key":"SkillPotion"},{"floor":4,"key":"blueLaboratory:ForbiddenFruitJuice"},{"floor":4,"key":"blueLaboratory:ArtificerPotion"},{"floor":4,"key":"LiquidMemories"},{"floor":5,"key":"Fire Potion"},{"floor":14,"key":"blueLaboratory:LimitlessPotion"},{"floor":19,"key":"blueLaboratory:IronCompound"},{"floor":30,"key":"BlessingOfTheForge"}],"is_trial":false,"path_per_floor":["M","$","M","?","M","R","E","R","T","?","R","?","M","M","R","B",null,"M","M","$","M","?","R","M","M","T","E","R","E","M","?","R","B"],"character_chosen":"IRONCLAD","items_purchased":["Bag of Marbles"],"campfire_rested":0,"item_purchase_floors":[20],"current_hp_per_floor":[80,80,80,48,54,54,47,47,47,47,47,47,47,52,52,65,80,58,51,51,49,49,49,55,56,56,18,18,11,17,17,17,0,0],"gold":402,"neow_bonus":"","is_daily":false,"chose_seed":false,"campfire_upgraded":3,"win_rate":0.0,"timestamp":1609400804,"path_taken":["M","$","M","?","M","R","E","R","T","?","R","?","M","M","R","BOSS","M","?","$","M","?","R","M","M","T","E","R","E","M","?","R","BOSS"],"items_purchased_type":["Relic"],"build_version":"2020-12-22","purchased_purges":2,"victory":false,"max_hp_per_floor":[80,80,80,80,80,80,80,80,80,80,80,80,80,80,80,80,80,80,80,80,80,80,80,80,80,80,80,80,80,80,80,80,80,80],"card_choices":[{"not_picked":["Clothesline","Clash"],"picked":"ReplayTheSpireMod:Limb From Limb","floor":1},{"not_picked":["Replay:Undeath\u0027s Touch","Searing Blow"],"picked":"Cleave","floor":3},{"not_picked":["Power Through","True Grit","ReplayTheSpireMod:Limb From Limb"],"picked":"SKIP","floor":5},{"not_picked":["Pommel Strike","Second Wind","Headbutt"],"picked":"SKIP","floor":7},{"not_picked":["ReplayTheSpireMod:Corrosion Curse","Bloodletting","Run Through"],"picked":"SKIP","floor":13},{"not_picked":["Pommel Strike","Dark Embrace","ReplayTheSpireMod:Strike From Hell"],"picked":"SKIP","floor":14},{"not_picked":["Eclipse","Bludgeon"],"picked":"Berserk","floor":16},{"not_picked":["Clash","Sword Boomerang","Perfected Strike"],"picked":"SKIP","floor":18},{"not_picked":["ReplayTheSpireMod:Strike From Hell","Anger"],"picked":"Flame Barrier+1","floor":19},{"not_picked":["Pommel Strike","Armaments"],"picked":"hubris:ReadiedAction+1","floor":21},{"not_picked":["Rage","Seeing Red","Life Link"],"picked":"SKIP","floor":24},{"not_picked":["Demonic Infusion","Run Through","Blood for Blood"],"picked":"SKIP","floor":25},{"not_picked":["Clash+1","Burning Pact"],"picked":"Shockwave","floor":27},{"not_picked":["Thunderclap","Clash","Demonic Infusion"],"picked":"SKIP","floor":29},{"not_picked":["Power Through","Perfected Strike","ReplayTheSpireMod:Strike From Hell"],"picked":"SKIP","floor":30}],"player_experience":0,"relics_obtained":[{"floor":7,"key":"Girya"},{"floor":9,"key":"Whetstone"},{"floor":26,"key":"Pet Ghost"},{"floor":27,"key":"Vajra"},{"floor":29,"key":"Gremlin Horn"},{"floor":32,"key":"Replay:Rubber Ducky"}],"event_choices":[{"damage_healed":0,"gold_gain":100,"player_choice":"Pray","damage_taken":0,"max_hp_gain":0,"max_hp_loss":0,"event_name":"Golden Shrine","floor":12,"gold_loss":0},{"cards_removed":["Strike_R"],"damage_healed":0,"gold_gain":0,"player_choice":"Gave Gold","damage_taken":0,"max_hp_gain":0,"max_hp_loss":0,"event_name":"Beggar","floor":31,"gold_loss":75}],"is_beta":false,"boss_relics":[{"not_picked":["Painkiller Herb","hubris:CrackedHourglass"],"picked":"Philosopher\u0027s Stone"}],"items_purged_floors":[2,20],"is_endless":false,"potions_floor_spawned":[3,5,14,19,21,25,30],"killed_by":"Champ","ascension_level":0}}