{"host":"410n1t7fh6lcb80z","time":1609449585,"event":{"mods":["BaseMod","Colored Map","Highlight Path","Minty Spire (QoL Compilation)"],"gold_per_floor":[19,19,36,50,65,65,82,92,118,147,147,166,176,196,196,295,295,311,326,326,210,210,210,210,210,235,235,63,162,178,192,192,292,292,307,325,379,392,404,404,26,55,55,55,83,83,99,115,115,115,115],"floor_reached":50,"playtime":4175,"items_purged":["Strike_R","Strike_R","Strike_R"],"score":697,"play_id":"e4899362-0917-459b-978e-2b455ea3770d","local_time":"20201231161945","is_ascension_mode":true,"campfire_choices":[{"data":"Armaments","floor":6,"key":"SMITH"},{"data":"Battle Trance","floor":11,"key":"SMITH"},{"data":"Body Slam","floor":15,"key":"SMITH"},{"data":"Shrug It Off","floor":23,"key":"SMITH"},{"data":"Shrug It Off","floor":25,"key":"SMITH"},{"data":"Feel No Pain","floor":27,"key":"SMITH"},{"data":"Feel No Pain","floor":32,"key":"SMITH"},{"data":"Offering","floor":40,"key":"SMITH"},{"data":"Offering","floor":44,"key":"SMITH"},{"floor":46,"key":"REST"},{"floor":49,"key":"RECALL"}],"circlet_count":0,"master_deck":["Strike_R","Defend_R","Defend_R","Defend_R","Bash","True Grit+1","Sentinel","Armaments+1","Battle Trance+1","Pummel","Shrug It Off+1","Shrug It Off+1","Body Slam+1","Spot Weakness","Feel No Pain+1","Offering+1","Dark Embrace+1","Inflame","Feel No Pain+1","Pummel","Seeing Red+1","Body Slam","Disarm","Offering+1","Body Slam","Pain","Sentinel","Parasite"],"relics":["Black Blood","Bag of Marbles","Centennial Puzzle","Odd Mushroom","MutagenicStrength","Bag of Preparation","Ancient Tea Set","Cursed Key","Ice Cream","MealTicket","Anchor"],"acts_visited":["Exordium","TheCity","TheBeyond"],"potions_floor_usage":[10,16,33,50,50,50],"damage_taken":[{"damage":10,"enemies":"2 Louse","floor":1,"turns":3},{"damage":0,"enemies":"Cultist","floor":3,"turns":3},{"damage":12,"enemies":"Small Slimes","floor":4,"turns":5},{"damage":6,"enemies":"2 Fungi Beasts","floor":5,"turns":4},{"damage":1,"enemies":"3 Louse","floor":7,"turns":4},{"damage":2,"enemies":"Looter","floor":8,"turns":4},{"damage":15,"enemies":"Lagavulin","floor":10,"turns":8},{"damage":3,"enemies":"2 Fungi Beasts","floor":12,"turns":5},{"damage":11,"enemies":"Large Slime","floor":13,"turns":5},{"damage":2,"enemies":"The Mushroom Lair","floor":14,"turns":3},{"damage":25,"enemies":"Hexaghost","floor":16,"turns":8},{"damage":18,"enemies":"Chosen","floor":18,"turns":2},{"damage":15,"enemies":"Shell Parasite","floor":19,"turns":4},{"damage":6,"enemies":"Snecko","floor":30,"turns":3},{"damage":20,"enemies":"Centurion and Healer","floor":31,"turns":4},{"damage":53,"enemies":"Champ","floor":33,"turns":10},{"damage":6,"enemies":"3 Darklings","floor":35,"turns":3},{"damage":6,"enemies":"3 Shapes","floor":36,"turns":4},{"damage":8,"enemies":"2 Orb Walkers","floor":37,"turns":4},{"damage":9,"enemies":"Sphere and 2 Shapes","floor":38,"turns":2},{"damage":6,"enemies":"4 Shapes","floor":39,"turns":5},{"damage":6,"enemies":"Giant Head","floor":42,"turns":3},{"damage":39,"enemies":"Reptomancer","floor":45,"turns":3},{"damage":22,"enemies":"Transient","floor":47,"turns":5},{"damage":19,"enemies":"Writhing Mass","floor":48,"turns":2},{"damage":61,"enemies":"Awakened One","floor":50,"turns":6}],"seed_played":"-3932841085862396004","potions_obtained":[{"floor":1,"key":"SteroidPotion"},{"floor":4,"key":"SteroidPotion"},{"floor":5,"key":"DuplicationPotion"},{"floor":13,"key":"Fire Potion"},{"floor":19,"key":"SkillPotion"},{"floor":36,"key":"Explosive Potion"}],"is_trial":false,"path_per_floor":["M","?","M","M","M","R","M","M","T","E","R","M","M","?","R","B",null,"M","M","?","$","?","R","?","R","T","R","$","?","M","M","R","B",null,"M","M","?","M","M","R","$","E","T","R","E","R","M","M","R","B"],"character_chosen":"IRONCLAD","items_purchased":["Inflame","Feel No Pain","Disarm","Offering","Body Slam"],"campfire_rested":1,"item_purchase_floors":[21,28,41,41,41],"current_hp_per_floor":[76,76,80,74,74,74,79,80,80,71,71,74,69,73,73,54,80,74,71,71,71,71,71,71,71,71,71,71,71,77,69,69,28,80,80,80,80,80,80,80,80,80,80,80,53,77,67,60,60,0,0],"gold":115,"neow_bonus":"REMOVE_TWO","is_daily":false,"chose_seed":false,"campfire_upgraded":9,"win_rate":0.0,"timestamp":1609449585,"path_taken":["M","?","M","M","M","R","?","?","T","E","R","M","?","?","R","BOSS","M","M","?","$","?","R","?","R","T","R","$","?","M","M","R","BOSS","M","M","?","M","M","R","$","E","T","R","E","R","M","M","R","BOSS"],"items_purchased_type":["Card","Card","Card","Card","Card"],"build_version":"2020-12-22","purchased_purges":3,"victory":false,"max_hp_per_floor":[80,80,80,80,80,80,80,80,80,80,80,80,80,80,80,80,80,80,80,80,80,80,80,80,80,80,80,80,80,80,80,80,80,80,80,80,80,80,80,80,80,80,80,80,80,80,80,80,80,80,80],"card_choices":[{"not_picked":["Evolve","Body Slam"],"picked":"True Grit","floor":1},{"not_picked":["Flex","True Grit"],"picked":"Sentinel","floor":3},{"not_picked":["Warcry","Clash"],"picked":"Armaments","floor":4},{"not_picked":["Fire Breathing","Warcry"],"picked":"Battle Trance","floor":5},{"not_picked":["Cleave","Bloodletting"],"picked":"Pummel","floor":7},{"not_picked":["Rage","Second Wind"],"picked":"Shrug It Off","floor":8},{"not_picked":["Burning Pact","Clothesline"],"picked":"Shrug It Off","floor":10},{"not_picked":["Perfected Strike","Carnage"],"picked":"Body Slam","floor":12},{"not_picked":["Armaments","Limit Break"],"picked":"Spot Weakness","floor":13},{"not_picked":["Flame Barrier","Uppercut"],"picked":"Feel No Pain","floor":14},{"not_picked":["Corruption","Berserk"],"picked":"Offering","floor":16},{"not_picked":["True Grit","Iron Wave","Hemokinesis"],"picked":"SKIP","floor":18},{"not_picked":["Seeing Red","Headbutt"],"picked":"Dark Embrace+1","floor":19},{"not_picked":["Fire Breathing","Headbutt","Second Wind"],"picked":"SKIP","floor":30},{"not_picked":["Perfected Strike","Wild Strike"],"picked":"Pummel","floor":31},{"not_picked":["Twin Strike+1","Armaments+1"],"picked":"Seeing Red+1","floor":35},{"not_picked":["Thunderclap","Searing Blow+1"],"picked":"Body Slam","floor":36},{"not_picked":["Anger","Reckless Charge+1","Evolve+1"],"picked":"SKIP","floor":38},{"not_picked":["Searing Blow+1","True Grit","Carnage+1"],"picked":"SKIP","floor":39},{"not_picked":["Rampage","Iron Wave","Fiend Fire"],"picked":"SKIP","floor":42},{"not_picked":["Shrug It Off","Searing Blow+1"],"picked":"Sentinel","floor":45},{"not_picked":["Cleave","Flex","Evolve"],"picked":"SKIP","floor":47},{"not_picked":["Cleave","Clothesline","Twin Strike+1"],"picked":"SKIP","floor":48}],"player_experience":467891,"relics_obtained":[{"floor":9,"key":"Bag of Marbles"},{"floor":10,"key":"Centennial Puzzle"},{"floor":14,"key":"Odd Mushroom"},{"floor":26,"key":"Ancient Tea Set"},{"floor":37,"key":"Ice Cream"},{"floor":42,"key":"MealTicket"},{"floor":45,"key":"Anchor"}],"event_choices":[{"damage_healed":0,"gold_gain":0,"player_choice":"Upgraded","damage_taken":0,"max_hp_gain":0,"max_hp_loss":0,"event_name":"Upgrade Shrine","floor":2,"gold_loss":0,"cards_upgraded":["True Grit"]},{"damage_healed":0,"gold_gain":0,"player_choice":"Fought Mushrooms","damage_taken":0,"max_hp_gain":0,"max_hp_loss":0,"event_name":"Mushrooms","floor":14,"gold_loss":0},{"damage_healed":0,"gold_gain":0,"player_choice":"Inject Mutagens","damage_taken":0,"relics_obtained":["MutagenicStrength"],"max_hp_gain":0,"max_hp_loss":0,"event_name":"Drug Dealer","floor":20,"gold_loss":0},{"damage_healed":0,"gold_gain":0,"player_choice":"Ignored","damage_taken":0,"max_hp_gain":0,"max_hp_loss":0,"event_name":"Ghosts","floor":22,"gold_loss":0},{"damage_healed":0,"gold_gain":0,"player_choice":"Opened","damage_taken":0,"relics_obtained":["Bag of Preparation"],"max_hp_gain":0,"max_hp_loss":0,"event_name":"The Mausoleum","floor":24,"gold_loss":0},{"damage_healed":0,"gold_gain":99,"player_choice":"Stole From Cult","damage_taken":0,"max_hp_gain":0,"max_hp_loss":0,"event_name":"Nest","floor":29,"gold_loss":0},{"damage_healed":0,"gold_gain":0,"player_choice":"Fight","damage_taken":0,"max_hp_gain":0,"max_hp_loss":0,"event_name":"Mysterious Sphere","floor":37,"gold_loss":0}],"is_beta":false,"boss_relics":[{"not_picked":["Tiny House","Calling Bell"],"picked":"Black Blood"},{"not_picked":["Mark of Pain","Philosopher\u0027s Stone"],"picked":"Cursed Key"}],"items_purged_floors":[21,28,41],"is_endless":false,"potions_floor_spawned":[1,4,5,7,13,14,19,30,31,36,37,42,45,48],"killed_by":"Awakened One","ascension_level":4}}