{"host":"yer03dsd277nstsn","time":1609457300,"event":{"mods":["BaseMod","Colored Powertips","Minty Spire (QoL Compilation)"],"gold_per_floor":[116,59,78,78,78,78,104,104,104,104,118,6,36,36,36,134,134,154,154,36,36,56,56,56,68,68,68,68,68,80,95,95,95,95],"floor_reached":33,"playtime":1274,"items_purged":["Strike_B","Strike_B"],"score":373,"play_id":"a5f21737-8dec-4b7a-bb50-63c4c889c4bd","local_time":"20201231172820","is_ascension_mode":true,"campfire_choices":[{"data":"Zap","floor":6,"key":"SMITH"},{"data":"Fusion","floor":8,"key":"SMITH"},{"data":"Dualcast","floor":10,"key":"SMITH"},{"data":"Double Energy","floor":15,"key":"SMITH"},{"data":"Double Energy","floor":23,"key":"SMITH"},{"data":"Multi-Cast","floor":27,"key":"SMITH"},{"floor":32,"key":"REST"}],"circlet_count":0,"master_deck":["Strike_B","Defend_B","Defend_B","Defend_B","Defend_B","Zap+1","Dualcast+1","Rebound","Fusion+1","Double Energy+1","Auto Shields","Double Energy+1","Multi-Cast+1","CurseOfTheBell","Coolheaded+1","Go for the Eyes+1","Ball Lightning+1","Compile Driver+1","Streamline+1","Writhe","Conserve Battery","Coolheaded","Thunder Strike+1","Defragment+1","Hologram","Darkness+1"],"relics":["Cracked Core","NeowsBlessing","Ancient Tea Set","Akabeko","Meat on the Bone","Molten Egg 2","The Courier","Symbiotic Virus","Calling Bell","Bronze Scales","Gremlin Horn","Prayer Wheel","Shuriken","Lantern"],"acts_visited":["Exordium","TheCity"],"potions_floor_usage":[13,16,33,33],"damage_taken":[{"damage":0,"enemies":"Jaw Worm","floor":1,"turns":1},{"damage":0,"enemies":"Cultist","floor":3,"turns":1},{"damage":0,"enemies":"3 Sentries","floor":7,"turns":1},{"damage":0,"enemies":"2 Louse","floor":11,"turns":1},{"damage":29,"enemies":"Gremlin Nob","floor":13,"turns":5},{"damage":43,"enemies":"Slime Boss","floor":16,"turns":10},{"damage":11,"enemies":"Spheric Guardian","floor":18,"turns":3},{"damage":0,"enemies":"3 Byrds","floor":22,"turns":2},{"damage":23,"enemies":"Shelled Parasite and Fungi","floor":25,"turns":5},{"damage":11,"enemies":"Snake Plant","floor":30,"turns":2},{"damage":12,"enemies":"Centurion and Healer","floor":31,"turns":4},{"damage":63,"enemies":"Collector","floor":33,"turns":7}],"seed_played":"4887962540756362282","potions_obtained":[{"floor":3,"key":"DuplicationPotion"},{"floor":7,"key":"Weak Potion"},{"floor":13,"key":"Fire Potion"},{"floor":22,"key":"Explosive Potion"},{"floor":30,"key":"GamblersBrew"}],"is_trial":false,"path_per_floor":["M","?","M","?","?","R","E","R","T","R","M","$","E","T","R","B",null,"M","?","$","?","M","R","?","M","T","R","?","$","M","M","R","B"],"character_chosen":"DEFECT","items_purchased":["Auto Shields","Ball Lightning+1"],"campfire_rested":1,"item_purchase_floors":[12,20],"current_hp_per_floor":[68,68,68,68,61,61,61,61,61,61,61,61,44,44,44,13,60,49,49,49,49,49,49,49,38,38,38,38,38,39,39,61,0,0],"gold":95,"neow_bonus":"THREE_ENEMY_KILL","is_daily":false,"chose_seed":false,"campfire_upgraded":6,"win_rate":0.0,"timestamp":1609457300,"path_taken":["M","?","?","?","?","R","E","R","T","R","M","$","E","?","R","BOSS","M","?","$","?","M","R","?","M","T","R","?","$","?","M","R","BOSS"],"items_purchased_type":["Card","Card"],"build_version":"2020-12-22","purchased_purges":2,"victory":false,"max_hp_per_floor":[75,75,75,75,75,75,75,75,75,75,75,75,75,75,75,75,75,75,75,75,75,75,75,75,75,75,75,75,75,75,75,75,75,75],"card_choices":[{"not_picked":["Stack","Sweeping Beam","Go for the Eyes"],"picked":"SKIP","floor":1},{"not_picked":["Lockon","Sweeping Beam"],"picked":"Rebound","floor":3},{"not_picked":["Redo","Loop"],"picked":"Fusion","floor":7},{"not_picked":["Turbo","Heatsinks"],"picked":"Double Energy","floor":11},{"not_picked":["Barrage+1","Skim"],"picked":"Double Energy","floor":13},{"not_picked":["Buffer","All For One+1"],"picked":"Multi-Cast","floor":16},{"not_picked":["Leap","Rebound+1"],"picked":"Coolheaded+1","floor":18},{"not_picked":["Stack+1","FTL+1"],"picked":"Go for the Eyes+1","floor":18},{"not_picked":["Rebound+1","Rip and Tear+1"],"picked":"Compile Driver+1","floor":22},{"not_picked":["Leap","Go for the Eyes+1"],"picked":"Streamline+1","floor":22},{"not_picked":["Steam","Static Discharge+1"],"picked":"Conserve Battery","floor":25},{"not_picked":["Rebound+1","Barrage+1"],"picked":"Coolheaded","floor":25},{"not_picked":["Steam Power+1","Redo+1"],"picked":"Defragment+1","floor":30},{"not_picked":["Gash+1","Coolheaded"],"picked":"Hologram","floor":30},{"not_picked":["Beam Cell+1","Amplify"],"picked":"Darkness+1","floor":31},{"not_picked":["Scrape+1","Compile Driver+1","Storm"],"picked":"SKIP","floor":31}],"player_experience":417787,"relics_obtained":[{"floor":7,"key":"Meat on the Bone"},{"floor":9,"key":"Molten Egg 2"},{"floor":13,"key":"The Courier"},{"floor":14,"key":"Symbiotic Virus"},{"floor":17,"key":"Bronze Scales"},{"floor":17,"key":"Gremlin Horn"},{"floor":17,"key":"Prayer Wheel"},{"floor":26,"key":"Lantern"}],"event_choices":[{"damage_healed":0,"gold_gain":0,"player_choice":"Paid Gold","damage_taken":0,"relics_obtained":["Ancient Tea Set"],"max_hp_gain":0,"max_hp_loss":0,"event_name":"WeMeetAgain","floor":2,"gold_loss":57},{"damage_healed":0,"gold_gain":0,"player_choice":"Box","damage_taken":0,"relics_obtained":["Akabeko"],"max_hp_gain":0,"max_hp_loss":0,"event_name":"Big Fish","floor":4,"gold_loss":0,"cards_obtained":["Regret"]},{"cards_removed":["Regret"],"damage_healed":0,"gold_gain":0,"player_choice":"Card Removal","damage_taken":7,"max_hp_gain":0,"max_hp_loss":0,"event_name":"Golden Wing","floor":5,"gold_loss":0},{"damage_healed":0,"gold_gain":0,"player_choice":"Ignored","damage_taken":0,"max_hp_gain":0,"max_hp_loss":0,"event_name":"Ghosts","floor":19,"gold_loss":0},{"cards_removed":["Strike_B"],"damage_healed":0,"gold_gain":0,"player_choice":"Elegance","damage_taken":0,"max_hp_gain":0,"max_hp_loss":0,"event_name":"Back to Basics","floor":21,"gold_loss":0},{"damage_healed":0,"gold_gain":0,"player_choice":"Opened","damage_taken":0,"relics_obtained":["Shuriken"],"max_hp_gain":0,"max_hp_loss":0,"event_name":"The Mausoleum","floor":24,"gold_loss":0,"cards_obtained":["Writhe"]},{"damage_healed":0,"gold_gain":0,"player_choice":"Read","damage_taken":0,"max_hp_gain":0,"max_hp_loss":0,"event_name":"The Library","floor":28,"gold_loss":0,"cards_obtained":["Thunder Strike"]}],"is_beta":false,"boss_relics":[{"not_picked":["SlaversCollar","Astrolabe"],"picked":"Calling Bell"}],"items_purged_floors":[12,20],"is_endless":false,"potions_floor_spawned":[3,7,13,22,30],"killed_by":"Collector","ascension_level":7}}