{"host":"ic2t2jxz7s3jvs1m","time":1609387261,"event":{"mods":["AchievementEnabler","Aspiration","BaseMod","Better Third Choice","Block Reminder","Colored Map","Conspire","Curses Come First","Downfall","Energized Spire","Halation","Hubris","Infinite Spire","Jess\u0027s Bottle","Minty Spire (QoL Compilation)","Quick Restart","Relic Stats","Replay The Spire","SacredBarkPlus","Small Relic Pack","StSLib","The Blue Laboratory","Trackpad","Transform Curses","Uncapped","vexMod"],"gold_per_floor":[110,70,83,100,100,126,144,170,196,208,15,31,31,106,106,211,211,227,427,446,466,466,466,478,478,527,547,547,566,566,582,582,682,682,693,728,740,755,769,799,799,799,825,842,842,842,854,871,871,871,871],"floor_reached":50,"playtime":8370,"items_purged":[],"score":590,"play_id":"0d3bb2bc-9875-4749-8d30-42ed6fa2ae8f","local_time":"20201230220101","is_ascension_mode":false,"campfire_choices":[{"floor":15.0,"key":"REST"},{"floor":23.0,"key":"REST"},{"floor":32.0,"key":"REST"},{"floor":45,"key":"REST"}],"circlet_count":0,"master_deck":["Defend_R","Defend_R","Defend_R","Defend_R","Bash","Clothesline","Spot Weakness","Flex","Anger","Evolve","Berserk","Shrug It Off","hubris:ReadiedAction","Ghostly Armor","Demon Form","Cleave+1","Armaments","Demonic Infusion","Shockwave","PanicButton","expansioncontent:Collect","Rupture","Carnage","Slimebound:Tackle+1","Slimebound:Tackle+1","Slimebound:Tackle+1","Combust","Juggernaut","Replay:Undeath\u0027s Touch+1","Clash+1","Shockwave+1","Defy Death+1","Feed","Iron Wave+1","Warcry+1","infinitespire:Punishment","Infernal Blade","Replay:Undeath\u0027s Touch+1","Barricade"],"relics":["Burning Blood","aspiration:Nostalgia","sneckomod:SneckoSoul","halation:BottledLove","Incense Burner","Oddly Smooth Stone","Chemical X","hubris:Towel","Gremlin Horn","trackpad:Trackpad","aspiration:Stabinomicon","trackpad:PetRock","halation:EternalFortune","halation:ForbiddenBikini","Orichalcum","trackpad:WritersBlock","vexMod:FocusSash","infinitespire:EmpoweringShard"],"acts_visited":["Exordium","TheCity","TheBeyond"],"potions_floor_usage":[44,50,50],"damage_taken":[{"damage":7.0,"enemies":"Jaw Worm","floor":1.0,"turns":7.0},{"damage":2.0,"enemies":"Cultist","floor":3.0,"turns":4.0},{"damage":1.0,"enemies":"conspire:RoseBush","floor":4.0,"turns":3.0},{"damage":41.0,"enemies":"Gremlin Nob","floor":6.0,"turns":6.0},{"damage":11.0,"enemies":"2 Fungi Beasts","floor":7.0,"turns":4.0},{"damage":26.0,"enemies":"3 Sentries","floor":8.0,"turns":7.0},{"damage":7.0,"enemies":"Blue Slaver","floor":10.0,"turns":4.0},{"damage":7.0,"enemies":"Red Slaver","floor":12.0,"turns":4.0},{"damage":12.0,"enemies":"Fading Forest","floor":16.0,"turns":11.0},{"damage":34.0,"enemies":"2 Thieves","floor":18.0,"turns":4.0},{"damage":10.0,"enemies":"Shell Parasite","floor":20.0,"turns":5.0},{"damage":14.0,"enemies":"Cultist and Chosen","floor":21.0,"turns":7.0},{"damage":13.0,"enemies":"Shelled Parasite and Fungi","floor":24.0,"turns":5.0},{"damage":9.0,"enemies":"conspire:HollyBat","floor":27.0,"turns":7.0},{"damage":3.0,"enemies":"Snecko","floor":29.0,"turns":6.0},{"damage":21.0,"enemies":"Sentry and Sphere","floor":31.0,"turns":4.0},{"damage":31.0,"enemies":"conspire:MysteriousRune","floor":33.0,"turns":8.0},{"damage":3,"enemies":"3 Shapes","floor":35,"turns":5},{"damage":8,"enemies":"conspire:MimicChest","floor":36,"turns":6},{"damage":15,"enemies":"3 Darklings","floor":37,"turns":3},{"damage":24,"enemies":"Sphere and 2 Shapes","floor":38,"turns":5},{"damage":15,"enemies":"Transient","floor":39,"turns":5},{"damage":34,"enemies":"R_Hoarder","floor":40,"turns":7},{"damage":47,"enemies":"Spire Growth","floor":44,"turns":5},{"damage":3,"enemies":"4 Shapes","floor":47,"turns":6},{"damage":0,"enemies":"Sphere and 2 Shapes","floor":48,"turns":3},{"damage":86,"enemies":"Awakened One","floor":50,"turns":6}],"seed_played":"-8563814571395695910","potions_obtained":[{"floor":2.0,"key":"Explosive Potion"},{"floor":2.0,"key":"blueLaboratory:HeartbeatPotion"},{"floor":2.0,"key":"blueLaboratory:BottleOfVodka"},{"floor":6.0,"key":"BloodPotion"},{"floor":7.0,"key":"Weak Potion"},{"floor":8.0,"key":"blueLaboratory:HummingbirdPotion"},{"floor":18.0,"key":"BloodPotion"},{"floor":24.0,"key":"BloodPotion"},{"floor":27.0,"key":"Adrenaline Potion"},{"floor":29.0,"key":"blueLaboratory:LouseDecoction"},{"floor":37,"key":"BlessingOfTheForge"},{"floor":39,"key":"Explosive Potion"},{"floor":42,"key":"blueLaboratory:HummingbirdPotion"},{"floor":42,"key":"champ:CounterPotion"},{"floor":42,"key":"Toxic Potion"},{"floor":47,"key":"FearPotion"}],"is_trial":false,"path_per_floor":["M","?","M","M","?","E","M","E","T","M","$","M","?","T","R_BF","B",null,"M","?","M","M","?","R","M","?","T","M","?","M","?","M","R","B",null,"M","?","M","M","M","E","?","?","T","M","R","AVR","M","M","R_BF","B"],"character_chosen":"IRONCLAD","items_purchased":["Chemical X","hubris:ReadiedAction"],"campfire_rested":4,"item_purchase_floors":[11,11],"current_hp_per_floor":[79,79,80,80,80,45,40,36,36,35,35,34,34,34,58,74,80,52,52,48,40,24,48,41,22,22,19,22,41,41,26,50,25,83,83,81,72,54,45,20,86,86,86,45,70,70,73,79,79,0,0],"gold":871,"neow_bonus":"NOSTALGIA","is_daily":false,"chose_seed":false,"campfire_upgraded":0,"win_rate":0.0,"timestamp":1609387261,"path_taken":["M","?","M","?","?","E","M","E","T","M","$","M","?","?","R_BF","BOSS","M","?","?","M","?","R","M","?","T","?","?","M","?","M","R","BOSS","M","?","?","M","M","E","?","?","T","?","R","AVR","M","M","R_BF","BOSS"],"items_purchased_type":["Relic","Card"],"build_version":"2020-12-22","purchased_purges":0,"victory":false,"max_hp_per_floor":[80,80,80,80,80,80,80,80,80,80,80,80,80,80,80,80,80,80,80,80,80,80,80,80,80,80,80,83,83,83,83,83,83,83,83,83,83,83,83,86,86,86,86,86,86,86,86,86,86,86,86],"relic_stats":{"Gremlin Horn":[22,22],"counters":[27,145],"Chemical X":[1],"Orichalcum":[84],"obtain_stats":[{"Gremlin Horn":14,"aspiration:Nostalgia":0,"halation:BottledLove":6,"trackpad:Trackpad":17,"Oddly Smooth Stone":9,"trackpad:PetRock":26,"halation:ForbiddenBikini":34,"Incense Burner":8,"aspiration:Stabinomicon":22,"vexMod:FocusSash":43,"hubris:Towel":13,"Orichalcum":36,"sneckomod:SneckoSoul":0,"Burning Blood":0,"halation:EternalFortune":28,"trackpad:WritersBlock":40,"infinitespire:EmpoweringShard":46,"Chemical X":11},{"Gremlin Horn":8,"aspiration:Nostalgia":0,"halation:BottledLove":4,"trackpad:Trackpad":9,"Oddly Smooth Stone":6,"trackpad:PetRock":13,"halation:ForbiddenBikini":17,"Incense Burner":6,"aspiration:Stabinomicon":12,"vexMod:FocusSash":23,"hubris:Towel":8,"Orichalcum":19,"sneckomod:SneckoSoul":0,"Burning Blood":0,"halation:EternalFortune":14,"trackpad:WritersBlock":23,"infinitespire:EmpoweringShard":24,"Chemical X":7},{"Gremlin Horn":39,"aspiration:Nostalgia":0,"halation:BottledLove":20,"trackpad:Trackpad":50,"Oddly Smooth Stone":31,"trackpad:PetRock":71,"halation:ForbiddenBikini":96,"Incense Burner":31,"aspiration:Stabinomicon":66,"vexMod:FocusSash":127,"hubris:Towel":39,"Orichalcum":107,"sneckomod:SneckoSoul":0,"Burning Blood":0,"halation:EternalFortune":78,"trackpad:WritersBlock":127,"infinitespire:EmpoweringShard":131,"Chemical X":35}],"Burning Blood":145},"card_choices":[{"not_picked":["Hemokinesis","Havoc"],"picked":"Clothesline","floor":1.0},{"not_picked":["Shockwave","Havoc"],"picked":"Spot Weakness","floor":3.0},{"not_picked":["Heavy Blade","Cleave"],"picked":"Flex","floor":4.0},{"not_picked":["Body Slam","Havoc"],"picked":"Anger","floor":6.0},{"not_picked":["Pommel Strike","Headbutt"],"picked":"Evolve","floor":7.0},{"not_picked":["Reckless Charge","Uppercut"],"picked":"Berserk","floor":8.0},{"not_picked":["Blood for Blood","Anger"],"picked":"Shrug It Off","floor":10.0},{"not_picked":["Metallicize","Dropkick"],"picked":"Ghostly Armor","floor":12.0},{"not_picked":["Berserk","Demonic Infusion"],"picked":"Demon Form","floor":16.0},{"not_picked":["Ghostly Armor","Armaments"],"picked":"Cleave+1","floor":18.0},{"not_picked":["Bloodletting","Blood for Blood+1"],"picked":"Armaments","floor":20.0},{"not_picked":["ReplayTheSpireMod:LeadingStrike+1","Iron Wave"],"picked":"Demonic Infusion","floor":21.0},{"not_picked":["ReplayTheSpireMod:Strike From Hell+1","Thunderclap"],"picked":"Shockwave","floor":24.0},{"not_picked":["Havoc","Perfected Strike+1"],"picked":"Rupture","floor":27.0},{"not_picked":["Warcry","Flex"],"picked":"Carnage","floor":29.0},{"not_picked":["Anger+1","Intimidate"],"picked":"Combust","floor":31.0},{"not_picked":["Bludgeon","Demonic Infusion"],"picked":"Juggernaut","floor":33.0},{"not_picked":["Searing Blow+1","Cleave+1"],"picked":"Replay:Undeath\u0027s Touch+1","floor":35},{"not_picked":["Bloodletting","Sever Soul"],"picked":"Clash+1","floor":36},{"not_picked":["True Grit","Clash+1"],"picked":"Shockwave+1","floor":37},{"not_picked":["Thunderclap","Wild Strike"],"picked":"Defy Death+1","floor":38},{"not_picked":["Sword Boomerang+1","Hemokinesis+1"],"picked":"Feed","floor":39},{"not_picked":["Feed","Anger"],"picked":"Iron Wave+1","floor":40},{"not_picked":["ReplayTheSpireMod:Strike From Hell","Anger"],"picked":"Warcry+1","floor":44},{"not_picked":["Perfected Strike+1","infinitespire:OneForAll"],"picked":"Infernal Blade","floor":47},{"not_picked":["Thunderclap+1","Iron Wave"],"picked":"Replay:Undeath\u0027s Touch+1","floor":48}],"player_experience":263908,"relics_obtained":[{"floor":6.0,"key":"halation:BottledLove"},{"floor":8.0,"key":"Incense Burner"},{"floor":9.0,"key":"Oddly Smooth Stone"},{"floor":14.0,"key":"Gremlin Horn"},{"floor":22.0,"key":"aspiration:Stabinomicon"},{"floor":26.0,"key":"trackpad:PetRock"},{"floor":36,"key":"Orichalcum"},{"floor":40,"key":"halation:EternalFortune"},{"floor":40,"key":"trackpad:WritersBlock"},{"floor":43,"key":"vexMod:FocusSash"}],"event_choices":[{"damage_healed":0.0,"max_hp_gain":0.0,"max_hp_loss":0.0,"gold_gain":0.0,"event_name":"The Woman in Blue","player_choice":"Bought 3 Potions","floor":2.0,"gold_loss":0.0,"damage_taken":0.0},{"damage_healed":0.0,"max_hp_gain":0.0,"max_hp_loss":0.0,"gold_gain":0.0,"event_name":"The Cleric","player_choice":"Leave","floor":5.0,"gold_loss":0.0,"damage_taken":0.0},{"damage_healed":0.0,"max_hp_gain":0.0,"max_hp_loss":0.0,"gold_gain":250.0,"event_name":"The Joust","player_choice":"Bet on Owner","floor":19.0,"gold_loss":50.0,"damage_taken":0.0},{"damage_healed":0.0,"max_hp_gain":0.0,"max_hp_loss":0.0,"gold_gain":0.0,"event_name":"Cursed Tome","player_choice":"Obtained Book","floor":22.0,"gold_loss":0.0,"damage_taken":16.0},{"damage_healed":0.0,"max_hp_gain":0.0,"max_hp_loss":0.0,"gold_gain":0.0,"event_name":"Knowing Skull","player_choice":"CARD CARD ","floor":25.0,"potions_obtained":[],"gold_loss":0.0,"damage_taken":19.0,"cards_obtained":["PanicButton","expansioncontent:Collect"]},{"damage_healed":66,"gold_gain":0,"player_choice":"Heal","damage_taken":0,"max_hp_gain":0,"max_hp_loss":0,"event_name":"MindBloom","floor":41,"gold_loss":0,"cards_obtained":["Doubt"]},{"damage_healed":0,"gold_gain":0,"player_choice":"Got Potions","damage_taken":0,"max_hp_gain":0,"max_hp_loss":0,"event_name":"Lab","floor":42,"gold_loss":0}],"is_beta":false,"boss_relics":[{"not_picked":["hubris:HollowSoul","vexMod:DeviousBotling"],"picked":"trackpad:Trackpad"},{"not_picked":["aspiration:RunicSpoon","Snecko Eye"],"picked":"halation:ForbiddenBikini"}],"items_purged_floors":[],"is_endless":false,"potions_floor_spawned":[6,7,8,18,24,27,29,37,39,47],"killed_by":"Awakened One","ascension_level":0}}