{"host":"foq4mrde4mssg7vt","time":1609446447,"event":{"mods":["AchievementEnabler","BaseMod","Colored Map","Colored Powertips","Highlight Path","Minty Spire (QoL Compilation)","Relic Stats","everything is the same but u backflip on backflip"],"gold_per_floor":[368,385,400,121,68,68,80,80,80,141,66,97,97,125,125,198,198,218,232,251,58,76,76,103,103,103,133,145,162,62,62,62,136,136,155,155,155,171,183,217,217,245,271,271,300,300,42,61,61,61,61,61,11,41,41],"floor_reached":56,"playtime":2650,"items_purged":["Strike_B","Strike_B","Doubt"],"score":2004,"play_id":"1e2f0de0-016a-46e3-8040-698fa21900e9","local_time":"20210101042727","is_ascension_mode":true,"campfire_choices":[{"data":"Ball Lightning","floor":6.0,"key":"SMITH"},{"data":"Coolheaded","floor":8.0,"key":"SMITH"},{"data":"Sweeping Beam","floor":13.0,"key":"SMITH"},{"data":"Sunder","floor":15.0,"key":"SMITH"},{"data":"Loop","floor":23.0,"key":"SMITH"},{"data":"Biased Cognition","floor":25.0,"key":"SMITH"},{"data":"Multi-Cast","floor":32.0,"key":"SMITH"},{"data":"Go for the Eyes","floor":41.0,"key":"SMITH"},{"floor":46.0,"key":"RECALL"},{"data":"Chill","floor":49.0,"key":"SMITH"},{"data":"Hologram","floor":52.0,"key":"SMITH"}],"circlet_count":0,"master_deck":["AscendersBane","Defend_B","Defend_B","Defend_B","Defend_B","Zap","Dualcast","Rebound","Sunder+1","Coolheaded+1","Ball Lightning+1","Sweeping Beam+1","Electrodynamics","Cold Snap","Multi-Cast+1","Barrage","Chill+1","Genetic Algorithm","Conserve Battery","Hologram+1","Loop+1","Biased Cognition+1","Auto Shields","Defragment+1","Reinforced Body","Core Surge","Reboot","Force Field+1","Storm+1","Defragment+1","Go for the Eyes+1","Capacitor","Darkness+1"],"relics":["Cracked Core","MealTicket","Prayer Wheel","Ice Cream","Mango","Anchor","Nuclear Battery","ClockworkSouvenir","Bronze Scales","Meat on the Bone","CaptainsWheel","Astrolabe","Smiling Mask","DataDisk","Eternal Feather","Bottled Tornado","Cables"],"acts_visited":["Exordium","TheCity","TheBeyond","TheEnding"],"potions_floor_usage":[55,55],"damage_taken":[{"damage":1.0,"enemies":"Cultist","floor":1.0,"turns":3.0},{"damage":4.0,"enemies":"Small Slimes","floor":2.0,"turns":4.0},{"damage":0.0,"enemies":"2 Louse","floor":3.0,"turns":3.0},{"damage":11.0,"enemies":"Blue Slaver","floor":7.0,"turns":3.0},{"damage":16.0,"enemies":"Gremlin Nob","floor":10.0,"turns":3.0},{"damage":14.0,"enemies":"Gremlin Nob","floor":12.0,"turns":3.0},{"damage":11.0,"enemies":"Lagavulin","floor":14.0,"turns":6.0},{"damage":0.0,"enemies":"Slime Boss","floor":16.0,"turns":8.0},{"damage":0.0,"enemies":"3 Byrds","floor":18.0,"turns":3.0},{"damage":14.0,"enemies":"Shell Parasite","floor":19.0,"turns":3.0},{"damage":11.0,"enemies":"Snecko","floor":20.0,"turns":3.0},{"damage":3.0,"enemies":"Snake Plant","floor":22.0,"turns":3.0},{"damage":25.0,"enemies":"Slavers","floor":24.0,"turns":6.0},{"damage":15.0,"enemies":"Gremlin Leader","floor":27.0,"turns":7.0},{"damage":8.0,"enemies":"Sentry and Sphere","floor":28.0,"turns":3.0},{"damage":0.0,"enemies":"Snecko","floor":29.0,"turns":4.0},{"damage":12.0,"enemies":"Collector","floor":33.0,"turns":10.0},{"damage":7.0,"enemies":"3 Shapes","floor":35.0,"turns":3.0},{"damage":0.0,"enemies":"Orb Walker","floor":38.0,"turns":3.0},{"damage":0.0,"enemies":"3 Darklings","floor":39.0,"turns":6.0},{"damage":35.0,"enemies":"Reptomancer","floor":40.0,"turns":11.0},{"damage":36.0,"enemies":"Nemesis","floor":42.0,"turns":8.0},{"damage":14.0,"enemies":"Giant Head","floor":45.0,"turns":10.0},{"damage":8.0,"enemies":"Spire Growth","floor":48.0,"turns":8.0},{"damage":15.0,"enemies":"Time Eater","floor":50.0,"turns":12.0},{"damage":7.0,"enemies":"Shield and Spear","floor":54.0,"turns":6.0},{"damage":27,"enemies":"The Heart","floor":55,"turns":10}],"seed_played":"-6755660439458829527","potions_obtained":[{"floor":7.0,"key":"Energy Potion"},{"floor":12.0,"key":"Ancient Potion"},{"floor":14.0,"key":"DuplicationPotion"},{"floor":45.0,"key":"Strength Potion"},{"floor":48.0,"key":"BlessingOfTheForge"}],"is_trial":false,"path_per_floor":["M","M","M","$","$","R","M","R","T","?","$","E","R","E","R","B",null,"M","M","M","$","M","R","E","R","T","E","M","M","$","?","R","B",null,"M","?","?","M","M","E","R","E","T","?","E","R","$","M","R","B",null,"R","$","E","B",null],"character_chosen":"DEFECT","items_purchased":["Sunder","Coolheaded","MealTicket","Ball Lightning","Loop","ClockworkSouvenir","Bottled Tornado"],"campfire_rested":0,"item_purchase_floors":[4,4,4,5,21,21,47],"current_hp_per_floor":[67,63,63,63,68,68,57,57,57,41,56,56,56,45,45,45,73,73,59,48,63,60,60,35,35,35,32,36,48,63,63,63,51,74,67,67,67,67,67,44,44,20,20,82,68,82,82,74,82,67,78,82,82,75,48],"gold":41,"neow_bonus":"TWO_FIFTY_GOLD","is_daily":false,"chose_seed":false,"campfire_upgraded":10,"win_rate":0.0,"timestamp":1609446447,"path_taken":["M","M","M","?","$","R","M","R","T","?","$","E","R","E","R","BOSS","M","M","M","$","M","R","E","R","T","E","M","M","$","?","R","BOSS","M","?","?","?","M","E","R","E","T","?","E","R","$","M","R","BOSS","R","$","E","BOSS"],"items_purchased_type":["Card","Card","Relic","Card","Card","Relic","Relic"],"build_version":"2020-12-22","purchased_purges":3,"victory":true,"max_hp_per_floor":[68,68,68,68,68,68,68,68,68,68,68,82,82,82,82,82,82,82,82,82,82,82,82,82,82,82,82,82,82,82,82,82,82,82,82,82,82,82,82,82,82,82,82,82,82,82,82,82,82,82,82,82,82,82,82],"relic_stats":{"counters":[27,151],"Bronze Scales":[418],"Astrolabe":["Force Field","Storm","Sunder"],"MealTicket":50,"Prayer Wheel":10,"Eternal Feather":26,"Smiling Mask":75,"obtain_stats":[{"Ice Cream":10,"Astrolabe":34,"Mango":12,"Eternal Feather":45,"Bottled Tornado":47,"Smiling Mask":40,"Nuclear Battery":17,"ClockworkSouvenir":21,"Cables":54,"Anchor":14,"CaptainsWheel":27,"DataDisk":42,"Bronze Scales":24,"MealTicket":4,"Prayer Wheel":9,"Cracked Core":0,"Meat on the Bone":26},{"Ice Cream":5,"Astrolabe":17,"Mango":6,"Eternal Feather":23,"Bottled Tornado":23,"Smiling Mask":21,"Nuclear Battery":8,"ClockworkSouvenir":11,"Cables":26,"Anchor":7,"CaptainsWheel":14,"DataDisk":22,"Bronze Scales":13,"MealTicket":3,"Prayer Wheel":4,"Cracked Core":0,"Meat on the Bone":13},{"Ice Cream":16,"Astrolabe":74,"Mango":19,"Eternal Feather":115,"Bottled Tornado":115,"Smiling Mask":97,"Nuclear Battery":33,"ClockworkSouvenir":42,"Cables":141,"Anchor":25,"CaptainsWheel":58,"DataDisk":105,"Bronze Scales":51,"MealTicket":10,"Prayer Wheel":13,"Cracked Core":0,"Meat on the Bone":51}],"Meat on the Bone":60,"Cables":[9,2,7,0,0]},"card_choices":[{"not_picked":["Rebound","Turbo","Stack"],"picked":"SKIP","floor":1.0},{"not_picked":["Rebound","Beam Cell"],"picked":"Gash","floor":2.0},{"not_picked":["Creative AI","Go for the Eyes"],"picked":"Rebound","floor":3.0},{"not_picked":["Stack","Tempest","Redo"],"picked":"SKIP","floor":7.0},{"not_picked":["Rebound","Coolheaded"],"picked":"Sweeping Beam","floor":10.0},{"not_picked":["Heatsinks","Ball Lightning"],"picked":"Electrodynamics","floor":12.0},{"not_picked":["Leap","Rainbow"],"picked":"Cold Snap","floor":14.0},{"not_picked":["Thunder Strike","Amplify"],"picked":"Multi-Cast","floor":16.0},{"not_picked":["Streamline+1","Rebound+1"],"picked":"Barrage","floor":18.0},{"not_picked":["Coolheaded","Beam Cell+1"],"picked":"Chill","floor":18.0},{"not_picked":["Leap","Scrape"],"picked":"Genetic Algorithm","floor":19.0},{"not_picked":["Streamline","Rip and Tear"],"picked":"Conserve Battery","floor":19.0},{"not_picked":["Gash+1","Steam Power"],"picked":"Hologram","floor":20.0},{"not_picked":["Rebound","Beam Cell","Force Field"],"picked":"SKIP","floor":20.0},{"not_picked":["Undo","Redo"],"picked":"Biased Cognition","floor":22.0},{"not_picked":["Self Repair","White Noise"],"picked":"Auto Shields","floor":22.0},{"not_picked":["Rebound","Chaos","Sweeping Beam+1"],"picked":"SKIP","floor":24.0},{"not_picked":["Rip and Tear","Amplify","White Noise"],"picked":"SKIP","floor":27.0},{"not_picked":["Chill","Steam"],"picked":"Defragment+1","floor":28.0},{"not_picked":["Redo+1","Stack"],"picked":"Reinforced Body","floor":28.0},{"not_picked":["Steam","Redo","Streamline"],"picked":"SKIP","floor":29.0},{"not_picked":["Hello World","Redo","Streamline"],"picked":"SKIP","floor":29.0},{"not_picked":["Rainbow","Meteor Strike"],"picked":"Reboot","floor":33.0},{"not_picked":["Chill","Storm"],"picked":"Defragment+1","floor":35.0},{"not_picked":["Stack","Rip and Tear+1","Auto Shields"],"picked":"SKIP","floor":35.0},{"not_picked":["Hologram","Stack"],"picked":"Go for the Eyes","floor":38.0},{"not_picked":["Barrage","Streamline","Go for the Eyes"],"picked":"SKIP","floor":38.0},{"not_picked":["Coolheaded+1","Barrage+1"],"picked":"Capacitor","floor":39.0},{"not_picked":["Cold Snap","Fusion","Conserve Battery+1"],"picked":"SKIP","floor":39.0},{"not_picked":["Redo","Chaos","Creative AI"],"picked":"SKIP","floor":40.0},{"not_picked":["Darkness+1","Steam+1","Turbo"],"picked":"SKIP","floor":42.0},{"not_picked":["Steam+1","Turbo"],"picked":"Darkness+1","floor":42.0},{"not_picked":["Conserve Battery+1","Turbo","Electrodynamics"],"picked":"SKIP","floor":45.0},{"not_picked":["Steam Power","Cold Snap","Redo"],"picked":"SKIP","floor":48.0},{"not_picked":["Coolheaded","Storm","Hello World+1"],"picked":"SKIP","floor":48.0},{"not_picked":["Reinforced Body","Blizzard+1","Melter"],"picked":"SKIP","floor":54.0}],"player_experience":352731,"relics_obtained":[{"floor":9.0,"key":"Prayer Wheel"},{"floor":10.0,"key":"Ice Cream"},{"floor":12.0,"key":"Mango"},{"floor":14.0,"key":"Anchor"},{"floor":24.0,"key":"Bronze Scales"},{"floor":26.0,"key":"Meat on the Bone"},{"floor":27.0,"key":"CaptainsWheel"},{"floor":40.0,"key":"Smiling Mask"},{"floor":42.0,"key":"DataDisk"},{"floor":45.0,"key":"Eternal Feather"},{"floor":54.0,"key":"Cables"}],"event_choices":[{"damage_healed":0.0,"max_hp_gain":0.0,"max_hp_loss":0.0,"gold_gain":30.0,"event_name":"Dead Adventurer","player_choice":"Searched \u00272\u0027 times","floor":10.0,"gold_loss":0.0,"damage_taken":0.0},{"damage_healed":0.0,"max_hp_gain":0.0,"max_hp_loss":0.0,"gold_gain":0.0,"event_name":"The Library","player_choice":"Read","floor":31.0,"gold_loss":0.0,"damage_taken":0.0,"cards_obtained":["Core Surge"]},{"cards_removed":["Sunder"],"damage_healed":0.0,"max_hp_gain":0.0,"max_hp_loss":0.0,"gold_gain":0.0,"event_name":"Falling","player_choice":"Removed Attack","floor":36.0,"gold_loss":0.0,"damage_taken":0.0},{"damage_healed":0.0,"max_hp_gain":0.0,"max_hp_loss":0.0,"gold_gain":0.0,"event_name":"SecretPortal","player_choice":"Ignored","floor":37.0,"gold_loss":0.0,"damage_taken":0.0},{"damage_healed":62.0,"max_hp_gain":0.0,"max_hp_loss":0.0,"gold_gain":0.0,"event_name":"MindBloom","player_choice":"Heal","floor":44.0,"gold_loss":0.0,"damage_taken":0.0,"cards_obtained":["Doubt"]}],"is_beta":false,"boss_relics":[{"not_picked":["Black Star","SacredBark"],"picked":"Nuclear Battery"},{"not_picked":["Snecko Eye","Runic Pyramid"],"picked":"Astrolabe"}],"items_purged_floors":[11,30,53],"is_endless":false,"potions_floor_spawned":[7,12,14,16,20,22,27,39,45,48,54],"ascension_level":13}}