{"host":"wonp23fsqqcu31ie","time":1609401583,"event":{"mods":["2.2 Compatiblity","AchievementEnabler","Aspiration","BaseMod","Bestiary","Better Altar","Better Match","Better Sensory Stone","Better Skull","Better Third Choice","BetterRewards","Block Reminder","Colored Map","Colored Powertips","Conspire","DeckTracker","Displayed Cursed Tome","Downfall","Hermit","Highlight Path","Hubris","Minty Spire (QoL Compilation)","Permanent Neow","Quick Restart","Rare Cards Sparkle","Relic Stats","Replay The Spire","Shade Mod","Shop Mod","StSLib","SuperFastMode","The Animator","The Cursed","The Gatherer","The Necromancer","The Runesmith","The Servant 0.9.4"],"gold_per_floor":[111,111,131,131,131,131,156,176,176,80,99,120,135,169,169,294,294,319,319,122,136,151,151,189,208,208,221,246,246,156,174,174,310,310,333,666,666,688,748,793,818,861,934,934,987,987,1026,1026,1026,1026,1026],"floor_reached":50,"playtime":2677,"items_purged":[],"score":1219,"play_id":"11131034-5c8e-49ec-bb87-3ee8376895b4","local_time":"20201231185943","is_ascension_mode":true,"campfire_choices":[{"floor":6,"key":"REST"},{"floor":15,"key":"REST"},{"floor":23,"key":"RECALL"},{"floor":29,"key":"REST"},{"data":"Replay:SS_hec_2","floor":32,"key":"SMITH"},{"data":"TheCursedMod:OutForBlood","floor":46,"key":"SMITH"},{"data":"TheCursedMod:CollectTribute","floor":46,"key":"SMITH"},{"data":"TheCursedMod:VoidForm","floor":49,"key":"SMITH"},{"data":"expansioncontent:DefensiveStance","floor":49,"key":"SMITH"}],"circlet_count":0,"master_deck":["TheCursedMod:Strike_TheCursed","TheCursedMod:CursedWand","TheCursedMod:CleanUpWorkshop","TheCursedMod:Dregs","TheCursedMod:CollectTribute+1","expansioncontent:DefensiveStance+1","TheCursedMod:Grudge+1","TheCursedMod:WearCloak","Injury","TheCursedMod:AbyssShockwave","Replay:SS_hec_2+1","TheCursedMod:Torture","TheCursedMod:CircleOfCorruption","TheCursedMod:VitalStrike","TheCursedMod:Hemoplague","TheCursedMod:FuryStrike","TheCursedMod:VoidForm+1","TheCursedMod:SmokeScreen","expansioncontent:StudyTheSpire+1","TheCursedMod:StunningStrike+1","TheCursedMod:SpitefulPlan","TheCursedMod:EmpowerCircles+1","TheCursedMod:BlessingInDisguise+1","TheCursedMod:ManaBullet","TheCursedMod:SmokeScreen+1","hubris:Greed","TheCursedMod:SurpriseAttack+1","TheCursedMod:OutForBlood+1","ReplayTheSpireMod:Faulty Equipment","hubris:Wrath","hubris:Greed","TheCursedMod:CircleOfAmplification","TheCursedMod:CircleOfCorruption","TheCursedMod:CircleOfFocus","hubris:Greed","TheCursedMod:FleshFromBone","TheCursedMod:SoulReap+1","hubris:Greed","TheCursedMod:CircleOfAmplification+1","TheCursedMod:Neurasthenia","hubris:Greed"],"relics":["TheCursedMod:BlackMagic101","Medical Kit","MerchantsRug","Pocketwatch","Replay:Rubber Ducky","Orichalcum","Peace Pipe","aspiration:FrozenJewel","ChewingGum","FaceOfCleric","hexamod:BolsterEngine","ReplayTheSpireMod:Shallot","Kintsugi","Replay:Arrowhead","aspiration:Lifesprig","conspire:BottledYoYo","Runesmith:AutoHammer"],"acts_visited":["Exordium","TheCity","TheBeyond"],"potions_floor_usage":[16,16,16,27,33,33,33,50,50,50],"damage_taken":[{"damage":1,"enemies":"Small Slimes","floor":1,"turns":6},{"damage":0,"enemies":"Jaw Worm","floor":3,"turns":6},{"damage":0,"enemies":"2 Louse","floor":8,"turns":3},{"damage":5,"enemies":"conspire:2 RoseBushes","floor":11,"turns":4},{"damage":0,"enemies":"2 Fungi Beasts","floor":12,"turns":2},{"damage":0,"enemies":"Gremlin Gang","floor":13,"turns":3},{"damage":0,"enemies":"3 Sentries","floor":14,"turns":8},{"damage":6,"enemies":"The Guardian","floor":16,"turns":8},{"damage":9,"enemies":"conspire:FuzzyDice","floor":18,"turns":5},{"damage":3,"enemies":"Spheric Guardian","floor":21,"turns":5},{"damage":0,"enemies":"Centurion and Healer","floor":22,"turns":9},{"damage":25,"enemies":"Slavers","floor":24,"turns":6},{"damage":0,"enemies":"Shelled Parasite and Fungi","floor":25,"turns":4},{"damage":2,"enemies":"Cultist and Chosen","floor":27,"turns":7},{"damage":0,"enemies":"Snake Plant","floor":28,"turns":5},{"damage":0,"enemies":"Centurion and Healer","floor":31,"turns":6},{"damage":0,"enemies":"Automaton","floor":33,"turns":14},{"damage":0,"enemies":"Orb Walker","floor":35,"turns":4},{"damage":0,"enemies":"3 Darklings","floor":38,"turns":5},{"damage":0,"enemies":"Mind Bloom Boss Battle","floor":39,"turns":8},{"damage":4,"enemies":"R_Hoarder","floor":40,"turns":8},{"damage":0,"enemies":"Jaw Worm Horde","floor":41,"turns":6},{"damage":0,"enemies":"Nemesis","floor":42,"turns":8},{"damage":0,"enemies":"R_Hoarder","floor":45,"turns":8},{"damage":4,"enemies":"Maw","floor":47,"turns":8},{"damage":98,"enemies":"hubris:GrandSnecko","floor":50,"turns":12}],"seed_played":"215543603503755632","potions_obtained":[{"floor":1,"key":"Languid Potion"},{"floor":11,"key":"champ:CounterPotion"},{"floor":14,"key":"Languid Potion"},{"floor":22,"key":"PowerPotion"},{"floor":24,"key":"EssenceOfSteel"},{"floor":25,"key":"EssenceOfSteel"},{"floor":28,"key":"Fire Potion"},{"floor":40,"key":"SpeedPotion"},{"floor":41,"key":"Weak Potion"},{"floor":47,"key":"Dexterity Potion"}],"is_trial":false,"path_per_floor":["M","?","M","?","?","R","T","M","T","?","M","M","M","E","R","B",null,"M","?","$","M","M","R","E","M","T","M","M","R","?","M","R","B",null,"M","?","?","M","?","E","M","E","T","?","E","R","M","?","R","B"],"character_chosen":"THE_CURSED","items_purchased":["Medical Kit","MerchantsRug","expansioncontent:DefensiveStance","TheCursedMod:Grudge","expansioncontent:StudyTheSpire","TheCursedMod:StunningStrike+1"],"campfire_rested":3,"item_purchase_floors":[0,0,0,0,20,20],"current_hp_per_floor":[33,33,33,33,33,55,55,55,55,55,50,50,50,50,72,66,75,66,66,66,64,65,65,41,42,42,41,42,66,66,67,67,68,83,84,84,84,85,86,83,84,86,86,86,92,92,89,89,89,0,0],"gold":1026,"neow_bonus":"","is_daily":false,"chose_seed":false,"campfire_upgraded":5,"win_rate":0.0,"timestamp":1609401583,"path_taken":["M","?","M","?","?","R","?","?","T","?","M","M","?","E","R","BOSS","M","?","$","?","?","R","E","M","T","M","M","R","?","M","R","BOSS","M","?","?","M","?","E","M","E","T","?","E","R","?","?","R","BOSS"],"items_purchased_type":["Relic","Relic","Card","Card","Card","Card"],"build_version":"2020-12-22","purchased_purges":0,"victory":false,"max_hp_per_floor":[75,75,75,75,75,75,75,75,75,75,75,75,75,75,75,75,75,75,75,75,76,77,77,78,79,79,80,81,81,81,82,82,83,83,84,84,84,85,86,87,88,89,89,89,92,92,93,93,93,95,95],"relic_stats":{"Peace Pipe":0,"FaceOfCleric":16,"counters":[79,396],"Orichalcum":[204],"Medical Kit":[34],"obtain_stats":[{"Ice Cream":12,"Calipers":0,"Boot":53,"Old Coin":40,"Ring of Searing":19,"HornCleat":11,"FaceOfCleric":19,"Philosopher\u0027s Stone":34,"MealTicket":9,"TheCursedMod:BlackMagic101":0,"MerchantsRug":20,"construct:RocketBooster":45,"Letter Opener":14,"aspiration:HiddenCompartment":23,"aspiration:FrozenJewel":25,"OrangePellets":13,"Replay:Baseball":20,"conspire:GiftBox":0,"ReplayTheSpireMod:Shallot":26,"Shuriken":44,"Molten Egg 2":9,"conspire:BottledYoYo":42,"Kintsugi":34,"StrikeDummy":20,"Meat on the Bone":28,"TheCursedMod:SoulVessel":44,"Pocketwatch":0,"aspiration:Lifesprig":40,"Singing Bowl":26,"Replay:Multitool":0,"conspire:InfiniteJournal":0,"Replay:Rubber Ducky":7,"Dream Catcher":28,"Red Mask":30,"hubris:GlazedTorus":54,"Lee\u0027s Waffle":20,"Runesmith:Nanobots":45,"aspiration:FetidBarrel":47,"Golden Idol":2,"Omamori":42,"TheCursedMod:MagicCandle":39,"Orichalcum":9,"Medical Kit":0,"Replay:Arrowhead":39,"Mercury Hourglass":2,"Peace Pipe":10,"sneckomod:BabySnecko":21,"Busted Crown":17,"TheCursedMod:OminousMark":34,"Ornamental Fan":43,"hubris:Spice":27,"Ring of Misfortune":19,"ChewingGum":17,"Bag of Marbles":48,"Durian":26,"Bottled Lightning":6,"Runesmith:AutoHammer":45,"hexamod:BolsterEngine":24},{"Ice Cream":6,"Calipers":0,"Boot":51,"Old Coin":21,"Ring of Searing":36,"HornCleat":5,"FaceOfCleric":62,"Philosopher\u0027s Stone":17,"MealTicket":32,"TheCursedMod:BlackMagic101":0,"MerchantsRug":36,"construct:RocketBooster":23,"Letter Opener":7,"aspiration:HiddenCompartment":39,"aspiration:FrozenJewel":40,"OrangePellets":6,"Replay:Baseball":36,"conspire:GiftBox":53,"ReplayTheSpireMod:Shallot":66,"Shuriken":22,"Molten Egg 2":4,"conspire:BottledYoYo":76,"Kintsugi":70,"StrikeDummy":10,"Meat on the Bone":13,"TheCursedMod:SoulVessel":22,"Pocketwatch":53,"aspiration:Lifesprig":74,"Singing Bowl":11,"Replay:Multitool":26,"conspire:InfiniteJournal":26,"Replay:Rubber Ducky":55,"Dream Catcher":41,"Red Mask":15,"hubris:GlazedTorus":52,"Lee\u0027s Waffle":36,"Runesmith:Nanobots":49,"aspiration:FetidBarrel":50,"Golden Idol":54,"Omamori":48,"TheCursedMod:MagicCandle":46,"Orichalcum":56,"Medical Kit":53,"Replay:Arrowhead":73,"Mercury Hourglass":1,"Peace Pipe":56,"sneckomod:BabySnecko":10,"Busted Crown":8,"TheCursedMod:OminousMark":43,"Ornamental Fan":22,"hubris:Spice":40,"Ring of Misfortune":36,"ChewingGum":61,"Bag of Marbles":25,"Durian":40,"Bottled Lightning":30,"Runesmith:AutoHammer":77,"hexamod:BolsterEngine":65},{"Ice Cream":22,"Calipers":0,"Boot":219,"Old Coin":89,"Ring of Searing":159,"HornCleat":17,"FaceOfCleric":273,"Philosopher\u0027s Stone":70,"MealTicket":136,"TheCursedMod:BlackMagic101":0,"MerchantsRug":159,"construct:RocketBooster":97,"Letter Opener":27,"aspiration:HiddenCompartment":168,"aspiration:FrozenJewel":172,"OrangePellets":22,"Replay:Baseball":159,"conspire:GiftBox":228,"ReplayTheSpireMod:Shallot":297,"Shuriken":92,"Molten Egg 2":14,"conspire:BottledYoYo":368,"Kintsugi":329,"StrikeDummy":45,"Meat on the Bone":55,"TheCursedMod:SoulVessel":92,"Pocketwatch":228,"aspiration:Lifesprig":354,"Singing Bowl":47,"Replay:Multitool":118,"conspire:InfiniteJournal":118,"Replay:Rubber Ducky":240,"Dream Catcher":175,"Red Mask":61,"hubris:GlazedTorus":223,"Lee\u0027s Waffle":159,"Runesmith:Nanobots":210,"aspiration:FetidBarrel":213,"Golden Idol":234,"Omamori":206,"TheCursedMod:MagicCandle":196,"Orichalcum":243,"Medical Kit":228,"Replay:Arrowhead":346,"Mercury Hourglass":3,"Peace Pipe":243,"sneckomod:BabySnecko":45,"Busted Crown":37,"TheCursedMod:OminousMark":184,"Ornamental Fan":92,"hubris:Spice":172,"Ring of Misfortune":159,"ChewingGum":268,"Bag of Marbles":107,"Durian":172,"Bottled Lightning":131,"Runesmith:AutoHammer":376,"hexamod:BolsterEngine":293}],"Pocketwatch":[122]},"card_choices":[{"not_picked":["TheCursedMod:ManaCirculation","TheCursedMod:CircleOfAbyss"],"picked":"TheCursedMod:CollectTribute","floor":0},{"not_picked":["TheCursedMod:EmpowerCircles","TheCursedMod:RavingStaff"],"picked":"TheCursedMod:WearCloak","floor":1},{"not_picked":["TheCursedMod:AshesToAshes","TheCursedMod:FuryStrike"],"picked":"TheCursedMod:AbyssShockwave","floor":3},{"not_picked":["Apotheosis","Chrysalis"],"picked":"Replay:SS_hec_2","floor":5},{"not_picked":["TheCursedMod:CursedBoomerang","TheCursedMod:Grudge"],"picked":"TheCursedMod:Torture","floor":8},{"not_picked":["TheCursedMod:Stretching","TheCursedMod:CursedBoomerang"],"picked":"TheCursedMod:CircleOfCorruption","floor":11},{"not_picked":["TheCursedMod:FleshFromBone","TheCursedMod:CursedBlade"],"picked":"TheCursedMod:VitalStrike","floor":12},{"not_picked":["TheCursedMod:SpitefulStrike","TheCursedMod:SoulCrush"],"picked":"TheCursedMod:Hemoplague","floor":13},{"not_picked":["TheCursedMod:ForbiddenAlchemy","TheCursedMod:AshesToAshes"],"picked":"TheCursedMod:FuryStrike","floor":14},{"not_picked":["TheCursedMod:DemonicPact","TheCursedMod:ManaCirculation"],"picked":"TheCursedMod:VoidForm","floor":16},{"not_picked":["TheCursedMod:RavingStaff","TheCursedMod:AshesToAshes"],"picked":"TheCursedMod:SmokeScreen","floor":18},{"not_picked":["TheCursedMod:CursedMace+1","TheCursedMod:CircleOfCorruption"],"picked":"TheCursedMod:SpitefulPlan","floor":21},{"not_picked":["TheCursedMod:CursedMace","TheCursedMod:WearCloak"],"picked":"TheCursedMod:EmpowerCircles+1","floor":22},{"not_picked":["TheCursedMod:Obscuration","TheCursedMod:FuryStrike+1"],"picked":"TheCursedMod:BlessingInDisguise+1","floor":24},{"not_picked":["TheCursedMod:CursedAmulet","TheCursedMod:SoulCrush+1"],"picked":"TheCursedMod:ManaBullet","floor":25},{"not_picked":["TheCursedMod:FuryStrike+1","TheCursedMod:Grudge","TheCursedMod:CursedArmor"],"picked":"SKIP","floor":27},{"not_picked":["TheCursedMod:CursedSpellbook+1","TheCursedMod:CursedStaff"],"picked":"TheCursedMod:SmokeScreen+1","floor":28},{"not_picked":["TheCursedMod:TacticalStrike","TheCursedMod:Wield+1"],"picked":"TheCursedMod:SurpriseAttack+1","floor":31},{"not_picked":["TheCursedMod:DarkBarrier","TheCursedMod:ManaCirculation"],"picked":"TheCursedMod:OutForBlood","floor":33},{"not_picked":["TheCursedMod:SmokeScreen+1","TheCursedMod:WearCloak+1"],"picked":"TheCursedMod:CircleOfAmplification","floor":35},{"not_picked":["TheCursedMod:Stretching","TheCursedMod:VitalStrike+1"],"picked":"TheCursedMod:CircleOfCorruption","floor":38},{"not_picked":["TheCursedMod:CursedMace+1","TheCursedMod:Torture+1"],"picked":"TheCursedMod:CircleOfFocus","floor":39},{"not_picked":["TheCursedMod:CircleOfFocus","TheCursedMod:BloodBarrier"],"picked":"TheCursedMod:FleshFromBone","floor":40},{"not_picked":["TheCursedMod:Evocation","TheCursedMod:SaltUponWound"],"picked":"TheCursedMod:SoulReap+1","floor":41},{"not_picked":["TheCursedMod:CursedAmulet","TheCursedMod:Wield+1","TheCursedMod:CollectTribute"],"picked":"SKIP","floor":42},{"not_picked":["TheCursedMod:Obscuration","TheCursedMod:TacticalStrike+1"],"picked":"TheCursedMod:CircleOfAmplification+1","floor":45},{"not_picked":["TheCursedMod:Obscuration+1","TheCursedMod:CursedMace"],"picked":"TheCursedMod:Neurasthenia","floor":47}],"player_experience":417206,"relics_obtained":[{"floor":7,"key":"Replay:Rubber Ducky"},{"floor":9,"key":"Orichalcum"},{"floor":14,"key":"aspiration:FrozenJewel"},{"floor":24,"key":"hexamod:BolsterEngine"},{"floor":26,"key":"ReplayTheSpireMod:Shallot"},{"floor":39,"key":"Replay:Arrowhead"},{"floor":40,"key":"aspiration:Lifesprig"},{"floor":42,"key":"conspire:BottledYoYo"},{"floor":45,"key":"Runesmith:AutoHammer"}],"event_choices":[{"damage_healed":0,"gold_gain":0,"player_choice":"Take Wound","damage_taken":0,"relics_obtained":["Golden Idol"],"max_hp_gain":0,"max_hp_loss":0,"event_name":"Golden Idol","floor":2,"gold_loss":0,"cards_obtained":["Injury"]},{"damage_healed":0,"gold_gain":1,"player_choice":"1","damage_taken":0,"max_hp_gain":0,"max_hp_loss":0,"event_name":"betterStone:BetterStone","floor":5,"gold_loss":0},{"damage_healed":0,"gold_gain":0,"player_choice":"Paid Gold","damage_taken":0,"relics_obtained":["Peace Pipe"],"max_hp_gain":0,"max_hp_loss":0,"event_name":"WeMeetAgain","floor":10,"gold_loss":96},{"damage_healed":0,"gold_gain":0,"player_choice":"Trade","damage_taken":0,"relics_obtained":["FaceOfCleric"],"max_hp_gain":0,"max_hp_loss":0,"event_name":"FaceTrader","floor":19,"gold_loss":0},{"cards_removed":["TheCursedMod:Defend_TheCursed"],"damage_healed":0,"gold_gain":0,"player_choice":"Upgrade and Remove","damage_taken":0,"max_hp_gain":0,"max_hp_loss":0,"event_name":"Designer","floor":30,"gold_loss":90,"cards_upgraded":["expansioncontent:StudyTheSpire"]},{"damage_healed":0,"gold_gain":333,"player_choice":"Gave Idol","damage_taken":0,"max_hp_gain":0,"max_hp_loss":0,"event_name":"The Moai Head","floor":36,"relics_lost":["Golden Idol"],"gold_loss":0},{"damage_healed":0,"gold_gain":0,"player_choice":"Leave","damage_taken":0,"max_hp_gain":0,"max_hp_loss":0,"event_name":"conspire:Investor","floor":37,"gold_loss":0},{"damage_healed":0,"gold_gain":0,"player_choice":"Fight","damage_taken":0,"max_hp_gain":0,"max_hp_loss":0,"event_name":"MindBloom","floor":39,"gold_loss":0},{"damage_healed":0,"gold_gain":0,"player_choice":"Ignored","damage_taken":0,"max_hp_gain":0,"max_hp_loss":0,"event_name":"Transmorgrifier","floor":44,"gold_loss":0},{"cards_removed":["TheCursedMod:Strike_TheCursed"],"damage_healed":0,"gold_gain":0,"player_choice":"Removed Attack","damage_taken":0,"max_hp_gain":0,"max_hp_loss":0,"event_name":"Falling","floor":48,"gold_loss":0}],"is_beta":false,"boss_relics":[{"not_picked":["Astrolabe","Runic Dome"],"picked":"ChewingGum"},{"not_picked":["aspiration:RitualDagger","Snecko Eye"],"picked":"Kintsugi"}],"items_purged_floors":[],"is_endless":false,"potions_floor_spawned":[1,11,14,22,24,25,28,40,41,47],"killed_by":"hubris:GrandSnecko","ascension_level":2}}