{"host":"9n6i2vl93jt4o42q","time":1609423225,"event":{"mods":["BaseMod","Minty Spire (QoL Compilation)","Relic Stats"],"gold_per_floor":[116,116,130,146,165,165,195,195,195,228,303,322,322,302,302,373,423,442,462,6,25,25,25,25,25],"floor_reached":24,"playtime":1149,"items_purged":["Strike_R"],"score":450,"play_id":"cdf583f6-5f9b-4826-aa2f-7cea0d356e39","local_time":"20201231150025","is_ascension_mode":true,"campfire_choices":[{"data":"Anger","floor":6,"key":"SMITH"},{"data":"Armaments","floor":8,"key":"SMITH"},{"floor":13,"key":"REST"},{"data":"Pommel Strike","floor":15,"key":"SMITH"},{"data":"Bludgeon","floor":23,"key":"SMITH"}],"circlet_count":0,"master_deck":["AscendersBane","Strike_R","Strike_R","Strike_R+1","Defend_R","Defend_R","Defend_R","Defend_R","Bash+1","Flex","Ghostly Armor","Dropkick","Pommel Strike+1","Anger+1","Armaments+1","Shrug It Off","Bludgeon+1","Twin Strike","Dropkick","Cleave","Offering"],"relics":["Burning Blood","Torii","Kunai","Paper Frog","Tiny House","Blood Vial","Frozen Eye"],"acts_visited":["Exordium","TheCity"],"potions_floor_usage":[7,21,24],"damage_taken":[{"damage":10,"enemies":"Small Slimes","floor":1,"turns":3},{"damage":2,"enemies":"Cultist","floor":3,"turns":4},{"damage":7,"enemies":"Jaw Worm","floor":4,"turns":3},{"damage":2,"enemies":"2 Fungi Beasts","floor":5,"turns":3},{"damage":45,"enemies":"3 Sentries","floor":7,"turns":9},{"damage":0,"enemies":"Gremlin Nob","floor":10,"turns":3},{"damage":11,"enemies":"Exordium Thugs","floor":12,"turns":7},{"damage":41,"enemies":"Slime Boss","floor":16,"turns":10},{"damage":12,"enemies":"Chosen","floor":18,"turns":3},{"damage":60,"enemies":"3 Byrds","floor":19,"turns":7},{"damage":17,"enemies":"Snake Plant","floor":21,"turns":3},{"damage":42,"enemies":"Slavers","floor":24,"turns":2}],"seed_played":"-2727996618894834849","potions_obtained":[{"floor":1,"key":"LiquidBronze"},{"floor":5,"key":"Weak Potion"},{"floor":7,"key":"SmokeBomb"},{"floor":10,"key":"Dexterity Potion"},{"floor":14,"key":"FairyPotion"},{"floor":17,"key":"DuplicationPotion"},{"floor":21,"key":"PowerPotion"}],"is_trial":false,"path_per_floor":["M","?","M","M","M","R","E","R","T","E","?","M","R","?","R","B",null,"M","M","$","M","?","R","E"],"character_chosen":"IRONCLAD","items_purchased":["Blood Vial","Frozen Eye","Fire Potion"],"campfire_rested":1,"item_purchase_floors":[20,20,20],"current_hp_per_floor":[64,64,68,67,71,71,32,32,32,38,27,22,44,44,44,9,64,58,28,28,19,35,35,0,0],"gold":25,"neow_bonus":"UPGRADE_CARD","is_daily":false,"chose_seed":false,"campfire_upgraded":4,"win_rate":0.0,"timestamp":1609423225,"path_taken":["M","?","M","M","?","R","E","R","T","E","?","M","R","?","R","BOSS","M","M","$","M","?","R","E"],"items_purchased_type":["Relic","Relic","Potion"],"build_version":"2020-12-22","purchased_purges":1,"victory":false,"max_hp_per_floor":[75,75,75,75,75,75,75,75,75,75,75,75,75,75,75,75,80,80,80,80,80,80,80,80,80],"relic_stats":{"Blood Vial":4,"Torii":23,"counters":[12,57],"Kunai":[10],"obtain_stats":[{"Blood Vial":20,"Frozen Eye":20,"Tiny House":17,"Torii":7,"Kunai":9,"Burning Blood":0,"Paper Frog":10},{"Blood Vial":10,"Frozen Eye":10,"Tiny House":8,"Torii":5,"Kunai":5,"Burning Blood":0,"Paper Frog":6},{"Blood Vial":52,"Frozen Eye":52,"Tiny House":42,"Torii":22,"Kunai":22,"Burning Blood":0,"Paper Frog":25}],"Burning Blood":66},"card_choices":[{"not_picked":["Shockwave","Dark Embrace"],"picked":"Flex","floor":1},{"not_picked":["Inflame","Rampage"],"picked":"Dropkick","floor":3},{"not_picked":["Pummel","Entrench"],"picked":"Pommel Strike","floor":4},{"not_picked":["Flex","Spot Weakness"],"picked":"Anger","floor":5},{"not_picked":["Barricade","Flame Barrier"],"picked":"Armaments","floor":7},{"not_picked":["Heavy Blade","Second Wind","Exhume"],"picked":"SKIP","floor":10},{"not_picked":["True Grit","Sword Boomerang"],"picked":"Shrug It Off","floor":12},{"not_picked":["Fiend Fire","Berserk"],"picked":"Bludgeon","floor":16},{"not_picked":["Heavy Blade","Warcry"],"picked":"Twin Strike","floor":17},{"not_picked":["Clothesline","Pommel Strike"],"picked":"Dropkick","floor":18},{"not_picked":["Sword Boomerang","Uppercut"],"picked":"Cleave","floor":19},{"not_picked":["Sword Boomerang+1","Wild Strike"],"picked":"Offering","floor":21}],"player_experience":1999975,"relics_obtained":[{"floor":7,"key":"Torii"},{"floor":9,"key":"Kunai"},{"floor":10,"key":"Paper Frog"}],"event_choices":[{"damage_healed":0,"gold_gain":0,"cards_transformed":["Strike_R"],"player_choice":"Transformed","damage_taken":0,"max_hp_gain":0,"max_hp_loss":0,"event_name":"Transmorgrifier","floor":2,"gold_loss":0,"cards_obtained":["Ghostly Armor"]},{"damage_healed":0,"gold_gain":75,"player_choice":"Gather Gold","damage_taken":11,"max_hp_gain":0,"max_hp_loss":0,"event_name":"World of Goop","floor":11,"gold_loss":0},{"damage_healed":0,"gold_gain":0,"player_choice":"Bought 1 Potion","damage_taken":0,"max_hp_gain":0,"max_hp_loss":0,"event_name":"The Woman in Blue","floor":14,"gold_loss":0},{"damage_healed":16,"gold_gain":0,"player_choice":"Heal","damage_taken":0,"max_hp_gain":0,"max_hp_loss":0,"event_name":"The Library","floor":22,"gold_loss":0}],"is_beta":false,"boss_relics":[{"not_picked":["Black Star","Snecko Eye"],"picked":"Tiny House"}],"items_purged_floors":[20],"is_endless":false,"potions_floor_spawned":[1,5,7,10,21],"killed_by":"Slavers","ascension_level":19}}