{"host":"gttgmv2wah99hzdm","time":1609394406,"event":{"mods":["AchievementEnabler","BaseMod","Bestiary","Block Reminder","Filter the Spire","Minty Spire (QoL Compilation)","Relic Stats","ojb\u0027s Better Paths Mod","ojb\u0027s Info Mod"],"gold_per_floor":[114,133,146,165,165,165,185,185,231,259,302,314,326,372,384,470,482,511,543,565,594,626,638,683,695,707,719,719],"floor_reached":27,"playtime":1781,"items_purged":[],"score":494,"play_id":"c64b09c5-fef8-48de-afec-25a33ea1658f","local_time":"20201231000006","is_ascension_mode":true,"campfire_choices":[{"floor":6.0,"key":"REST"},{"floor":13,"key":"REST"},{"floor":15,"key":"REST"},{"floor":23,"key":"REST"},{"floor":25,"key":"REST"}],"circlet_count":0,"master_deck":["AscendersBane","Strike_R","Strike_R","Strike_R+1","Strike_R","Defend_R","Defend_R","Defend_R","Defend_R","Bash","Inflame","Flame Barrier","Flame Barrier+1","Perfected Strike","Pummel","Sword Boomerang","Shockwave+1","Demon Form","Armaments+1","Pommel Strike"],"relics":["Fusion Hammer","MawBank","Toxic Egg 2","Oddly Smooth Stone","Black Star","Mercury Hourglass","Bird Faced Urn","The Courier"],"acts_visited":["Exordium","TheCity"],"potions_floor_usage":[10,11,14,19,19,19,24,24],"damage_taken":[{"damage":1.0,"enemies":"Cultist","floor":1.0,"turns":3.0},{"damage":3.0,"enemies":"2 Louse","floor":2.0,"turns":3.0},{"damage":7.0,"enemies":"Jaw Worm","floor":3.0,"turns":3.0},{"damage":15.0,"enemies":"Lots of Slimes","floor":4.0,"turns":5.0},{"damage":13,"enemies":"3 Louse","floor":7,"turns":4},{"damage":12,"enemies":"Large Slime","floor":10,"turns":3},{"damage":3,"enemies":"Lagavulin","floor":11,"turns":6},{"damage":5,"enemies":"3 Sentries","floor":14,"turns":4},{"damage":51,"enemies":"The Guardian","floor":16,"turns":12},{"damage":6,"enemies":"Spheric Guardian","floor":18,"turns":5},{"damage":10,"enemies":"2 Thieves","floor":19,"turns":4},{"damage":16,"enemies":"Snake Plant","floor":20,"turns":4},{"damage":21,"enemies":"Snecko","floor":21,"turns":4},{"damage":3,"enemies":"3 Cultists","floor":22,"turns":6},{"damage":50,"enemies":"Book of Stabbing","floor":24,"turns":6},{"damage":29,"enemies":"Sentry and Sphere","floor":27,"turns":5}],"seed_played":"5999529906125042155","potions_obtained":[{"floor":2.0,"key":"Weak Potion"},{"floor":4.0,"key":"BloodPotion"},{"floor":10,"key":"AttackPotion"},{"floor":14,"key":"BloodPotion"},{"floor":16,"key":"EntropicBrew"},{"floor":20,"key":"ElixirPotion"},{"floor":22,"key":"Regen Potion"}],"is_trial":false,"path_per_floor":["M","M","M","M","?","R","M","?","T","M","E","$","R","E","R","B",null,"M","M","M","M","M","R","E","R","T","M"],"character_chosen":"IRONCLAD","items_purchased":[],"campfire_rested":5,"item_purchase_floors":[],"current_hp_per_floor":[67,64,57,42,19,41,28,21,21,24,21,21,43,38,60,9,59,53,58,42,21,18,40,5,27,27,0,0],"gold":719,"neow_bonus":"BOSS_RELIC","is_daily":false,"chose_seed":false,"campfire_upgraded":0,"win_rate":0.0,"timestamp":1609394406,"path_taken":["M","?","M","M","?","R","M","?","T","M","E","?","R","E","R","BOSS","M","?","M","M","M","R","E","R","T","M"],"items_purchased_type":[],"build_version":"2020-12-22","purchased_purges":0,"victory":false,"max_hp_per_floor":[75,75,75,75,75,75,75,75,75,75,75,75,75,75,75,75,75,75,75,75,75,75,75,75,75,75,75,75],"relic_stats":{"counters":[16,77],"Bird Faced Urn":[2],"Black Star":1,"MawBank":216,"obtain_stats":[{"Bird Faced Urn":24,"Oddly Smooth Stone":14,"Fusion Hammer":0,"The Courier":26,"Black Star":17,"Toxic Egg 2":11,"MawBank":9,"Burning Blood":0,"Mercury Hourglass":24},{"Bird Faced Urn":15,"Oddly Smooth Stone":8,"Fusion Hammer":0,"The Courier":15,"Black Star":9,"Toxic Egg 2":7,"MawBank":5,"Burning Blood":0,"Mercury Hourglass":15},{"Bird Faced Urn":72,"Oddly Smooth Stone":31,"Fusion Hammer":0,"The Courier":72,"Black Star":43,"Toxic Egg 2":27,"MawBank":18,"Burning Blood":0,"Mercury Hourglass":72}],"Mercury Hourglass":[6]},"card_choices":[{"not_picked":["Thunderclap","Evolve","Sentinel"],"picked":"SKIP","floor":1.0},{"not_picked":["Iron Wave","Perfected Strike"],"picked":"Inflame","floor":2.0},{"not_picked":["Havoc","Burning Pact"],"picked":"Flame Barrier","floor":3.0},{"not_picked":["Seeing Red","Rupture"],"picked":"Flame Barrier","floor":4.0},{"not_picked":["Power Through","Burning Pact"],"picked":"Perfected Strike","floor":7},{"not_picked":["Entrench","Havoc"],"picked":"Pummel","floor":10},{"not_picked":["Shrug It Off+1","Fire Breathing"],"picked":"Sword Boomerang","floor":11},{"not_picked":["Shrug It Off+1","Offering+1"],"picked":"Shockwave+1","floor":14},{"not_picked":["Fiend Fire","Offering+1"],"picked":"Demon Form","floor":16},{"not_picked":["Perfected Strike","Blood for Blood","Fire Breathing"],"picked":"SKIP","floor":18},{"not_picked":["Clash","Sword Boomerang"],"picked":"Armaments+1","floor":19},{"not_picked":["Anger","Armaments+1","Brutality"],"picked":"SKIP","floor":20},{"not_picked":["Clash","Armaments+1"],"picked":"Pommel Strike","floor":21},{"not_picked":["Body Slam","Fire Breathing","Perfected Strike"],"picked":"SKIP","floor":22},{"not_picked":["Offering+1","Cleave","Combust"],"picked":"SKIP","floor":24}],"player_experience":1045509,"relics_obtained":[{"floor":9,"key":"MawBank"},{"floor":11,"key":"Toxic Egg 2"},{"floor":14,"key":"Oddly Smooth Stone"},{"floor":24,"key":"Mercury Hourglass"},{"floor":24,"key":"Bird Faced Urn"},{"floor":26,"key":"The Courier"}],"event_choices":[{"damage_healed":0.0,"max_hp_gain":0.0,"max_hp_loss":0.0,"gold_gain":0.0,"event_name":"Shining Light","player_choice":"Entered Light","floor":5.0,"gold_loss":0.0,"damage_taken":23.0,"cards_upgraded":["Flame Barrier","Strike_R"]},{"cards_removed":["Strike_R"],"damage_healed":0,"gold_gain":0,"player_choice":"Card Removal","damage_taken":7,"max_hp_gain":0,"max_hp_loss":0,"event_name":"Golden Wing","floor":8,"gold_loss":0}],"is_beta":false,"boss_relics":[{"not_picked":["Coffee Dripper","Ectoplasm"],"picked":"Black Star"}],"items_purged_floors":[],"is_endless":false,"potions_floor_spawned":[2,4,10,14,16,20,22],"killed_by":"Sentry and Sphere","ascension_level":20}}