{"host":"aplcfi4424y88z9j","time":1609452169,"event":{"mods":["BaseMod","Better Third Choice","Colored Map","Downfall","Highlight Path","Minty Spire (QoL Compilation)","Replay The Spire","StSLib"],"gold_per_floor":[99,118,135,135,146,246,271,285,210,66,66,66,97,97,112,232,232,232,242,302,314,264,389,416,452,487,499,517,570,495,531,571,674,674,599,634,392,392,436,487,511,361,395,395,426,440,480,274,336,361,361,361,361,361],"floor_reached":52,"playtime":4907,"items_purged":["champ:Strike"],"score":915,"play_id":"9ec13412-53e1-40f6-9642-3a98da06cfc7","local_time":"20201231220249","is_ascension_mode":true,"campfire_choices":[{"data":"champ:Taunt","floor":1,"key":"SMITH"},{"floor":9,"key":"REST"},{"data":"HandOfGreed","floor":12,"key":"SMITH"},{"data":"Writhe","floor":18,"key":"PURGE"},{"floor":30,"key":"RECALL"},{"data":"champ:FocusedGladiator","floor":35,"key":"SMITH"},{"data":"champ:SwordSigil","floor":44,"key":"SMITH"}],"circlet_count":0,"master_deck":["champ:Strike","champ:Strike","champ:Strike","champ:Defend","champ:Defend","champ:Defend","champ:Defend","champ:Execute","champ:Taunt+1","champ:ShieldSigil","champ:HoldFirm","champ:Control","champ:Haymaker","champ:Taunt","Dark Shackles","champ:FocusedGladiator+1","champ:SwordSigil+1","HandOfGreed+1","expansioncontent:GuardianWhirl","champ:Devastate","AbeCurse","champ:SwordSigil+1","champ:Balance","champ:FlashCut","champ:SwordSigil","champ:BerserkersShout","champ:Lariat+1"],"relics":["Busted Crown","downfall:GremlinSack","downfall:HeartBlessingBlue","ReplayTheSpireMod:ShopPack","Letter Opener","Abe\u0027s Treasure","Thread and Needle","Replay:WaspNest","Strawberry","ReplayTheSpireMod:Lightbulb","ReplayFunnel","downfall:HeartBlessingGreen","ChewingGum","downfall:HeartBlessingRed","Guardian:PocketSentry","Lantern","Pet Ghost","Membership Card","CaptainsWheel","InkBottle","Du-Vu Doll","Singing Bowl","Replay:Multitool"],"acts_visited":["Exordium","TheCity","TheBeyond","TheEnding"],"potions_floor_usage":[6,6,8,20,21,25,26,29,29,43],"damage_taken":[{"damage":5,"enemies":"2 Louse","floor":2,"turns":2},{"damage":30,"enemies":"Cultist","floor":3,"turns":4},{"damage":14,"enemies":"Small Slimes","floor":5,"turns":5},{"damage":70,"enemies":"Small Slimes","floor":6,"turns":5},{"damage":20,"enemies":"Gremlin Gang","floor":8,"turns":10},{"damage":4,"enemies":"downfall:FleeingMerchant","floor":10,"turns":4},{"damage":15,"enemies":"Gremlin Nob","floor":13,"turns":3},{"damage":17,"enemies":"Large Slime","floor":15,"turns":4},{"damage":48,"enemies":"downfall:Ironclad","floor":16,"turns":9},{"damage":39,"enemies":"Spheric Guardian","floor":19,"turns":4},{"damage":12,"enemies":"3 Cultists","floor":20,"turns":5},{"damage":62,"enemies":"Sentry and Sphere","floor":21,"turns":6},{"damage":14,"enemies":"downfall:CharBossIronclad","floor":23,"turns":4},{"damage":12,"enemies":"Centurion and Healer","floor":25,"turns":8},{"damage":11,"enemies":"Book of Stabbing","floor":26,"turns":5},{"damage":50,"enemies":"Shelled Parasite and Fungi","floor":27,"turns":4},{"damage":9,"enemies":"3 Cultists","floor":28,"turns":2},{"damage":3,"enemies":"Slavers","floor":29,"turns":2},{"damage":2,"enemies":"Snake Plant","floor":31,"turns":4},{"damage":0,"enemies":"Cultist and Chosen","floor":32,"turns":7},{"damage":38,"enemies":"downfall:Silent","floor":33,"turns":4},{"damage":18,"enemies":"3 Shapes","floor":36,"turns":2},{"damage":20,"enemies":"downfall:FleeingMerchant","floor":37,"turns":4},{"damage":9,"enemies":"Orb Walker","floor":39,"turns":4},{"damage":38,"enemies":"R_Hoarder","floor":40,"turns":5},{"damage":39,"enemies":"downfall:FleeingMerchant","floor":42,"turns":2},{"damage":43,"enemies":"Reptomancer","floor":43,"turns":3},{"damage":27,"enemies":"Nemesis","floor":45,"turns":5},{"damage":31,"enemies":"Transient","floor":46,"turns":5},{"damage":20,"enemies":"Spire Growth","floor":47,"turns":4},{"damage":26,"enemies":"Jaw Worm Horde","floor":49,"turns":3},{"damage":27,"enemies":"downfall:Defect","floor":50,"turns":6},{"damage":129,"enemies":"downfall:CharBossMerchant","floor":52,"turns":7}],"seed_played":"-5695096454877282518","potions_obtained":[{"floor":4,"key":"champ:TechniquePotion"},{"floor":4,"key":"Energy Potion"},{"floor":4,"key":"Regen Potion"},{"floor":6,"key":"SteroidPotion"},{"floor":13,"key":"Elixir"},{"floor":15,"key":"Cursed Concoction"},{"floor":19,"key":"AttackPotion"},{"floor":21,"key":"FearPotion"},{"floor":27,"key":"BlessingOfTheForge"},{"floor":28,"key":"SteroidPotion"},{"floor":31,"key":"champ:CounterPotion"},{"floor":32,"key":"Energy Potion"},{"floor":40,"key":"ColorlessPotion"},{"floor":43,"key":"Dexterity Potion"}],"is_trial":false,"path_per_floor":["R","M","M","?","M","?","T","M","R","$","?","R","E","?","M","B",null,"R_BF","M","M","M","?","?","T","M","E","M","M","E","R","M","M","B",null,"R","M","$","?","M","E","T","$","E","R","E","M","M","?","M","B",null,"E"],"character_chosen":"THE_CHAMP","items_purchased":["ReplayTheSpireMod:ShopPack","Guardian:PocketSentry","champ:SwordSigil","Membership Card","CaptainsWheel","champ:BerserkersShout","InkBottle","Replay:Multitool","CultistPotion"],"campfire_rested":1,"item_purchase_floors":[10,37,37,42,42,42,42,48,48],"current_hp_per_floor":[90,85,74,74,65,41,41,31,71,71,71,71,69,69,61,29,100,100,70,74,34,69,59,66,70,63,47,51,48,48,50,54,53,107,107,89,93,93,93,84,84,84,82,82,75,77,77,77,79,79,115,0,0,0],"gold":361,"neow_bonus":"BOSS_RELIC","is_daily":false,"chose_seed":false,"campfire_upgraded":4,"win_rate":0.0,"timestamp":1609452169,"path_taken":["R","M","M","?","?","?","T","?","R","$","?","R","E","?","M","BOSS","R_BF","M","M","M","?","?","T","M","E","M","M","E","R","M","M","BOSS","R","M","$","?","M","E","T","$","E","R","E","M","M","?","M","BOSS","E"],"items_purchased_type":["Relic","Relic","Card","Relic","Relic","Card","Relic","Relic","Potion"],"build_version":"2020-12-22","purchased_purges":1,"victory":false,"max_hp_per_floor":[90,90,90,90,90,90,90,90,100,100,100,100,100,100,100,100,100,100,100,100,100,100,100,107,107,107,107,107,107,107,107,107,107,107,107,107,107,107,107,107,107,107,107,107,109,111,113,113,115,115,115,115,115,115],"card_choices":[{"not_picked":[],"picked":"champ:ShieldSigil","floor":2},{"not_picked":["champ:EnragedBash"],"picked":"SKIP","floor":3},{"not_picked":["champ:ViciousMockery"],"picked":"SKIP","floor":5},{"not_picked":[],"picked":"champ:FocusedGladiator","floor":6},{"not_picked":["champ:AdrenalArmor"],"picked":"SKIP","floor":8},{"not_picked":[],"picked":"champ:SwordSigil","floor":10},{"not_picked":[],"picked":"HandOfGreed","floor":10},{"not_picked":[],"picked":"Bandage Up","floor":10},{"not_picked":[],"picked":"expansioncontent:GuardianWhirl","floor":10},{"not_picked":["champ:AdrenalArmor"],"picked":"SKIP","floor":13},{"not_picked":["champ:Haymaker"],"picked":"SKIP","floor":15},{"not_picked":[],"picked":"champ:Devastate","floor":16},{"not_picked":[],"picked":"champ:SwordSigil","floor":19},{"not_picked":["champ:EnragedBash"],"picked":"SKIP","floor":20},{"not_picked":[],"picked":"champ:Balance","floor":21},{"not_picked":[],"picked":"champ:FlashCut","floor":23},{"not_picked":["champ:ShieldSigil"],"picked":"SKIP","floor":25},{"not_picked":["champ:StanceDance"],"picked":"SKIP","floor":26},{"not_picked":["champ:ShieldSigil"],"picked":"SKIP","floor":27},{"not_picked":["champ:EnGarde"],"picked":"SKIP","floor":28},{"not_picked":["champ:StanceDance"],"picked":"SKIP","floor":29},{"not_picked":["champ:SkillfulDodge"],"picked":"SKIP","floor":31},{"not_picked":["champ:StanceDance"],"picked":"SKIP","floor":32},{"not_picked":["champ:Shatter+1"],"picked":"SKIP","floor":36},{"not_picked":["champ:FlashCut"],"picked":"SKIP","floor":37},{"not_picked":["champ:FlashCut"],"picked":"SKIP","floor":39},{"not_picked":["champ:Shatter+1"],"picked":"SKIP","floor":40},{"not_picked":["champ:Encircle"],"picked":"SKIP","floor":42},{"not_picked":[],"picked":"champ:Lariat+1","floor":43},{"not_picked":["champ:CheapShot"],"picked":"Singing Bowl","floor":45},{"not_picked":["champ:AdrenalArmor+1"],"picked":"Singing Bowl","floor":46},{"not_picked":["champ:RisingSlash+1"],"picked":"Singing Bowl","floor":47},{"not_picked":["champ:GutPunch+1"],"picked":"Singing Bowl","floor":49}],"player_experience":362726,"relics_obtained":[{"floor":6,"key":"downfall:GremlinSack"},{"floor":13,"key":"Letter Opener"},{"floor":23,"key":"Thread and Needle"},{"floor":23,"key":"Replay:WaspNest"},{"floor":24,"key":"Strawberry"},{"floor":26,"key":"ReplayTheSpireMod:Lightbulb"},{"floor":29,"key":"ReplayFunnel"},{"floor":40,"key":"Lantern"},{"floor":41,"key":"Pet Ghost"},{"floor":43,"key":"Du-Vu Doll"},{"floor":45,"key":"Singing Bowl"}],"event_choices":[{"damage_healed":0,"gold_gain":0,"player_choice":"Got Potions","damage_taken":0,"max_hp_gain":0,"max_hp_loss":0,"event_name":"Lab","floor":4,"gold_loss":0},{"damage_healed":0,"gold_gain":0,"player_choice":"Forge","damage_taken":0,"max_hp_gain":0,"max_hp_loss":0,"event_name":"Accursed Blacksmith","floor":14,"gold_loss":0,"cards_upgraded":["champ:SwordSigil"]},{"cards_removed":["Bandage Up"],"damage_healed":0,"gold_gain":0,"player_choice":"Removed Skill","damage_taken":0,"max_hp_gain":0,"max_hp_loss":0,"event_name":"Falling","floor":38,"gold_loss":0}],"is_beta":false,"boss_relics":[{"not_picked":["Cursed Key","Velvet Choker"],"picked":"Abe\u0027s Treasure"},{"not_picked":["Honey Jar","Kintsugi"],"picked":"ChewingGum"}],"items_purged_floors":[42],"is_endless":false,"potions_floor_spawned":[6,13,15,16,19,21,27,28,31,32,40,43,46,47],"killed_by":"downfall:CharBossMerchant","ascension_level":2}}