{"host":"dw2ay8i719i7xlef","time":1609373928,"event":{"mods":["BaseMod","Minty Spire (QoL Compilation)"],"gold_per_floor":[111,211,231,249,249,249,284,284,337,337,370,387,406,431,431,527,527,538,463,476,486,502,827,827,827,853,853,878,10,42,60,60,155,155,172,72,24,44,59,59,0,0,0,0,31,41,56,4,4,4],"floor_reached":51,"playtime":10825,"items_purged":["Strike_R","Decay"],"score":1363,"play_id":"16dd65b2-f142-405a-8629-56a86985fd18","local_time":"20201230181848","is_ascension_mode":true,"campfire_choices":[{"data":"Armaments","floor":6.0,"key":"SMITH"},{"floor":8.0,"key":"REST"},{"data":"Demon Form","floor":15.0,"key":"SMITH"},{"data":"Feed","floor":27.0,"key":"SMITH"},{"floor":32,"key":"REST"},{"data":"Flame Barrier","floor":40,"key":"SMITH"},{"data":"Flame Barrier","floor":42,"key":"SMITH"},{"data":"Uppercut","floor":44,"key":"SMITH"},{"data":"Disarm","floor":49,"key":"SMITH"}],"circlet_count":0,"master_deck":["AscendersBane","Strike_R","Strike_R","Defend_R","Defend_R","Defend_R","Defend_R","Bash+1","Iron Wave","Thunderclap","Armaments+1","Metallicize","Inflame","Uppercut+1","Cleave","Armaments","Demon Form+1","Feed+1","Disarm+1","Uppercut+1","Iron Wave+1","Flame Barrier+1","Flame Barrier+1","Rage","Iron Wave+1","Shrug It Off","Corruption","Shrug It Off+1","Heavy Blade+1"],"relics":["Burning Blood","Orichalcum","Anchor","Prayer Wheel","Regal Pillow","Bottled Tornado","Cursed Key","Old Coin","Potion Belt","StrikeDummy","FossilizedHelix","TheAbacus","Molten Egg 2","Lantern","Snecko Eye","Red Mask","Frozen Egg 2"],"acts_visited":["Exordium","TheCity","TheBeyond"],"potions_floor_usage":[30,30,47,50,50,50],"damage_taken":[{"damage":4.0,"enemies":"Jaw Worm","floor":1.0,"turns":4.0},{"damage":1.0,"enemies":"Cultist","floor":3.0,"turns":3.0},{"damage":1.0,"enemies":"2 Louse","floor":4.0,"turns":2.0},{"damage":53.0,"enemies":"Lagavulin","floor":7.0,"turns":7.0},{"damage":20.0,"enemies":"Gremlin Nob","floor":11.0,"turns":5.0},{"damage":0.0,"enemies":"Exordium Wildlife","floor":12.0,"turns":4.0},{"damage":6.0,"enemies":"Exordium Thugs","floor":13.0,"turns":5.0},{"damage":3.0,"enemies":"3 Sentries","floor":14.0,"turns":7.0},{"damage":11.0,"enemies":"Hexaghost","floor":16.0,"turns":8.0},{"damage":0.0,"enemies":"Spheric Guardian","floor":18.0,"turns":3.0},{"damage":21.0,"enemies":"2 Thieves","floor":20.0,"turns":4.0},{"damage":21.0,"enemies":"Sentry and Sphere","floor":21.0,"turns":5.0},{"damage":13.0,"enemies":"Shelled Parasite and Fungi","floor":22.0,"turns":5.0},{"damage":42.0,"enemies":"Slavers","floor":23.0,"turns":7.0},{"damage":17.0,"enemies":"Book of Stabbing","floor":28.0,"turns":6.0},{"damage":11,"enemies":"Slavers","floor":30,"turns":5},{"damage":0,"enemies":"Snake Plant","floor":31,"turns":4},{"damage":26,"enemies":"Collector","floor":33,"turns":10},{"damage":6,"enemies":"3 Darklings","floor":35,"turns":4},{"damage":1,"enemies":"Orb Walker","floor":38,"turns":6},{"damage":0,"enemies":"Spire Growth","floor":39,"turns":7},{"damage":0,"enemies":"Giant Head","floor":45,"turns":6},{"damage":0,"enemies":"Writhing Mass","floor":46,"turns":5},{"damage":0,"enemies":"4 Shapes","floor":47,"turns":5},{"damage":0,"enemies":"Time Eater","floor":50,"turns":7}],"seed_played":"5467991389400812700","potions_obtained":[{"floor":1.0,"key":"Strength Potion"},{"floor":7.0,"key":"SpeedPotion"},{"floor":13.0,"key":"AttackPotion"},{"floor":14.0,"key":"BloodPotion"},{"floor":18.0,"key":"ElixirPotion"},{"floor":21.0,"key":"Fruit Juice"},{"floor":23.0,"key":"PowerPotion"},{"floor":30,"key":"ColorlessPotion"},{"floor":45,"key":"FearPotion"},{"floor":46,"key":"Ancient Potion"}],"is_trial":false,"path_per_floor":["M","?","M","M","?","R","E","R","T","T","E","M","M","E","R","B",null,"M","?","M","M","M","E","?","?","T","R","E","$","E","M","R","B",null,"M","$","$","M","M","R","?","R","T","R","E","M","M","$","R","B",null],"character_chosen":"IRONCLAD","items_purchased":["FossilizedHelix","TheAbacus","Molten Egg 2","BlessingOfTheForge","Iron Wave+1","BloodPotion","SteroidPotion"],"campfire_rested":2,"item_purchase_floors":[29,29,29,29,29,37,48],"current_hp_per_floor":[74,74,79,80,80,80,33,57,57,57,43,49,49,52,52,47,72,78,78,66,59,55,41,41,41,41,41,30,30,29,35,80,64,96,100,100,100,109,114,114,114,114,114,114,118,122,126,126,126,126],"gold":4,"neow_bonus":"UPGRADE_CARD","is_daily":false,"chose_seed":false,"campfire_upgraded":7,"win_rate":0.0,"timestamp":1609373928,"path_taken":["M","?","?","?","?","R","E","R","T","?","E","M","M","E","R","BOSS","M","?","M","M","M","E","?","?","T","R","E","$","E","M","R","BOSS","M","?","$","M","M","R","?","R","T","R","E","M","M","$","R","BOSS"],"items_purchased_type":["Relic","Relic","Relic","Potion","Card","Potion","Potion"],"build_version":"2020-12-22","purchased_purges":2,"victory":true,"max_hp_per_floor":[80,80,80,80,80,80,80,80,80,80,80,80,80,80,80,80,80,80,80,83,91,94,98,98,98,98,98,98,98,102,102,102,106,106,110,110,110,114,114,114,114,114,114,114,118,122,126,126,126,126],"card_choices":[{"not_picked":["Reckless Charge","Battle Trance"],"picked":"Iron Wave","floor":1.0},{"not_picked":["Shrug It Off","Clash"],"picked":"Thunderclap","floor":3.0},{"not_picked":["Clash","Headbutt"],"picked":"Armaments","floor":4.0},{"not_picked":["Power Through","Clash"],"picked":"Metallicize","floor":7.0},{"not_picked":["Iron Wave","Rampage"],"picked":"Inflame","floor":11.0},{"not_picked":["True Grit","Rage"],"picked":"Uppercut","floor":12.0},{"not_picked":["Whirlwind","Armaments"],"picked":"Cleave","floor":12.0},{"not_picked":["Pummel","Wild Strike"],"picked":"Armaments","floor":13.0},{"not_picked":["Ghostly Armor","Iron Wave","Twin Strike"],"picked":"SKIP","floor":13.0},{"not_picked":["True Grit","Whirlwind"],"picked":"Demon Form","floor":14.0},{"not_picked":["Berserk","Brutality"],"picked":"Feed","floor":16.0},{"not_picked":["Combust+1","Headbutt"],"picked":"Disarm","floor":18.0},{"not_picked":["Wild Strike","Warcry","Anger"],"picked":"SKIP","floor":18.0},{"not_picked":["Second Wind","Thunderclap"],"picked":"Uppercut+1","floor":20.0},{"not_picked":["Carnage+1","Twin Strike"],"picked":"Iron Wave+1","floor":20.0},{"not_picked":["Clash","Twin Strike"],"picked":"Flame Barrier","floor":21.0},{"not_picked":["True Grit","Perfected Strike","Clash"],"picked":"SKIP","floor":21.0},{"not_picked":["Berserk","Searing Blow"],"picked":"Flame Barrier","floor":22.0},{"not_picked":["Wild Strike+1","Armaments","Rage"],"picked":"SKIP","floor":22.0},{"not_picked":["Metallicize","Iron Wave","Hemokinesis"],"picked":"SKIP","floor":23.0},{"not_picked":["Headbutt","Sword Boomerang","Flex"],"picked":"SKIP","floor":28.0},{"not_picked":["Juggernaut","Havoc"],"picked":"Shrug It Off","floor":30},{"not_picked":["Shrug It Off","Infernal Blade","Intimidate"],"picked":"SKIP","floor":31},{"not_picked":["Dark Embrace","Shrug It Off+1","Burning Pact"],"picked":"SKIP","floor":31},{"not_picked":["Demon Form","Exhume"],"picked":"Corruption","floor":33},{"not_picked":["Clash+1","Flame Barrier"],"picked":"Shrug It Off+1","floor":35},{"not_picked":["Pommel Strike+1","Cleave+1","Seeing Red"],"picked":"SKIP","floor":35},{"not_picked":["Pommel Strike+1","Cleave+1","Seeing Red"],"picked":"SKIP","floor":35},{"not_picked":["Anger+1","Dropkick+1","Offering"],"picked":"SKIP","floor":38},{"not_picked":["Warcry+1","Cleave+1","Armaments"],"picked":"SKIP","floor":38},{"not_picked":["Iron Wave+1","Pommel Strike+1","Armaments+1"],"picked":"SKIP","floor":39},{"not_picked":["Second Wind","Power Through","Clothesline+1"],"picked":"SKIP","floor":39},{"not_picked":["Headbutt+1","Double Tap","Bloodletting"],"picked":"SKIP","floor":45},{"not_picked":["Fire Breathing+1","Twin Strike+1"],"picked":"Heavy Blade+1","floor":46},{"not_picked":["Perfected Strike+1","Iron Wave+1","Clothesline+1"],"picked":"SKIP","floor":46},{"not_picked":["True Grit","Pummel+1","Twin Strike+1"],"picked":"SKIP","floor":47},{"not_picked":["Seeing Red","Entrench","Wild Strike+1"],"picked":"SKIP","floor":47}],"player_experience":1169345,"relics_obtained":[{"floor":7.0,"key":"Orichalcum"},{"floor":9.0,"key":"Anchor"},{"floor":10.0,"key":"Prayer Wheel"},{"floor":11.0,"key":"Regal Pillow"},{"floor":14.0,"key":"Bottled Tornado"},{"floor":23.0,"key":"Old Coin"},{"floor":26.0,"key":"Potion Belt"},{"floor":28.0,"key":"StrikeDummy"},{"floor":30,"key":"Lantern"},{"floor":45,"key":"Frozen Egg 2"}],"event_choices":[{"damage_healed":0.0,"max_hp_gain":0.0,"max_hp_loss":0.0,"gold_gain":100.0,"event_name":"Wheel of Change","player_choice":"Gold","floor":2.0,"gold_loss":0.0,"damage_taken":0.0},{"damage_healed":0.0,"max_hp_gain":0.0,"max_hp_loss":0.0,"gold_gain":0.0,"event_name":"Liars Game","player_choice":"Ignored","floor":5.0,"gold_loss":0.0,"damage_taken":0.0},{"cards_removed":["Strike_R"],"damage_healed":0.0,"max_hp_gain":0.0,"max_hp_loss":0.0,"gold_gain":0.0,"event_name":"Beggar","player_choice":"Gave Gold","floor":19.0,"gold_loss":75.0,"damage_taken":0.0},{"damage_healed":0.0,"max_hp_gain":0.0,"max_hp_loss":0.0,"gold_gain":0.0,"event_name":"Ghosts","player_choice":"Ignored","floor":24.0,"gold_loss":0.0,"damage_taken":0.0},{"damage_healed":0.0,"max_hp_gain":0.0,"max_hp_loss":0.0,"gold_gain":0.0,"cards_transformed":["Strike_R"],"event_name":"Transmorgrifier","player_choice":"Transformed","floor":25.0,"gold_loss":0.0,"damage_taken":0.0,"cards_obtained":["Rage"]},{"damage_healed":0,"gold_gain":0,"player_choice":"Paid","damage_taken":0,"relics_obtained":["Red Mask"],"max_hp_gain":0,"max_hp_loss":0,"event_name":"Tomb of Lord Red Mask","floor":41,"gold_loss":59}],"is_beta":false,"boss_relics":[{"not_picked":["Astrolabe","Mark of Pain"],"picked":"Cursed Key"},{"not_picked":["Velvet Choker","Fusion Hammer"],"picked":"Snecko Eye"}],"items_purged_floors":[29,36],"is_endless":false,"potions_floor_spawned":[1,7,13,14,18,21,23,30,45,46],"ascension_level":12}}