{"host":"uonldg9uriwfhjjx","time":1609384193,"event":{"mods":["AchievementEnabler","BaseMod","Minty Spire (QoL Compilation)","Relic Stats"],"gold_per_floor":[111,131,131,141,94,121,121,4,4,15,44,44,58,73,73,73,73],"floor_reached":16,"playtime":644,"items_purged":[],"score":196,"play_id":"9cd5ff1c-5c1a-4bfb-b5a9-44267b5b81f6","local_time":"20201230220953","is_ascension_mode":true,"campfire_choices":[{"floor":7,"key":"REST"},{"floor":12,"key":"REST"},{"floor":15,"key":"REST"}],"circlet_count":0,"master_deck":["AscendersBane","Strike_G","Strike_G","Strike_G","Strike_G","Strike_G","Defend_G","Defend_G","Defend_G","Defend_G","Defend_G","Survivor","Neutralize","Night Terror","Backflip","Cloak And Dagger","PiercingWail","Blur","Prepared","Calculated Gamble","Cloak And Dagger","Quick Slash","Blade Dance","Blade Dance"],"relics":["Ring of the Snake","The Courier","Sling","Toy Ornithopter","Dream Catcher"],"acts_visited":["Exordium"],"potions_floor_usage":[6,6,11,14],"damage_taken":[{"damage":2,"enemies":"2 Louse","floor":1,"turns":4},{"damage":7,"enemies":"Cultist","floor":2,"turns":4},{"damage":4,"enemies":"Small Slimes","floor":4,"turns":5},{"damage":45,"enemies":"3 Sentries","floor":6,"turns":16},{"damage":5,"enemies":"2 Fungi Beasts","floor":10,"turns":6},{"damage":25,"enemies":"Lagavulin","floor":11,"turns":10},{"damage":0,"enemies":"3 Louse","floor":13,"turns":7},{"damage":10,"enemies":"Gremlin Gang","floor":14,"turns":5},{"damage":43,"enemies":"Hexaghost","floor":16,"turns":9}],"seed_played":"-8151710644298334374","potions_obtained":[{"floor":1,"key":"Regen Potion"},{"floor":3,"key":"EssenceOfSteel"},{"floor":3,"key":"ColorlessPotion"},{"floor":4,"key":"DuplicationPotion"},{"floor":10,"key":"BlessingOfTheForge"},{"floor":11,"key":"SteroidPotion"}],"is_trial":false,"path_per_floor":["M","M","?","M","$","E","R","$","T","M","E","R","M","M","R","B"],"character_chosen":"THE_SILENT","items_purchased":["PiercingWail","Sling"],"campfire_rested":3,"item_purchase_floors":[5,8],"current_hp_per_floor":[57,50,50,46,46,16,35,35,35,30,10,29,29,24,43,0,0],"gold":73,"neow_bonus":"ONE_RANDOM_RARE_CARD","is_daily":false,"chose_seed":true,"campfire_upgraded":0,"win_rate":0.0,"timestamp":1609384193,"path_taken":["M","M","?","M","$","E","R","$","T","M","E","R","?","M","R","BOSS"],"items_purchased_type":["Card","Relic"],"build_version":"2020-12-22","purchased_purges":0,"victory":false,"max_hp_per_floor":[66,66,66,66,66,66,66,66,66,66,66,66,66,66,66,66,66],"relic_stats":{"Dream Catcher":2,"counters":[9,66],"obtain_stats":[{"Dream Catcher":11,"The Courier":6,"Sling":8,"Toy Ornithopter":9,"Ring of the Snake":0},{"Dream Catcher":6,"The Courier":4,"Sling":4,"Toy Ornithopter":4,"Ring of the Snake":0},{"Dream Catcher":45,"The Courier":29,"Sling":29,"Toy Ornithopter":29,"Ring of the Snake":0}],"Toy Ornithopter":10,"Ring of the Snake":[18]},"card_choices":[{"not_picked":["Predator","Catalyst","All Out Attack"],"picked":"SKIP","floor":1},{"not_picked":["Outmaneuver","Noxious Fumes"],"picked":"Backflip","floor":2},{"not_picked":["Deflect","Setup"],"picked":"Cloak And Dagger","floor":4},{"not_picked":["Dodge and Roll","Choke"],"picked":"Blur","floor":6},{"not_picked":["Underhanded Strike","Catalyst"],"picked":"Prepared","floor":10},{"not_picked":["Setup","Flechettes"],"picked":"Calculated Gamble","floor":11},{"not_picked":["Deflect","Deadly Poison"],"picked":"Cloak And Dagger","floor":12},{"not_picked":["Choke","Acrobatics"],"picked":"Quick Slash","floor":13},{"not_picked":["Sucker Punch","Dagger Throw"],"picked":"Blade Dance","floor":14},{"not_picked":["Cloak And Dagger","Dagger Spray"],"picked":"Blade Dance","floor":15}],"player_experience":693820,"relics_obtained":[{"floor":6,"key":"The Courier"},{"floor":9,"key":"Toy Ornithopter"},{"floor":11,"key":"Dream Catcher"}],"event_choices":[{"damage_healed":0,"gold_gain":0,"player_choice":"Got Potions","damage_taken":0,"max_hp_gain":0,"max_hp_loss":0,"event_name":"Lab","floor":3,"gold_loss":0}],"is_beta":false,"boss_relics":[],"items_purged_floors":[],"is_endless":false,"potions_floor_spawned":[1,4,10,11],"killed_by":"Hexaghost","ascension_level":15}}