{"host":"pf9sh7nh6rpu9sau","time":1609430121,"event":{"mods":["2.2 Compatiblity","BaseMod","BetterRewards","Clockwork Mod","Downfall","Hermit","Mad Scientist","Minty Spire (QoL Compilation)","Permanent Neow","Quick Restart","Replay The Spire","Somnambulant","StSLib","The Clintock","The Cursed","The Disciple","The Hierophant","The Necromancer","The Runesmith"],"gold_per_floor":[112,132,146,164,183,200,225,225,251,251,270,270,270,302,302,406,406,425,437,322,332,346,377,52,52,52],"floor_reached":25,"playtime":1462,"items_purged":["Strike_P","Defend_P"],"score":287,"play_id":"333a5846-840a-49bf-8197-53c933d3cd39","local_time":"20201231105521","is_ascension_mode":false,"campfire_choices":[{"floor":8.0,"key":"REST"},{"data":"Eruption","floor":10.0,"key":"SMITH"},{"data":"Scrawl","floor":12.0,"key":"SMITH"},{"data":"Ragnarok","floor":15.0,"key":"SMITH"},{"data":"PathToVictory","floor":15.0,"key":"SMITH"}],"circlet_count":0,"master_deck":["Defend_P","Defend_P","Defend_P","Eruption+1","Vigilance","PathToVictory+1","ThirdEye","ClearTheMind","Scrawl+1","Consecrate","Ragnarok+1","DevaForm","DevaForm+1","Perseverance+1","FollowUp+1","Crescendo+1","WreathOfFlame+1","MentalFortress"],"relics":["PureWater","NeowsBlessing","Blue Doll","ReplayTheSpireMod:TigerMarble","Replay:Arrowhead","Astrolabe","ReplayTheSpireMod:Lightbulb","OrangePellets"],"acts_visited":["Exordium","TheCity"],"potions_floor_usage":[23],"damage_taken":[{"damage":0.0,"enemies":"Cultist","floor":1.0,"turns":1.0},{"damage":0.0,"enemies":"Jaw Worm","floor":2.0,"turns":1.0},{"damage":0.0,"enemies":"2 Louse","floor":3.0,"turns":1.0},{"damage":2.0,"enemies":"Blue Slaver","floor":4.0,"turns":4.0},{"damage":18.0,"enemies":"Gremlin Gang","floor":5.0,"turns":5.0},{"damage":7.0,"enemies":"Looter","floor":6.0,"turns":4.0},{"damage":29.0,"enemies":"Gremlin Nob","floor":7.0,"turns":5.0},{"damage":1.0,"enemies":"Lots of Slimes","floor":11.0,"turns":3.0},{"damage":9.0,"enemies":"3 Sentries","floor":14.0,"turns":6.0},{"damage":0.0,"enemies":"The Guardian","floor":16.0,"turns":7.0},{"damage":0.0,"enemies":"Spheric Guardian","floor":18.0,"turns":3.0},{"damage":40.0,"enemies":"2 Thieves","floor":19.0,"turns":3.0},{"damage":0.0,"enemies":"Shelled Parasite and Fungi","floor":21.0,"turns":1.0},{"damage":0,"enemies":"Centurion and Healer","floor":22,"turns":3},{"damage":18,"enemies":"Gremlin Leader","floor":23,"turns":5},{"damage":8,"enemies":"Book of Stabbing","floor":25,"turns":3}],"seed_played":"1660324921024319272","potions_obtained":[{"floor":2.0,"key":"Dexterity Potion"},{"floor":3.0,"key":"CultistPotion"},{"floor":6.0,"key":"Fire Potion"},{"floor":16.0,"key":"Languid Potion"},{"floor":19.0,"key":"SteroidPotion"},{"floor":23,"key":"Elixir"}],"is_trial":false,"path_per_floor":["M","M","M","M","M","M","E","R","T","R","M","R","?","E","R","B",null,"M","M","$","M","M","E","$","E"],"character_chosen":"WATCHER","items_purchased":["WreathOfFlame+1","OrangePellets","MentalFortress"],"campfire_rested":1,"item_purchase_floors":[20,24,24],"current_hp_per_floor":[72,72,72,70,52,45,16,37,37,37,36,36,36,27,27,27,72,72,32,32,32,32,14,14,6,6],"gold":52,"neow_bonus":"THREE_ENEMY_KILL","is_daily":false,"chose_seed":false,"campfire_upgraded":4,"win_rate":0.0,"timestamp":1609430121,"path_taken":["M","M","M","?","M","?","E","R","T","R","M","R","?","E","R","BOSS","M","M","$","M","M","E","$","E"],"items_purchased_type":["Card","Relic","Card"],"build_version":"2020-12-22","purchased_purges":2,"victory":false,"max_hp_per_floor":[72,72,72,72,72,72,72,72,72,72,72,72,72,72,72,72,72,72,72,72,72,72,72,72,72,72],"card_choices":[{"not_picked":["FollowUp","Tantrum"],"picked":"PathToVictory","floor":1.0},{"not_picked":["SashWhip","BowlingBash"],"picked":"ThirdEye","floor":2.0},{"not_picked":["EmptyFist","Crescendo"],"picked":"ClearTheMind","floor":3.0},{"not_picked":["ThirdEye","BattleHymn"],"picked":"Scrawl","floor":4.0},{"not_picked":["ThirdEye","Halt","JustLucky"],"picked":"SKIP","floor":5.0},{"not_picked":["DeceiveReality","CarveReality"],"picked":"Consecrate","floor":6.0},{"not_picked":["CarveReality","Pray","Crescendo"],"picked":"SKIP","floor":7.0},{"not_picked":["Evaluate","Consecrate","WheelKick"],"picked":"SKIP","floor":11.0},{"not_picked":["Indignation","FlyingSleeves"],"picked":"Ragnarok","floor":14.0},{"not_picked":["Establishment","ConjureBlade"],"picked":"DevaForm","floor":16.0},{"not_picked":["ReachHeaven","Pray+1"],"picked":"Crescendo+1","floor":18.0},{"not_picked":["Protect+1","Replay:BluntJabs","FlyingSleeves+1"],"picked":"SKIP","floor":19.0},{"not_picked":["EmptyBody","SashWhip+1","ForeignInfluence"],"picked":"SKIP","floor":21.0},{"not_picked":["SashWhip","Replay:BluntJabs+1","WaveOfTheHand"],"picked":"SKIP","floor":22},{"not_picked":["CutThroughFate","Replay:Anticipation","Replay:BluntJabs"],"picked":"SKIP","floor":23}],"player_experience":770468,"relics_obtained":[{"floor":7.0,"key":"Blue Doll"},{"floor":9.0,"key":"ReplayTheSpireMod:TigerMarble"},{"floor":14.0,"key":"Replay:Arrowhead"},{"floor":23,"key":"ReplayTheSpireMod:Lightbulb"}],"event_choices":[{"damage_healed":0.0,"max_hp_gain":0.0,"max_hp_loss":0.0,"gold_gain":0.0,"event_name":"NoteForYourself","player_choice":"Ignored","floor":13.0,"gold_loss":0.0,"damage_taken":0.0}],"is_beta":false,"boss_relics":[{"not_picked":["Runic Pyramid","Kintsugi"],"picked":"Astrolabe"}],"items_purged_floors":[20,24],"is_endless":false,"potions_floor_spawned":[2,3,6,16,19,23],"killed_by":"Book of Stabbing","ascension_level":0}}