{"host":"97k5lqmr6aaz1p9r","time":1609415813,"event":{"mods":["BaseMod","Colored Map","Downfall","Jorbs\u0027s Wanderer Trilogy","Minty Spire (QoL Compilation)","StSLib"],"gold_per_floor":[0,10,22,22,122,61,61,74,104,254,268,25,80,96,107,212,212,137,147,163,182,195,221,221,238,238,238,238,238,257,287,299,402,402,252,264,281,300,285,285,309,323,323,350,350,368,384,384,384,384,384],"floor_reached":49,"playtime":5517,"items_purged":[],"score":495,"play_id":"d18368d1-141b-41ac-86f1-ead8446aca74","local_time":"20201231115653","is_ascension_mode":false,"campfire_choices":[{"data":"champ:Taunt","floor":1,"key":"SMITH"},{"floor":18,"key":"RECALL"},{"data":"expansioncontent:Chronoboost","floor":35,"key":"SMITH"},{"floor":45,"key":"REST"}],"circlet_count":0,"master_deck":["champ:Strike","champ:Strike","champ:Strike","champ:Taunt+1","champ:SkillfulDodge+1","champ:Riposte","champ:DefensiveStyle","champ:BringItOn","champ:RisingSlash","Slimebound:Icky","champ:Circumvent","champ:ShieldThrow","expansioncontent:Chronoboost+1","champ:ViciousMockery","champ:PreciseThrust","champ:SteelEdge","champ:Haymaker+1","champ:FocusedGladiator+1","champ:HeavySlash+1","champ:Balance","champ:DefensiveStyle","champ:ShieldSlam","champ:FocusedDefense+1"],"relics":["champ:ChampionCrown","champ:LiftRelic","Tiny Chest","Orichalcum","The Courier","Astrolabe","downfall:HeartBlessingGreen","Nunchaku","champ:DefensiveTrainingManual","InkBottle","Smiling Mask","Busted Crown","downfall:HeartBlessingRed","downfall:HeartBlessingBlue","Toy Ornithopter","Pocketwatch"],"acts_visited":["Exordium","TheCity","TheBeyond"],"potions_floor_usage":[5,6,13,16,21,31,38,47,48],"damage_taken":[{"damage":9,"enemies":"Small Slimes","floor":2,"turns":3},{"damage":12,"enemies":"Jaw Worm","floor":3,"turns":4},{"damage":24,"enemies":"downfall:Heads","floor":5,"turns":8},{"damage":11,"enemies":"downfall:FleeingMerchant","floor":6,"turns":4},{"damage":5,"enemies":"2 Louse","floor":8,"turns":2},{"damage":29,"enemies":"Lagavulin","floor":9,"turns":7},{"damage":10,"enemies":"Large Slime","floor":11,"turns":5},{"damage":14,"enemies":"downfall:FleeingMerchant","floor":12,"turns":4},{"damage":5,"enemies":"Gremlin Nob","floor":13,"turns":4},{"damage":2,"enemies":"Exordium Wildlife","floor":14,"turns":5},{"damage":0,"enemies":"Red Slaver","floor":15,"turns":4},{"damage":19,"enemies":"downfall:Ironclad","floor":16,"turns":8},{"damage":0,"enemies":"Chosen","floor":19,"turns":4},{"damage":7,"enemies":"Shell Parasite","floor":20,"turns":4},{"damage":10,"enemies":"Snake Plant","floor":21,"turns":4},{"damage":22,"enemies":"Centurion and Healer","floor":22,"turns":8},{"damage":0,"enemies":"Snecko","floor":25,"turns":5},{"damage":2,"enemies":"Shelled Parasite and Fungi","floor":30,"turns":5},{"damage":16,"enemies":"Slavers","floor":31,"turns":6},{"damage":0,"enemies":"Centurion and Healer","floor":32,"turns":6},{"damage":42,"enemies":"downfall:Silent","floor":33,"turns":10},{"damage":11,"enemies":"Orb Walker","floor":36,"turns":4},{"damage":12,"enemies":"3 Shapes","floor":37,"turns":5},{"damage":13,"enemies":"Transient","floor":38,"turns":5},{"damage":5,"enemies":"downfall:FleeingMerchant","floor":39,"turns":4},{"damage":5,"enemies":"Sphere and 2 Shapes","floor":42,"turns":6},{"damage":36,"enemies":"Giant Head","floor":44,"turns":9},{"damage":5,"enemies":"Spire Growth","floor":46,"turns":4},{"damage":10,"enemies":"Jaw Worm Horde","floor":47,"turns":3},{"damage":0,"enemies":"Writhing Mass","floor":48,"turns":1},{"damage":54,"enemies":"Transient","floor":49,"turns":4}],"seed_played":"8517008517962289501","potions_obtained":[{"floor":2,"key":"SkillPotion"},{"floor":3,"key":"Regen Potion"},{"floor":8,"key":"champ:OpenerPotion"},{"floor":13,"key":"SkillPotion"},{"floor":14,"key":"SmokeBomb"},{"floor":16,"key":"DistilledChaos"},{"floor":25,"key":"GamblersBrew"},{"floor":36,"key":"LiquidMemories"},{"floor":42,"key":"Explosive Potion"},{"floor":44,"key":"Strength Potion"}],"is_trial":false,"path_per_floor":["R","M","M","?","?","$","T","M","E","?","M","$","?","M","M","B",null,"R","M","M","M","M","T","T","M","?","?","?","T","M","E","M","B",null,"R","M","M","M","$","?","T","M","?","E","R","M","M","M","M"],"character_chosen":"THE_CHAMP","items_purchased":["champ:BringItOn","champ:ShieldThrow","expansioncontent:Chronoboost"],"campfire_rested":1,"item_purchase_floors":[6,12,12],"current_hp_per_floor":[90,86,79,79,60,68,68,68,49,49,49,40,40,38,38,19,90,90,90,83,73,61,61,61,61,61,61,61,61,59,43,43,1,90,100,89,77,64,59,59,59,54,54,23,53,48,48,53,0,0,0],"gold":384,"neow_bonus":"REMOVE_TWO","is_daily":false,"chose_seed":false,"campfire_upgraded":2,"win_rate":0.0,"timestamp":1609415813,"path_taken":["R","M","M","?","?","?","T","M","E","?","M","$","?","?","M","BOSS","R","M","M","M","M","?","T","M","?","?","?","?","M","E","M","BOSS","R","M","M","M","$","?","T","M","?","E","R","M","M","?","M"],"items_purchased_type":["Card","Card","Card"],"build_version":"2020-12-22","purchased_purges":0,"victory":false,"max_hp_per_floor":[90,90,90,90,90,90,90,90,90,90,90,90,90,90,90,90,90,90,90,90,90,90,90,90,90,90,90,90,90,90,90,90,90,90,100,100,100,100,100,100,100,100,100,100,100,100,100,100,100,100,100],"card_choices":[{"not_picked":["champ:FaceSlap","champ:StanceDance"],"picked":"champ:SkillfulDodge","floor":2},{"not_picked":["champ:AdrenalArmor","champ:FanOfKnives","champ:FocusedBerserking"],"picked":"SKIP","floor":3},{"not_picked":["champ:GladiatorStyle","champ:FanOfKnives"],"picked":"champ:Riposte","floor":5},{"not_picked":["champ:Aggression","champ:AdrenalArmor"],"picked":"champ:DefensiveStyle","floor":6},{"not_picked":["champ:FocusedGladiator","champ:Aggression"],"picked":"champ:RisingSlash","floor":8},{"not_picked":["champ:Encircle","champ:RisingSlash","champ:BladeFlurry"],"picked":"SKIP","floor":9},{"not_picked":["champ:Encircle","champ:Haymaker"],"picked":"champ:Circumvent","floor":11},{"not_picked":["champ:AdrenalArmor","champ:CrookedStrike","champ:Riposte"],"picked":"SKIP","floor":12},{"not_picked":["champ:FalseCounter","champ:BringItOn"],"picked":"champ:ViciousMockery","floor":13},{"not_picked":["champ:EndlessRage","champ:DancingMaster"],"picked":"champ:GladiatorsShout","floor":14},{"not_picked":["champ:GutPunch","champ:BerserkersShout"],"picked":"champ:PreciseThrust","floor":15},{"not_picked":["champ:ShieldThrow","champ:HeavySlash"],"picked":"champ:SteelEdge","floor":16},{"not_picked":["champ:BladeFlurry","champ:PreciseThrust"],"picked":"champ:Balance","floor":19},{"not_picked":["champ:BladeFlurry+1","champ:HeartStrike","champ:AdrenalArmor"],"picked":"SKIP","floor":20},{"not_picked":["champ:Backstep+1","champ:Circumvent","champ:RapidStrikes"],"picked":"SKIP","floor":21},{"not_picked":["champ:CrookedStrike+1","champ:PerfectedStrike","champ:Haymaker"],"picked":"SKIP","floor":22},{"not_picked":["champ:GutPunch","champ:Encircle","champ:FocusedBerserking"],"picked":"SKIP","floor":25},{"not_picked":["champ:BringItOn","champ:Circumvent"],"picked":"champ:DefensiveStyle","floor":30},{"not_picked":["champ:Circumvent","champ:GladiatorsShout+1","champ:DancingMaster"],"picked":"SKIP","floor":31},{"not_picked":["champ:AdrenalArmor","champ:BerserkersShout+1","champ:Haymaker"],"picked":"SKIP","floor":32},{"not_picked":["champ:VampiricStrike","champ:IgnorePain"],"picked":"champ:ShieldSlam","floor":33},{"not_picked":["champ:FocusedGladiator"],"picked":"SKIP","floor":36},{"not_picked":["champ:SkillfulDodge"],"picked":"SKIP","floor":37},{"not_picked":[],"picked":"champ:FocusedDefense+1","floor":38},{"not_picked":["champ:Shatter+1"],"picked":"SKIP","floor":39},{"not_picked":["champ:BerserkersShout"],"picked":"SKIP","floor":42},{"not_picked":["champ:PerfectedStrike"],"picked":"SKIP","floor":44},{"not_picked":["champ:FanOfKnives+1"],"picked":"SKIP","floor":46},{"not_picked":["champ:PerfectedStrike"],"picked":"SKIP","floor":47}],"player_experience":563548,"relics_obtained":[{"floor":7,"key":"Tiny Chest"},{"floor":9,"key":"Orichalcum"},{"floor":13,"key":"The Courier"},{"floor":24,"key":"Nunchaku"},{"floor":29,"key":"InkBottle"},{"floor":31,"key":"Smiling Mask"},{"floor":41,"key":"Toy Ornithopter"},{"floor":44,"key":"Pocketwatch"}],"event_choices":[{"damage_healed":0,"gold_gain":0,"player_choice":"Ignored","damage_taken":0,"max_hp_gain":0,"max_hp_loss":0,"event_name":"Vampires","floor":28,"gold_loss":0},{"cards_removed":["champ:GladiatorsShout"],"damage_healed":0,"gold_gain":0,"player_choice":"Removed Skill","damage_taken":0,"max_hp_gain":0,"max_hp_loss":0,"event_name":"Falling","floor":43,"gold_loss":0}],"is_beta":false,"boss_relics":[{"not_picked":["Black Star","Runic Pyramid"],"picked":"Astrolabe"},{"not_picked":["Pandora\u0027s Box","champ:ChampionCrownUpgraded"],"picked":"Busted Crown"}],"items_purged_floors":[],"is_endless":false,"potions_floor_spawned":[2,3,8,13,14,16,25,30,33,36,42,44,48],"killed_by":"Transient","ascension_level":0}}