{"host":"963ykkbusvcbqwtq","time":1609400967,"event":{"mods":["2.2 Compatiblity","AchievementEnabler","Arknights The Spire","BaseMod","Colored Map","GifTheSpireLib","GungeonMod","Lobotomy","Luminous","Minty Spire (QoL Compilation)","StSLib","SuperFastMode","The Bug Knight"],"gold_per_floor":[119,132,207,207,207,207,207,237,289,313,932,956,987,1087,1087,1087,1087],"floor_reached":16,"playtime":431,"items_purged":["DemoMod:Strike_Huntress"],"score":154,"play_id":"e640f53f-7de5-4d36-9283-63e735a8ea57","local_time":"20201231164927","is_ascension_mode":true,"campfire_choices":[{"floor":6,"key":"REST"},{"floor":15,"key":"REST"}],"circlet_count":0,"master_deck":["DemoMod:Defend_Huntress","DemoMod:Defend_Huntress","DemoMod:Defend_Huntress","DemoMod:Defend_Huntress","DemoMod:Roll","DemoMod:ManualReload","DemoMod:RustySidearm","DemoMod:CrossBow","DemoMod:GunShield","DemoMod:ZorGun","DemoMod:Camera","HappyTeddy","DemoMod:SniperShot","DemoMod:FightSabre","DespairKnight","DemoMod:PotionOfGunFriendShip","DemoMod:TableSutra"],"relics":["DemoMod:Dog","CogitoBucket","Golden Idol","Odd Mushroom","PreservedInsect","DemoMod:PortableTableDevice","Vajra"],"acts_visited":[],"potions_floor_usage":[],"damage_taken":[{"damage":10,"enemies":"Cultist","floor":1,"turns":5},{"damage":2,"enemies":"Jaw Worm","floor":2,"turns":4},{"damage":28,"enemies":"The Mushroom Lair","floor":8,"turns":5},{"damage":5,"enemies":"Small Slimes","floor":10,"turns":3},{"damage":3,"enemies":"2 Fungi Beasts","floor":12,"turns":4},{"damage":3,"enemies":"HollowMod:MossKnight","floor":13,"turns":6},{"damage":29,"enemies":"The Guardian","floor":16,"turns":3}],"seed_played":"4753578677872794638","potions_obtained":[],"is_trial":false,"path_per_floor":["M","M","?","?","?","R","?","?","T","M","$","M","E","?","R","B"],"character_chosen":"HUNTRESS","items_purchased":["DemoMod:PortableTableDevice","DemoMod:FightSabre"],"campfire_rested":2,"item_purchase_floors":[11,11],"current_hp_per_floor":[60,58,47,40,40,61,44,16,16,11,11,8,5,5,26,0,0],"gold":1087,"neow_bonus":"","is_daily":false,"chose_seed":false,"campfire_upgraded":0,"win_rate":0.0,"timestamp":1609400967,"path_taken":["M","M","?","?","?","R","?","?","T","?","$","M","E","?","R","BOSS"],"items_purchased_type":["Relic","Card"],"build_version":"2020-12-22","purchased_purges":1,"victory":false,"max_hp_per_floor":[70,70,70,70,70,70,70,70,70,70,70,70,70,70,70,70,70],"card_choices":[{"not_picked":["DemoMod:StickyCrossBow","DemoMod:JK47"],"picked":"DemoMod:GunShield","floor":1},{"not_picked":["DemoMod:BattleInHaste","DemoMod:SAA"],"picked":"DemoMod:ZorGun","floor":2},{"not_picked":["DemoMod:HardPowerCard","DemoMod:AC15"],"picked":"DemoMod:Camera","floor":8},{"not_picked":["MHz","PunishingBird"],"picked":"HappyTeddy","floor":10},{"not_picked":["DemoMod:AC15","DemoMod:DirectionalPad"],"picked":"DemoMod:SniperShot","floor":10},{"not_picked":["FairyFestival","LaLuna"],"picked":"DespairKnight","floor":12},{"not_picked":["DemoMod:Camera","DemoMod:SAA"],"picked":"DemoMod:PotionOfGunFriendShip","floor":12},{"not_picked":["DemoMod:PotionOfGunFriendShip","DemoMod:AC15"],"picked":"DemoMod:TableSutra","floor":13}],"player_experience":215590,"relics_obtained":[{"floor":8,"key":"Odd Mushroom"},{"floor":9,"key":"PreservedInsect"},{"floor":13,"key":"Vajra"}],"event_choices":[{"damage_healed":0,"gold_gain":75,"player_choice":"Gather Gold","damage_taken":11,"max_hp_gain":0,"max_hp_loss":0,"event_name":"World of Goop","floor":3,"gold_loss":0},{"cards_removed":["DemoMod:Strike_Huntress"],"damage_healed":0,"gold_gain":0,"player_choice":"Card Removal","damage_taken":7,"max_hp_gain":0,"max_hp_loss":0,"event_name":"Golden Wing","floor":4,"gold_loss":0},{"cards_removed":["DemoMod:Strike_Huntress"],"damage_healed":0,"gold_gain":0,"player_choice":"Forget","damage_taken":0,"max_hp_gain":0,"max_hp_loss":0,"event_name":"Living Wall","floor":5,"gold_loss":0},{"damage_healed":0,"gold_gain":0,"player_choice":"Take Damage","damage_taken":17,"relics_obtained":["Golden Idol"],"max_hp_gain":0,"max_hp_loss":0,"event_name":"Golden Idol","floor":7,"gold_loss":0},{"damage_healed":0,"gold_gain":0,"player_choice":"Fought Mushrooms","damage_taken":0,"max_hp_gain":0,"max_hp_loss":0,"event_name":"Mushrooms","floor":8,"gold_loss":0},{"damage_healed":0,"gold_gain":100,"player_choice":"Pray","damage_taken":0,"max_hp_gain":0,"max_hp_loss":0,"event_name":"Golden Shrine","floor":14,"gold_loss":0}],"is_beta":false,"boss_relics":[],"items_purged_floors":[11],"is_endless":false,"potions_floor_spawned":[12],"killed_by":"The Guardian","ascension_level":1}}