{"host":"bu0lvejwxlz725fi","time":1609433913,"event":{"mods":["AchievementEnabler","BaseMod","Downfall","Marisa????????","Minty Spire (QoL Compilation)","StSLib","The Disciple","The Hierophant","The Necromancer","The Senshi","The Servant 0.9.4"],"gold_per_floor":[110,185,185,202,202,230,249,261,311,311,311],"floor_reached":10,"playtime":535,"items_purged":[],"score":93,"play_id":"5f7d4555-bfae-4fa8-b5d4-567056c6b594","local_time":"20201231175833","is_ascension_mode":false,"campfire_choices":[],"circlet_count":0,"master_deck":["theSenshi:SailorKick","theSenshi:SailorKick","theSenshi:SailorKick","theSenshi:SailorBlock","theSenshi:SailorBlock","theSenshi:SailorBlock","theSenshi:SailorBlock","theSenshi:RoseThrow","theSenshi:MoonPrismPowerMakeUp","theSenshi:SupersonicWaves","theSenshi:TuxedoMaskAssists","theSenshi:SailorCosmosAssists","theSenshi:MoonlightKnight+1","theSenshi:CrisisMakeUp+1","theSenshi:LateForSchool"],"relics":["theSenshi:TransformationBroochRelic","NeowsBlessing","Frozen Egg 2","Smiling Mask"],"acts_visited":["Exordium"],"potions_floor_usage":[10],"damage_taken":[{"damage":0,"enemies":"Jaw Worm","floor":1,"turns":1},{"damage":0,"enemies":"2 Louse","floor":4,"turns":1},{"damage":0,"enemies":"3 Sentries","floor":6,"turns":1},{"damage":13,"enemies":"Cultist","floor":7,"turns":5},{"damage":17,"enemies":"Red Slaver","floor":8,"turns":6},{"damage":0,"enemies":"Gremlin Nob","floor":10,"turns":3}],"seed_played":"5317532608814413105","potions_obtained":[{"floor":6,"key":"Fire Potion"},{"floor":8,"key":"LiquidMemories"}],"is_trial":false,"path_per_floor":["M","?","?","M","?","E","M","M","T","E"],"character_chosen":"THE_SENSHI","items_purchased":[],"campfire_rested":0,"item_purchase_floors":[],"current_hp_per_floor":[75,64,69,69,69,69,56,39,39,39,39],"gold":311,"neow_bonus":"THREE_ENEMY_KILL","is_daily":false,"chose_seed":false,"campfire_upgraded":0,"win_rate":0.0,"timestamp":1609433913,"path_taken":["M","?","?","M","?","E","?","M","T","E"],"items_purchased_type":[],"build_version":"2020-12-22","purchased_purges":0,"victory":false,"max_hp_per_floor":[75,75,80,80,80,80,80,80,80,80,80],"card_choices":[{"not_picked":["theSenshi:SailorMercuryAssists","theSenshi:EncouragingSpeech"],"picked":"theSenshi:SupersonicWaves","floor":1},{"not_picked":["theSenshi:SailorVenusAssists","theSenshi:SailorCosmosAssists"],"picked":"theSenshi:TuxedoMaskAssists","floor":4},{"not_picked":["theSenshi:UranusStrength","theSenshi:PlutosSolemnity"],"picked":"theSenshi:MoonlightKnight+1","floor":6},{"not_picked":["theSenshi:NeptunesGrace","theSenshi:GatheringStrength"],"picked":"theSenshi:CrisisMakeUp+1","floor":7},{"not_picked":["theSenshi:HesSoDreamy","theSenshi:Sidestep"],"picked":"theSenshi:LateForSchool","floor":8}],"player_experience":131714,"relics_obtained":[{"floor":6,"key":"Frozen Egg 2"},{"floor":9,"key":"Smiling Mask"}],"event_choices":[{"damage_healed":0,"gold_gain":75,"player_choice":"Gather Gold","damage_taken":11,"max_hp_gain":0,"max_hp_loss":0,"event_name":"World of Goop","floor":2,"gold_loss":0},{"damage_healed":0,"gold_gain":0,"player_choice":"Donut","damage_taken":0,"max_hp_gain":5,"max_hp_loss":0,"event_name":"Big Fish","floor":3,"gold_loss":0},{"damage_healed":0,"gold_gain":0,"cards_transformed":["theSenshi:SailorKick"],"player_choice":"Transformed","damage_taken":0,"max_hp_gain":0,"max_hp_loss":0,"event_name":"Transmorgrifier","floor":5,"gold_loss":0,"cards_obtained":["theSenshi:SailorCosmosAssists"]}],"is_beta":false,"boss_relics":[],"items_purged_floors":[],"is_endless":false,"potions_floor_spawned":[6,8],"killed_by":"Gremlin Nob","ascension_level":0}}