{"host":"BK","time":1609385560,"event":{"mods":["BaseMod","Highlight Path","Minty Spire (QoL Compilation)","StSLib"],"gold_per_floor":[99,99,99,99,99,99,99,99,99,69,69,19,19,19,19,19,19,19,19,19,19,19,19],"floor_reached":22,"playtime":2336,"items_purged":[],"score":384,"play_id":"b84f1ee9-382e-489c-9e38-dc6907500c26","local_time":"20201230203240","is_ascension_mode":true,"campfire_choices":[{"data":"Combust","floor":6,"key":"SMITH"},{"floor":15,"key":"REST"}],"circlet_count":0,"master_deck":["AscendersBane","Bash","Combust+1","Blood for Blood+1","Heavy Blade","Metallicize","Juggernaut","Feed","Reaper","Headbutt","Evolve","Feed","Clothesline","Reaper","Dual Wield","Havoc","True Grit+1"],"relics":["Ectoplasm","Pantograph","Odd Mushroom","Centennial Puzzle","Bronze Scales","Pandora\u0027s Box"],"acts_visited":["Exordium","TheCity"],"potions_floor_usage":[8,8,14,16,18],"damage_taken":[{"damage":3,"enemies":"2 Louse","floor":1,"turns":3},{"damage":2,"enemies":"Jaw Worm","floor":2,"turns":3},{"damage":2,"enemies":"Cultist","floor":3,"turns":3},{"damage":13,"enemies":"Blue Slaver","floor":4,"turns":4},{"damage":20,"enemies":"3 Sentries","floor":7,"turns":5},{"damage":15,"enemies":"The Mushroom Lair","floor":8,"turns":5},{"damage":1,"enemies":"Red Slaver","floor":11,"turns":4},{"damage":8,"enemies":"3 Louse","floor":13,"turns":3},{"damage":0,"enemies":"2 Fungi Beasts","floor":14,"turns":2},{"damage":43,"enemies":"Hexaghost","floor":16,"turns":9},{"damage":42,"enemies":"Shell Parasite","floor":18,"turns":4},{"damage":19,"enemies":"Chosen","floor":19,"turns":4},{"damage":10,"enemies":"Centurion and Healer","floor":20,"turns":5},{"damage":18,"enemies":"Cultist and Chosen","floor":21,"turns":6},{"damage":17,"enemies":"Snecko","floor":22,"turns":4}],"seed_played":"3803426630034189299","potions_obtained":[{"floor":1,"key":"Swift Potion"},{"floor":7,"key":"Swift Potion"},{"floor":10,"key":"Swift Potion"},{"floor":10,"key":"AttackPotion"},{"floor":16,"key":"PowerPotion"},{"floor":21,"key":"SmokeBomb"}],"is_trial":false,"path_per_floor":["M","M","M","M","?","R","E","?","T","?","M","?","M","M","R","B",null,"M","M","M","M","M"],"character_chosen":"IRONCLAD","items_purchased":[],"campfire_rested":1,"item_purchase_floors":[],"current_hp_per_floor":[65,63,61,48,48,48,28,13,13,13,12,12,4,4,26,8,58,23,16,15,8,0,0],"gold":19,"neow_bonus":"BOSS_RELIC","is_daily":false,"chose_seed":false,"campfire_upgraded":1,"win_rate":0.0,"timestamp":1609385560,"path_taken":["M","M","M","M","?","R","E","?","T","?","?","?","M","?","R","BOSS","M","M","M","M","M"],"items_purchased_type":[],"build_version":"2020-12-18","purchased_purges":0,"victory":false,"max_hp_per_floor":[75,75,75,75,75,75,75,75,75,75,75,75,75,75,75,75,75,75,75,78,81,81,81],"card_choices":[{"not_picked":["Second Wind","Burning Pact","Havoc"],"picked":"SKIP","floor":1},{"not_picked":["Rampage","Clothesline"],"picked":"Combust","floor":2},{"not_picked":["Hemokinesis","Wild Strike"],"picked":"Blood for Blood","floor":3},{"not_picked":["Body Slam","Clothesline"],"picked":"Heavy Blade","floor":4},{"not_picked":["Sever Soul","Rage"],"picked":"Metallicize","floor":7},{"not_picked":["Perfected Strike","Headbutt","Flex"],"picked":"SKIP","floor":11},{"not_picked":["Pommel Strike","Dark Embrace","Thunderclap"],"picked":"SKIP","floor":13},{"not_picked":["Heavy Blade","Clash","Dual Wield"],"picked":"SKIP","floor":14},{"not_picked":["Double Tap","Barricade"],"picked":"Juggernaut","floor":16},{"not_picked":["Flex","Twin Strike+1"],"picked":"True Grit+1","floor":18},{"not_picked":["Body Slam","Wild Strike","Headbutt"],"picked":"SKIP","floor":19},{"not_picked":["Heavy Blade+1","Double Tap","Evolve+1"],"picked":"SKIP","floor":20},{"not_picked":["Infernal Blade","Flex+1","Entrench"],"picked":"SKIP","floor":21}],"player_experience":2484094,"relics_obtained":[{"floor":7,"key":"Pantograph"},{"floor":8,"key":"Odd Mushroom"},{"floor":9,"key":"Centennial Puzzle"}],"event_choices":[{"damage_healed":0,"gold_gain":0,"player_choice":"Grow","damage_taken":0,"max_hp_gain":0,"max_hp_loss":0,"event_name":"Living Wall","floor":5,"gold_loss":0,"cards_upgraded":["Blood for Blood"]},{"damage_healed":0,"gold_gain":0,"player_choice":"Fought Mushrooms","damage_taken":0,"max_hp_gain":0,"max_hp_loss":0,"event_name":"Mushrooms","floor":8,"gold_loss":0},{"damage_healed":0,"gold_gain":0,"player_choice":"Bought 2 Potions","damage_taken":0,"max_hp_gain":0,"max_hp_loss":0,"event_name":"The Woman in Blue","floor":10,"gold_loss":0},{"damage_healed":0,"gold_gain":0,"player_choice":"Paid Gold","damage_taken":0,"relics_obtained":["Bronze Scales"],"max_hp_gain":0,"max_hp_loss":0,"event_name":"WeMeetAgain","floor":12,"gold_loss":50}],"is_beta":true,"boss_relics":[{"not_picked":["Mark of Pain","Fusion Hammer"],"picked":"Pandora\u0027s Box"}],"items_purged_floors":[],"is_endless":false,"potions_floor_spawned":[1,7,11,13,16,21],"killed_by":"Snecko","ascension_level":20}}