{"host":"anox4050deqdcqoh","time":1609427919,"event":{"mods":["BaseMod","Colored Map","Minty Spire (QoL Compilation)","Quick Restart"],"gold_per_floor":[118,138,138,138,35,68,68,80,104,138,138,164,182,199,199,300,300,320,320,332,332,344,344,362,362,385,19,39,39,50,70,70,166,166,178,194,204,220,220,220,247,266,266,282,282,292,47,47,47,47,47,47,47,47,47],"floor_reached":54,"playtime":6032,"items_purged":["Strike_B","Strike_B"],"score":735,"play_id":"6a1d659d-df43-408a-89ca-39e631bf9bab","local_time":"20201231101839","is_ascension_mode":true,"campfire_choices":[{"floor":7,"key":"REST"},{"data":"Dualcast","floor":11,"key":"SMITH"},{"data":"Zap","floor":15,"key":"SMITH"},{"floor":23,"key":"RECALL"},{"floor":25,"key":"REST"},{"floor":32,"key":"REST"},{"floor":40,"key":"REST"},{"data":"Creative AI","floor":45,"key":"SMITH"},{"floor":49,"key":"REST"},{"data":"Force Field","floor":52,"key":"SMITH"}],"circlet_count":0,"master_deck":["Defend_B","Defend_B","Defend_B","Defend_B","Zap+1","Dualcast+1","Lockon","Self Repair","Leap+1","Hello World","Barrage","Glacier","Creative AI+1","CurseOfTheBell","Consume","Conserve Battery","Loop","Melter+1","Force Field+1","Electrodynamics","Ball Lightning+1","Undo+1","BootSequence+1","Glacier+1","Madness","Madness"],"relics":["Cracked Core","Centennial Puzzle","Lantern","Bag of Preparation","Mummified Hand","Calling Bell","DataDisk","Meat on the Bone","Peace Pipe","Frozen Eye","Omamori","Kunai","Inserter","Turnip","Bag of Marbles","OrangePellets"],"acts_visited":["Exordium","TheCity","TheBeyond","TheEnding"],"potions_floor_usage":[6,16,24,33,41,54],"damage_taken":[{"damage":4,"enemies":"Small Slimes","floor":1,"turns":3},{"damage":12,"enemies":"Jaw Worm","floor":2,"turns":3},{"damage":14,"enemies":"Gremlin Nob","floor":6,"turns":4},{"damage":0,"enemies":"Cultist","floor":8,"turns":2},{"damage":15,"enemies":"Lagavulin","floor":10,"turns":6},{"damage":13,"enemies":"3 Sentries","floor":12,"turns":14},{"damage":2,"enemies":"Exordium Thugs","floor":13,"turns":6},{"damage":0,"enemies":"Looter","floor":14,"turns":3},{"damage":37,"enemies":"Slime Boss","floor":16,"turns":14},{"damage":1,"enemies":"Shell Parasite","floor":18,"turns":7},{"damage":11,"enemies":"Chosen","floor":20,"turns":7},{"damage":19,"enemies":"Snake Plant","floor":22,"turns":6},{"damage":40,"enemies":"3 Cultists","floor":24,"turns":8},{"damage":13,"enemies":"Snecko","floor":28,"turns":5},{"damage":4,"enemies":"Snake Plant","floor":30,"turns":6},{"damage":3,"enemies":"Chosen and Byrds","floor":31,"turns":7},{"damage":33,"enemies":"Collector","floor":33,"turns":15},{"damage":40,"enemies":"3 Darklings","floor":35,"turns":8},{"damage":12,"enemies":"Orb Walker","floor":36,"turns":4},{"damage":18,"enemies":"Spire Growth","floor":37,"turns":4},{"damage":22,"enemies":"Jaw Worm Horde","floor":38,"turns":4},{"damage":72,"enemies":"Giant Head","floor":41,"turns":11},{"damage":4,"enemies":"Sphere and 2 Shapes","floor":42,"turns":5},{"damage":0,"enemies":"Maw","floor":44,"turns":8},{"damage":2,"enemies":"4 Shapes","floor":46,"turns":4},{"damage":66,"enemies":"Awakened One","floor":50,"turns":22},{"damage":86,"enemies":"Shield and Spear","floor":54,"turns":9}],"seed_played":"5749477593902967977","potions_obtained":[{"floor":2,"key":"DuplicationPotion"},{"floor":12,"key":"Weak Potion"},{"floor":13,"key":"FocusPotion"},{"floor":24,"key":"LiquidBronze"},{"floor":30,"key":"EssenceOfDarkness"},{"floor":36,"key":"Block Potion"},{"floor":42,"key":"Swift Potion"}],"is_trial":false,"path_per_floor":["M","M","?","?","$","E","R","M","T","E","R","E","M","M","R","B",null,"M","?","M","?","M","R","M","R","T","$","M","T","M","M","R","B",null,"M","M","M","M","?","R","E","M","T","M","R","M","$","?","R","B",null,"R","$","E"],"character_chosen":"DEFECT","items_purchased":["FairyPotion","Frozen Eye","Omamori","OrangePellets"],"campfire_rested":5,"item_purchase_floors":[5,27,27,47],"current_hp_per_floor":[71,66,51,51,51,44,66,66,66,58,58,52,57,64,64,34,75,75,75,71,71,59,59,38,60,60,60,54,54,57,61,75,49,75,54,49,50,47,47,69,41,56,56,63,63,68,68,59,75,21,75,75,75,0,0],"gold":47,"neow_bonus":"TRANSFORM_CARD","is_daily":false,"chose_seed":false,"campfire_upgraded":4,"win_rate":0.0,"timestamp":1609427919,"path_taken":["M","M","?","?","$","E","R","M","T","E","R","E","M","M","R","BOSS","M","?","M","?","M","R","M","R","T","$","M","?","M","M","R","BOSS","M","M","?","M","?","R","E","M","T","M","R","M","$","?","R","BOSS","R","$","E"],"items_purchased_type":["Potion","Relic","Relic","Relic"],"build_version":"2020-12-22","purchased_purges":2,"victory":false,"max_hp_per_floor":[75,75,75,75,75,75,75,75,75,75,75,75,75,75,75,75,75,75,75,75,75,75,75,75,75,75,75,75,75,75,75,75,75,75,75,75,75,75,75,75,75,75,75,75,75,75,75,75,75,75,75,75,75,75,75],"card_choices":[{"not_picked":["Sweeping Beam","Go for the Eyes"],"picked":"Self Repair","floor":1},{"not_picked":["Storm","Rebound"],"picked":"Leap","floor":2},{"not_picked":["Ball Lightning","Redo","Reinforced Body"],"picked":"SKIP","floor":6},{"not_picked":["Recycle","Ball Lightning","Reprogram"],"picked":"SKIP","floor":8},{"not_picked":["Streamline","Darkness"],"picked":"Go for the Eyes","floor":10},{"not_picked":["Steam Power","Genetic Algorithm"],"picked":"Barrage","floor":12},{"not_picked":["Hologram","Cold Snap"],"picked":"Glacier","floor":13},{"not_picked":["Sweeping Beam","Double Energy","Darkness"],"picked":"SKIP","floor":14},{"not_picked":["Multi-Cast","Meteor Strike"],"picked":"Creative AI","floor":16},{"not_picked":["Beam Cell","Scrape+1"],"picked":"Consume","floor":18},{"not_picked":["Coolheaded","Lockon+1"],"picked":"Conserve Battery","floor":20},{"not_picked":["Sunder+1","FTL"],"picked":"Melter+1","floor":22},{"not_picked":["Streamline","Ball Lightning","Conserve Battery+1"],"picked":"SKIP","floor":24},{"not_picked":["Steam Power","Coolheaded+1"],"picked":"Force Field","floor":28},{"not_picked":["Scrape","FTL","Hologram+1"],"picked":"SKIP","floor":30},{"not_picked":["Conserve Battery","Stack","Coolheaded"],"picked":"SKIP","floor":31},{"not_picked":["Conserve Battery","Stack","Coolheaded"],"picked":"SKIP","floor":31},{"not_picked":["Meteor Strike","Machine Learning"],"picked":"Electrodynamics","floor":33},{"not_picked":["Redo","Go for the Eyes"],"picked":"Ball Lightning+1","floor":35},{"not_picked":["Ball Lightning+1","Conserve Battery+1","Streamline+1"],"picked":"SKIP","floor":36},{"not_picked":["Leap","Creative AI"],"picked":"Undo+1","floor":37},{"not_picked":["Stack","Sweeping Beam"],"picked":"BootSequence+1","floor":38},{"not_picked":["Redo+1","Hologram","Auto Shields"],"picked":"SKIP","floor":41},{"not_picked":["Melter","Hologram"],"picked":"Glacier+1","floor":42},{"not_picked":["Heatsinks","Redo","Biased Cognition"],"picked":"SKIP","floor":44},{"not_picked":["Gash","Beam Cell","Turbo"],"picked":"SKIP","floor":46}],"player_experience":239169,"relics_obtained":[{"floor":6,"key":"Centennial Puzzle"},{"floor":9,"key":"Lantern"},{"floor":10,"key":"Bag of Preparation"},{"floor":12,"key":"Mummified Hand"},{"floor":17,"key":"DataDisk"},{"floor":17,"key":"Meat on the Bone"},{"floor":17,"key":"Peace Pipe"},{"floor":29,"key":"Kunai"},{"floor":41,"key":"Turnip"},{"floor":43,"key":"Bag of Marbles"}],"event_choices":[{"damage_healed":0,"gold_gain":0,"player_choice":"Entered Light","damage_taken":15,"max_hp_gain":0,"max_hp_loss":0,"event_name":"Shining Light","floor":3,"gold_loss":0,"cards_upgraded":["Leap","Strike_B"]},{"damage_healed":0,"gold_gain":0,"cards_transformed":["Strike_B"],"player_choice":"Change","damage_taken":0,"max_hp_gain":0,"max_hp_loss":0,"event_name":"Living Wall","floor":4,"gold_loss":0,"cards_obtained":["Hello World"]},{"damage_healed":0,"gold_gain":0,"player_choice":"Ignored","damage_taken":0,"max_hp_gain":0,"max_hp_loss":0,"event_name":"Ghosts","floor":19,"gold_loss":0},{"damage_healed":0,"gold_gain":0,"player_choice":"Read","damage_taken":0,"max_hp_gain":0,"max_hp_loss":0,"event_name":"The Library","floor":21,"gold_loss":0,"cards_obtained":["Loop"]},{"cards_removed":["Go for the Eyes"],"damage_healed":0,"gold_gain":0,"player_choice":"Removed Attack","damage_taken":0,"max_hp_gain":0,"max_hp_loss":0,"event_name":"Falling","floor":39,"gold_loss":0},{"damage_healed":0,"gold_gain":0,"player_choice":"Embrace Madness","damage_taken":9,"max_hp_gain":0,"max_hp_loss":0,"event_name":"Winding Halls","floor":48,"gold_loss":0,"cards_obtained":["Madness","Madness"]}],"is_beta":false,"boss_relics":[{"not_picked":["Runic Dome","SacredBark"],"picked":"Calling Bell"},{"not_picked":["Fusion Hammer","Runic Pyramid"],"picked":"Inserter"}],"items_purged_floors":[27,47],"is_endless":false,"potions_floor_spawned":[2,12,13,14,24,30,31,36,37,38,42],"killed_by":"Shield and Spear","ascension_level":2}}