{"host":"1z4hbl9vfqrhg136","time":1609428998,"event":{"mods":["BaseMod","Minty Spire (QoL Compilation)"],"gold_per_floor":[117,130,147,147,166,192,202,202,202,237,237,217,247,262,262,339,389,407,427,22,22,22,22,22],"floor_reached":23,"playtime":2169,"items_purged":[],"score":472,"play_id":"1945d708-ad8c-4c70-9ca3-df9d79be37f8","local_time":"20201231153638","is_ascension_mode":true,"campfire_choices":[{"data":"Armaments","floor":8.0,"key":"SMITH"},{"data":"Iron Wave","floor":11.0,"key":"SMITH"},{"data":"True Grit","floor":15.0,"key":"SMITH"}],"circlet_count":0,"master_deck":["AscendersBane","Strike_R","Strike_R","Strike_R","Strike_R","Strike_R","Defend_R+1","Defend_R","Defend_R","Bash","Dramatic Entrance","Battle Trance","Iron Wave+1","Armaments+1","Fiend Fire","Demon Form","Fire Breathing","Spot Weakness","Bloodletting","True Grit+1","Wild Strike","Reaper","Feel No Pain+1","Metallicize+1","Feel No Pain+1","Secret Weapon","Shame"],"relics":["Burning Blood","Ice Cream","Bottled Flame","Frozen Egg 2","Dream Catcher","Tiny House","Art of War","Omamori"],"acts_visited":["Exordium","TheCity"],"potions_floor_usage":[23,23],"damage_taken":[{"damage":6.0,"enemies":"Cultist","floor":1.0,"turns":4.0},{"damage":3.0,"enemies":"2 Louse","floor":2.0,"turns":3.0},{"damage":4.0,"enemies":"Jaw Worm","floor":3.0,"turns":3.0},{"damage":14.0,"enemies":"Red Slaver","floor":5.0,"turns":3.0},{"damage":0.0,"enemies":"Lagavulin","floor":6.0,"turns":4.0},{"damage":1.0,"enemies":"Exordium Thugs","floor":7.0,"turns":3.0},{"damage":32.0,"enemies":"Gremlin Nob","floor":10.0,"turns":4.0},{"damage":10.0,"enemies":"3 Sentries","floor":13.0,"turns":4.0},{"damage":3.0,"enemies":"Large Slime","floor":14.0,"turns":4.0},{"damage":35.0,"enemies":"Slime Boss","floor":16.0,"turns":7.0},{"damage":17.0,"enemies":"Shell Parasite","floor":18.0,"turns":6.0},{"damage":35.0,"enemies":"Chosen","floor":19.0,"turns":6.0},{"damage":71,"enemies":"Slavers","floor":23,"turns":3}],"seed_played":"-3612573428353900712","potions_obtained":[{"floor":3.0,"key":"FearPotion"},{"floor":6.0,"key":"SteroidPotion"},{"floor":7.0,"key":"SkillPotion"},{"floor":10.0,"key":"DuplicationPotion"},{"floor":12.0,"key":"LiquidMemories"}],"is_trial":false,"path_per_floor":["M","M","M","?","M","E","M","R","T","E","R","?","E","M","R","B",null,"M","M","$","?","$","E"],"character_chosen":"IRONCLAD","items_purchased":["BloodPotion","Art of War","Secret Weapon"],"campfire_rested":0,"item_purchase_floors":[20,20,20],"current_hp_per_floor":[68,71,73,73,65,71,75,75,75,49,49,49,45,48,48,19,66,66,48,48,48,48,0,0],"gold":22,"neow_bonus":"RANDOM_COLORLESS","is_daily":false,"chose_seed":false,"campfire_upgraded":3,"win_rate":0.0,"timestamp":1609428998,"path_taken":["M","M","M","?","M","E","M","R","T","E","R","?","E","M","R","BOSS","M","?","$","?","?","E"],"items_purchased_type":["Potion","Relic","Card"],"build_version":"2020-12-22","purchased_purges":0,"victory":false,"max_hp_per_floor":[75,75,75,75,75,75,75,75,75,75,75,75,75,75,75,75,80,80,80,80,80,80,80,80],"card_choices":[{"not_picked":["Purity","Deep Breath"],"picked":"Dramatic Entrance","floor":0.0},{"not_picked":["True Grit","Iron Wave"],"picked":"Battle Trance","floor":1.0},{"not_picked":["Cleave","Flex"],"picked":"Iron Wave","floor":2.0},{"not_picked":["Twin Strike","Anger"],"picked":"Armaments","floor":3.0},{"not_picked":["Dropkick","Pommel Strike"],"picked":"Demon Form","floor":5.0},{"not_picked":["Intimidate","Body Slam"],"picked":"Fire Breathing","floor":6.0},{"not_picked":["Ghostly Armor","Warcry"],"picked":"Spot Weakness","floor":7.0},{"not_picked":["Twin Strike","Clash"],"picked":"Bloodletting","floor":10.0},{"not_picked":["Heavy Blade","Rage"],"picked":"True Grit","floor":13.0},{"not_picked":["Headbutt","Warcry"],"picked":"Wild Strike","floor":14.0},{"not_picked":["Brutality+1","Limit Break"],"picked":"Reaper","floor":16.0},{"not_picked":["Anger","Warcry"],"picked":"Feel No Pain+1","floor":17.0},{"not_picked":["Shrug It Off","Thunderclap"],"picked":"Metallicize+1","floor":18.0},{"not_picked":["Warcry","Second Wind"],"picked":"Feel No Pain+1","floor":19.0}],"player_experience":1863949,"relics_obtained":[{"floor":6.0,"key":"Ice Cream"},{"floor":9.0,"key":"Bottled Flame"},{"floor":10.0,"key":"Frozen Egg 2"},{"floor":13.0,"key":"Dream Catcher"}],"event_choices":[{"damage_healed":0.0,"max_hp_gain":0.0,"max_hp_loss":0.0,"gold_gain":0.0,"cards_transformed":["Defend_R"],"event_name":"Living Wall","player_choice":"Change","floor":4.0,"gold_loss":0.0,"damage_taken":0.0,"cards_obtained":["Fiend Fire"]},{"damage_healed":0.0,"max_hp_gain":0.0,"max_hp_loss":0.0,"gold_gain":0.0,"event_name":"The Woman in Blue","player_choice":"Bought 1 Potion","floor":12.0,"gold_loss":0.0,"damage_taken":0.0},{"damage_healed":0.0,"max_hp_gain":0.0,"max_hp_loss":0.0,"gold_gain":0.0,"event_name":"Addict","player_choice":"Stole Relic","floor":21.0,"gold_loss":0.0,"damage_taken":0.0,"relics_obtained":["Omamori"],"cards_obtained":["Shame"]}],"is_beta":false,"boss_relics":[{"not_picked":["Runic Pyramid","Runic Dome"],"picked":"Tiny House"}],"items_purged_floors":[],"is_endless":false,"potions_floor_spawned":[3,6,7,10,14],"killed_by":"Slavers","ascension_level":20}}