{"host":"5fpb1gzflhq9886n","time":1609446926,"event":{"mods":["AchievementEnabler","BaseMod","Colored Map","Colored Powertips","Minty Spire (QoL Compilation)","Permanent Neow"],"gold_per_floor":[216,216,58,75,95,95,121,46,46,81,81,81,91,116,116,116,116],"floor_reached":16,"playtime":927,"items_purged":["Strike_P"],"score":164,"play_id":"da575aed-b0c8-4e02-a8cc-c65e62d20913","local_time":"20201231153526","is_ascension_mode":true,"campfire_choices":[{"data":"Eruption","floor":6,"key":"SMITH"},{"floor":11,"key":"REST"},{"data":"TalkToTheHand","floor":15,"key":"SMITH"}],"circlet_count":0,"master_deck":["Strike_P","Strike_P","Strike_P","Defend_P","Defend_P","Defend_P","Defend_P","Eruption+1","Vigilance","ClearTheMind","Devotion","Halt","SashWhip","CutThroughFate","BowlingBash","TalkToTheHand+1","Indignation"],"relics":["PureWater","Pen Nib","Gremlin Horn","Pantograph"],"acts_visited":["Exordium"],"potions_floor_usage":[10],"damage_taken":[{"damage":0,"enemies":"Small Slimes","floor":1,"turns":3},{"damage":6,"enemies":"Cultist","floor":4,"turns":4},{"damage":1,"enemies":"2 Louse","floor":5,"turns":3},{"damage":30,"enemies":"3 Sentries","floor":7,"turns":9},{"damage":0,"enemies":"Gremlin Nob","floor":10,"turns":3},{"damage":14,"enemies":"Exordium Thugs","floor":13,"turns":4},{"damage":3,"enemies":"3 Sentries","floor":14,"turns":3},{"damage":75,"enemies":"Slime Boss","floor":16,"turns":8}],"seed_played":"-3482946759345216832","potions_obtained":[{"floor":2,"key":"SneckoOil"},{"floor":2,"key":"LiquidBronze"},{"floor":2,"key":"EssenceOfSteel"},{"floor":5,"key":"SpeedPotion"},{"floor":10,"key":"CultistPotion"}],"is_trial":false,"path_per_floor":["M","?","$","M","M","R","E","$","T","E","R","?","M","E","R","B"],"character_chosen":"WATCHER","items_purchased":["Devotion"],"campfire_rested":1,"item_purchase_floors":[3],"current_hp_per_floor":[72,72,72,66,65,65,35,35,35,35,56,61,47,44,44,0,0],"gold":116,"neow_bonus":"HUNDRED_GOLD","is_daily":false,"chose_seed":false,"campfire_upgraded":2,"win_rate":0.0,"timestamp":1609446926,"path_taken":["M","?","$","M","M","R","E","?","T","E","R","?","?","E","R","BOSS"],"items_purchased_type":["Card"],"build_version":"2020-12-22","purchased_purges":1,"victory":false,"max_hp_per_floor":[72,72,72,72,72,72,72,72,72,72,72,77,77,77,77,77,77],"card_choices":[{"not_picked":["JustLucky","Evaluate"],"picked":"ClearTheMind","floor":1},{"not_picked":["SignatureMove","WreathOfFlame"],"picked":"Halt","floor":4},{"not_picked":["Evaluate","CutThroughFate"],"picked":"SashWhip","floor":5},{"not_picked":["Protect","Vault"],"picked":"CutThroughFate","floor":7},{"not_picked":["JustLucky","FollowUp"],"picked":"BowlingBash","floor":10},{"not_picked":["Evaluate","Protect"],"picked":"TalkToTheHand","floor":13},{"not_picked":["FlurryOfBlows","Collect"],"picked":"Indignation","floor":14}],"player_experience":644666,"relics_obtained":[{"floor":7,"key":"Pen Nib"},{"floor":10,"key":"Gremlin Horn"},{"floor":14,"key":"Pantograph"}],"event_choices":[{"damage_healed":0,"gold_gain":0,"player_choice":"Got Potions","damage_taken":0,"max_hp_gain":0,"max_hp_loss":0,"event_name":"Lab","floor":2,"gold_loss":0},{"damage_healed":0,"gold_gain":0,"player_choice":"Donut","damage_taken":0,"max_hp_gain":5,"max_hp_loss":0,"event_name":"Big Fish","floor":12,"gold_loss":0}],"is_beta":false,"boss_relics":[],"items_purged_floors":[8],"is_endless":false,"potions_floor_spawned":[5,7,10],"killed_by":"Slime Boss","ascension_level":3}}