{"host":"vmo6qas4tfa0p776","time":1609438146,"event":{"mods":["AchievementEnabler","BaseMod","Bestiary","Better Altar","Better Match","Better Note","Better Sensory Stone","Better Skull","Better Third Choice","Colored Map","Downfall","Minty Spire (QoL Compilation)","Relic Stats","Robot Space Explorer","Spicy Shops","StSLib","The Marked"],"gold_per_floor":[99,117,137,137,312,338,338,24,79,12,112,1,13,113,132,237,237,237,237,337,16,24,24,24,24,24,38,38,38,38,38],"floor_reached":30,"playtime":1828,"items_purged":[],"score":310,"play_id":"cee6060f-4ec4-497e-9446-5c49ebd7680d","local_time":"20201231130906","daily_mods":["downfall:Improvised","Flight","Night Terrors"],"is_ascension_mode":false,"campfire_choices":[{"floor":1,"key":"RECALL"},{"data":"sneckomod:SnekBite","floor":18,"key":"SMITH"},{"data":"Mayhem","floor":26,"key":"SMITH"},{"data":"sneckomod:Transmogrify","floor":29,"key":"SMITH"}],"circlet_count":0,"master_deck":["sneckomod:Strike","sneckomod:Strike","sneckomod:Strike","sneckomod:Defend","sneckomod:Defend","sneckomod:Defend","sneckomod:TailWhip","sneckomod:SnekBite+1","sneckomod:Unknown","sneckomod:Unknown","sneckomod:UnknownCommonAttack","sneckomod:UnknownCommonAttack","sneckomod:UnknownCommonAttack","sneckomod:UnknownCommonSkill","sneckomod:UnknownCommonSkill","sneckomod:UnknownCommonSkill","sneckomod:UnknownUncommonAttack","sneckomod:UnknownUncommonSkill","sneckomod:UnknownUncommonPower","sneckomod:Unknown","sneckomod:UnknownCommonSkill","sneckomod:UnknownStrike","Mayhem+1","Doubt","sneckomod:MixItUp","sneckomod:UnknownVulnerable","sneckomod:CheapStock","Swift Strike","sneckomod:RainOfDice","sneckomod:UnknownColorless","sneckomod:SoulCleanse","sneckomod:UnknownClassGUARDIAN","sneckomod:SnakeSap","sneckomod:Transmogrify","sneckomod:QuickMove","sneckomod:UnlimitedRolls","sneckomod:UnknownStrike","sneckomod:Transmogrify+1","sneckomod:UnknownBlock+1","sneckomod:UnknownStrike+1","sneckomod:SoulRoll+1"],"relics":["sneckomod:SneckoSoul","OrangePellets","Orichalcum","MealTicket","downfall:GremlinWheel","SlaversCollar","champ:DeflectingBracers","Mummified Hand","sneckomod:LoadedDie","Turnip"],"acts_visited":["Exordium","TheCity"],"potions_floor_usage":[8,16,20,30],"damage_taken":[{"damage":5,"enemies":"2 Louse","floor":2,"turns":3},{"damage":12,"enemies":"Cultist","floor":3,"turns":4},{"damage":5,"enemies":"downfall:FleeingMerchant","floor":8,"turns":4},{"damage":19,"enemies":"3 Sentries","floor":9,"turns":6},{"damage":7,"enemies":"downfall:FleeingMerchant","floor":10,"turns":4},{"damage":10,"enemies":"downfall:FleeingMerchant","floor":12,"turns":4},{"damage":12,"enemies":"Small Slimes","floor":13,"turns":4},{"damage":10,"enemies":"Exordium Wildlife","floor":15,"turns":4},{"damage":30,"enemies":"downfall:Ironclad","floor":16,"turns":6},{"damage":20,"enemies":"downfall:Ironclad","floor":20,"turns":5},{"damage":22,"enemies":"downfall:FleeingMerchant","floor":21,"turns":4},{"damage":22,"enemies":"downfall:FleeingMerchant","floor":22,"turns":3},{"damage":17,"enemies":"Spheric Guardian","floor":27,"turns":4},{"damage":83,"enemies":"Slavers","floor":30,"turns":4}],"seed_played":"-9048734008258037747","potions_obtained":[{"floor":13,"key":"LiquidBronze"},{"floor":15,"key":"hexamod:EctoCoolerPotion"},{"floor":16,"key":"AttackPotion"}],"is_trial":true,"path_per_floor":["R","M","M","?","?","T","T","$","?","$","?","$","M","?","M","B",null,"R","?","?","$","$","$","T","?","R","M","?","R","E"],"character_chosen":"THE_SNECKO","items_purchased":["OrangePellets","sneckomod:UnknownVulnerable","sneckomod:CheapStock","Swift Strike","sneckomod:SoulCleanse","sneckomod:SnakeSap","expansioncontent:Corrupt","sneckomod:UnknownEgg","sneckomod:LoadedDie","champ:DeflectingBracers","sneckomod:UnknownBlock+1","sneckomod:UnknownStrike+1"],"campfire_rested":0,"item_purchase_floors":[8,8,8,8,10,12,12,21,22,22,22,22],"current_hp_per_floor":[90,86,75,75,75,75,75,86,74,83,83,88,80,80,74,48,95,95,105,85,79,74,89,89,89,89,72,72,72,0,0],"gold":38,"neow_bonus":"","is_daily":false,"chose_seed":false,"campfire_upgraded":3,"win_rate":0.0,"timestamp":1609438146,"path_taken":["R","M","M","?","?","?","T","$","?","$","?","$","?","?","M","BOSS","R","?","?","?","$","$","T","?","R","?","?","R","E"],"items_purchased_type":["Relic","Card","Card","Card","Card","Card","Card","Relic","Relic","Relic","Card","Card"],"build_version":"2020-12-22","purchased_purges":0,"victory":false,"max_hp_per_floor":[90,91,92,92,92,92,92,93,93,94,94,95,95,95,95,95,95,95,105,105,106,108,108,108,108,108,108,108,108,108,108],"relic_stats":{"OrangePellets":[6],"counters":[14,59],"Mummified Hand":[2],"MealTicket":86,"Turnip":[0],"Orichalcum":[66],"obtain_stats":[{"OrangePellets":8,"SlaversCollar":17,"downfall:GremlinWheel":20,"sneckomod:LoadedDie":22,"Mummified Hand":27,"sneckomod:UnknownEgg":21,"MealTicket":6,"champ:DeflectingBracers":22,"Turnip":29,"Orichalcum":9,"sneckomod:SneckoSoul":0,"StrikeDummy":7},{"OrangePellets":3,"SlaversCollar":9,"downfall:GremlinWheel":10,"sneckomod:LoadedDie":12,"Mummified Hand":13,"sneckomod:UnknownEgg":11,"MealTicket":2,"champ:DeflectingBracers":12,"Turnip":13,"Orichalcum":4,"sneckomod:SneckoSoul":0,"StrikeDummy":2},{"OrangePellets":11,"SlaversCollar":39,"downfall:GremlinWheel":44,"sneckomod:LoadedDie":51,"Mummified Hand":55,"sneckomod:UnknownEgg":48,"MealTicket":7,"champ:DeflectingBracers":51,"Turnip":55,"Orichalcum":17,"sneckomod:SneckoSoul":0,"StrikeDummy":7}]},"card_choices":[{"not_picked":["sneckomod:DiceCrush","sneckomod:SoulDraw"],"picked":"sneckomod:UnknownCommonSkill","floor":2},{"not_picked":["sneckomod:UnknownDexterity","sneckomod:UnknownUncommonAttack"],"picked":"sneckomod:UnknownStrike","floor":3},{"not_picked":["expansioncontent:ChargeUp","expansioncontent:Flail"],"picked":"Mayhem","floor":4},{"not_picked":["sneckomod:UnknownClassGUARDIAN","sneckomod:TrashToTreasure"],"picked":"sneckomod:MixItUp","floor":8},{"not_picked":["sneckomod:Unknown1Cost","sneckomod:UnknownClassBLUE"],"picked":"sneckomod:RainOfDice","floor":9},{"not_picked":["sneckomod:SoulDraw","sneckomod:MasterEye"],"picked":"sneckomod:UnknownColorless","floor":10},{"not_picked":["sneckomod:DiceBlock","sneckomod:UnknownCommonAttack"],"picked":"sneckomod:UnknownClassGUARDIAN","floor":12},{"not_picked":["sneckomod:IronFang","sneckomod:UnknownCommonSkill"],"picked":"sneckomod:Transmogrify","floor":13},{"not_picked":["sneckomod:UnknownWeak","sneckomod:DiceCrush"],"picked":"sneckomod:QuickMove","floor":15},{"not_picked":["sneckomod:MorePower","sneckomod:Restock"],"picked":"sneckomod:UnlimitedRolls","floor":16},{"not_picked":["sneckomod:SoulDraw","sneckomod:Nope"],"picked":"sneckomod:UnknownStrike","floor":21},{"not_picked":["sneckomod:UnknownUncommonSkill+1","sneckomod:UnknownClassGREEN+1"],"picked":"sneckomod:Transmogrify","floor":22},{"not_picked":["sneckomod:TrashToTreasure","sneckomod:UnknownClassROBOT_ORANGE_COLOR+1"],"picked":"sneckomod:SoulRoll+1","floor":27}],"player_experience":216263,"relics_obtained":[{"floor":6,"key":"MealTicket"},{"floor":7,"key":"StrikeDummy"},{"floor":9,"key":"Orichalcum"},{"floor":16,"key":"MealTicket"},{"floor":20,"key":"downfall:GremlinWheel"},{"floor":20,"key":"SlaversCollar"},{"floor":27,"key":"Mummified Hand"},{"floor":27,"key":"sneckomod:LoadedDie"},{"floor":29,"key":"Turnip"}],"event_choices":[{"damage_healed":0,"gold_gain":1,"player_choice":"1","damage_taken":0,"max_hp_gain":0,"max_hp_loss":0,"event_name":"betterStone:BetterStone","floor":4,"gold_loss":0},{"cards_removed":["expansioncontent:Corrupt"],"damage_healed":0,"gold_gain":0,"player_choice":"Offered Rare","damage_taken":0,"max_hp_gain":10,"max_hp_loss":0,"event_name":"Bonfire Elementals","floor":19,"gold_loss":0},{"cards_removed":["sneckomod:SnekBite"],"damage_healed":0,"gold_gain":0,"player_choice":"Give","damage_taken":0,"max_hp_gain":0,"max_hp_loss":0,"event_name":"betterNote:BetterNote","floor":25,"gold_loss":0,"cards_obtained":["None"]},{"damage_healed":0,"gold_gain":0,"player_choice":"Relic","damage_taken":0,"max_hp_gain":0,"max_hp_loss":0,"event_name":"Wheel of Change","floor":29,"gold_loss":0}],"is_beta":false,"boss_relics":[{"not_picked":["Empty Cage","Cursed Key"],"picked":"SlaversCollar"}],"items_purged_floors":[],"is_endless":false,"potions_floor_spawned":[13,15,16],"killed_by":"Slavers","ascension_level":0}}