{"host":"be3r5d8qs4ku9xfy","time":1609389392,"event":{"mods":["AchievementEnabler","Act Like it!","Aspiration","BaseMod","BetterRewards","Colored Map","Colored Powertips","Downfall","Highlight Path","Hubris","Infinite Spire","Lobotomy","Minty Spire (QoL Compilation)","Quick Restart","Replay The Spire","Shop Mod","StSLib","SuperFastMode","The Construct"],"gold_per_floor":[19,47,122,122,146,175,193,203,230,248,248,248,248,248,248,353,353,386,397,397,397,422,467,497,412,412,412,454,473,491,504,561,680,680,691,691,1058,1058,1058,1083,1083,1083,1083,1103,1103,1153,1153,1153,1153,1182,1182,1182],"floor_reached":53,"playtime":3750,"items_purged":[],"score":952,"play_id":"e36e6c13-2d32-4821-932f-ad6a28ea3a99","local_time":"20201230233632","daily_mods":["Vintage","Heirloom","Time Dilation","Flight","downfall:Lament","Diverse","Colorless Cards"],"is_ascension_mode":false,"campfire_choices":[{"data":"hubris:MerchantsHand","floor":15,"key":"SMITH"},{"floor":48,"key":"REST"},{"data":"Metamorphosis","floor":49,"key":"SMITH"},{"data":"infinitespire:DeathsTouch","floor":51,"key":"SMITH"}],"circlet_count":2,"master_deck":["Strike_R","Strike_G","Strike_B","hubris:Strike_Merchant","Defend_G","Defend_B","hubris:MerchantsHand+1","hubris:MerchantsHand","Guardian:BronzeOrb","Slimebound:MassFeed+1","hubris:DuctTapeCard","infinitespire:DeathsTouch+1","Guardian:PiercingHide","RitualDagger","construct:ForceCore","Metamorphosis+1","infinitespire:Collect","Iron Wave+1","expansioncontent:PolyBeam","Guardian:PrimingBeam","Perfected Strike+1"],"relics":["Smiling Mask","hubris:NiceRug","NeowsBlessing","Replay:Kaleidoscope","StrikeDummy","Vajra","Pen Nib","Question Card","aspiration:ChemicalBlood","Ginger","Blue Doll","Akabeko","infinitespire:Cubic Diamond","construct:WeddingRing","hubris:DuctTape","Blue Candle","sneckomod:SuperSneckoEye","Circlet","infinitespire:Broken Mirror","infinitespire:FocusingShard","Centennial Puzzle","aspiration:HatOfInfinitePower","aspiration:TomeofQuesting","Onion Ring","aspiration:Lifesprig","hubris:SphereOfDissonance","sneckomod:SneckoTalon","Gambling Chip","Old Coin","hubris:Towel","sneckomod:BlankCard","Bottled Flame","infinitespire:Lychee Nut","hubris:Teleporter","hubris:TenFootPole"],"acts_visited":["Exordium","TheCity","TheBeyond"],"potions_floor_usage":[16,18,19,29,33,33,33,40,52],"damage_taken":[{"damage":0,"enemies":"Small Slimes","floor":1,"turns":1},{"damage":0,"enemies":"Jaw Worm","floor":2,"turns":1},{"damage":0,"enemies":"2 Louse","floor":5,"turns":1},{"damage":19,"enemies":"Gremlin Nob","floor":6,"turns":4},{"damage":0,"enemies":"Red Slaver","floor":7,"turns":2},{"damage":0,"enemies":"Looter","floor":8,"turns":2},{"damage":0,"enemies":"2 Fungi Beasts","floor":10,"turns":3},{"damage":57,"enemies":"Fading Forest","floor":16,"turns":11},{"damage":10,"enemies":"3 Byrds","floor":18,"turns":6},{"damage":3,"enemies":"Shell Parasite","floor":19,"turns":3},{"damage":0,"enemies":"Centurion and Healer","floor":22,"turns":2},{"damage":2,"enemies":"Slavers","floor":23,"turns":4},{"damage":0,"enemies":"Chosen and Byrds","floor":24,"turns":2},{"damage":0,"enemies":"Nightmare","floor":28,"turns":3},{"damage":0,"enemies":"Snake Plant","floor":29,"turns":1},{"damage":0,"enemies":"Snecko","floor":30,"turns":2},{"damage":0,"enemies":"Centurion and Healer","floor":31,"turns":2},{"damage":10,"enemies":"Pondfish","floor":33,"turns":8},{"damage":0,"enemies":"3 Darklings","floor":35,"turns":2},{"damage":2,"enemies":"2 Orb Walkers","floor":37,"turns":3},{"damage":0,"enemies":"R_Hoarder","floor":40,"turns":2},{"damage":10,"enemies":"3 Shapes","floor":44,"turns":2},{"damage":0,"enemies":"Mind Bloom Boss Battle","floor":46,"turns":1},{"damage":0,"enemies":"Jaw Worm Horde","floor":50,"turns":2},{"damage":0,"enemies":"Replay:Hell Engine","floor":52,"turns":3}],"seed_played":"-8841976529528284039","potions_obtained":[{"floor":2,"key":"BloodPotion"},{"floor":5,"key":"SneckoOil"},{"floor":10,"key":"Adrenaline Potion"},{"floor":16,"key":"ColorlessPotion"},{"floor":16,"key":"PowerPotion"},{"floor":18,"key":"SpeedPotion"},{"floor":24,"key":"Toxic Potion"},{"floor":28,"key":"champ:CounterPotion"},{"floor":29,"key":"AttackPotion"},{"floor":33,"key":"PowerPotion"},{"floor":35,"key":"Swift Potion"},{"floor":37,"key":"DuplicationPotion"},{"floor":44,"key":"LiquidMemories"}],"is_trial":true,"path_per_floor":["M","M","?","?","M","E","M","M","T","M","$","$","?","$","R_BF","B",null,"M","M","?","AVR","M","E","M","?","T","?","NM","M","M","M","R_BF","B",null,"M","?","?","?","?","E","$","PTL","PTL","M","T","?","AVR","R","R","M","R","B",null],"character_chosen":"IRONCLAD","items_purchased":[],"campfire_rested":1,"item_purchase_floors":[],"current_hp_per_floor":[75,75,75,80,80,61,61,61,61,61,61,61,61,61,61,26,80,73,70,70,70,70,68,68,68,68,62,62,78,78,78,78,68,83,83,62,60,60,60,60,60,60,60,54,54,54,54,65,65,65,65,65],"gold":1182,"neow_bonus":"","is_daily":false,"chose_seed":false,"campfire_upgraded":3,"win_rate":0.0,"timestamp":1609389392,"path_taken":["M","M","?","?","M","E","M","M","T","M","$","$","?","?","R_BF","BOSS","M","M","?","AVR","M","E","?","?","T","?","NM","M","M","M","R_BF","BOSS","M","?","?","?","?","E","?","PTL","PTL","?","T","?","AVR","R","R","M","R","BOSS"],"items_purchased_type":[],"build_version":"2020-12-22","purchased_purges":0,"victory":true,"max_hp_per_floor":[75,75,75,80,80,80,80,80,80,80,80,80,80,80,80,80,80,83,83,83,83,83,83,83,83,83,83,83,83,83,83,83,83,83,83,83,83,83,83,83,83,83,83,87,87,65,65,65,65,65,65,65],"card_choices":[{"not_picked":["sneckomod:SoulRoll","Mind Blast"],"picked":"Guardian:BronzeOrb","floor":6},{"not_picked":["Corpse Explosion","Immolate","Biased Cognition"],"picked":"Slimebound:MassFeed","floor":16},{"not_picked":["champ:Duel","Cold Snap","construct:FierceBash"],"picked":"Guardian:PiercingHide","floor":23},{"not_picked":["All Out Attack","hubris:Ssssneak","construct:Chainstrike"],"picked":"construct:ForceCore","floor":28},{"not_picked":["hexamod:GhostflameInferno","aspiration:Lunge","Slimebound:DuplicatedForm"],"picked":"Metamorphosis","floor":33},{"not_picked":["infinitespire:Gouge","ReplayTheSpireMod:Echoes of Time"],"picked":"infinitespire:Collect","floor":36},{"not_picked":["sneckomod:DiceBlock","hexamod:ThermalTransfer","Underhanded Strike"],"picked":"Iron Wave+1","floor":37},{"not_picked":["sneckomod:SnekBeam+1","hexamod:SpectralAdrenaline+1","construct:Anticipate"],"picked":"Guardian:PrimingBeam","floor":40},{"not_picked":["construct:ClusterMines","Slimebound:Schlurp","Guardian:Clone"],"picked":"Perfected Strike+1","floor":46}],"player_experience":7405,"relics_obtained":[{"floor":1,"key":"StrikeDummy"},{"floor":2,"key":"Vajra"},{"floor":5,"key":"Pen Nib"},{"floor":6,"key":"Question Card"},{"floor":7,"key":"aspiration:ChemicalBlood"},{"floor":8,"key":"Ginger"},{"floor":9,"key":"Blue Doll"},{"floor":10,"key":"Akabeko"},{"floor":18,"key":"hubris:DuctTape"},{"floor":19,"key":"Blue Candle"},{"floor":22,"key":"Circlet"},{"floor":23,"key":"infinitespire:Broken Mirror"},{"floor":24,"key":"infinitespire:FocusingShard"},{"floor":26,"key":"aspiration:HatOfInfinitePower"},{"floor":28,"key":"aspiration:TomeofQuesting"},{"floor":29,"key":"Onion Ring"},{"floor":30,"key":"aspiration:Lifesprig"},{"floor":31,"key":"hubris:SphereOfDissonance"},{"floor":35,"key":"Gambling Chip"},{"floor":37,"key":"Old Coin"},{"floor":40,"key":"sneckomod:BlankCard"},{"floor":44,"key":"Circlet"},{"floor":45,"key":"Bottled Flame"},{"floor":46,"key":"infinitespire:Lychee Nut"},{"floor":50,"key":"hubris:TenFootPole"}],"event_choices":[{"damage_healed":0,"gold_gain":75,"player_choice":"Gained Gold","damage_taken":0,"max_hp_gain":0,"max_hp_loss":0,"event_name":"Golden Wing","floor":3,"gold_loss":0},{"damage_healed":0,"gold_gain":0,"player_choice":"Donut","damage_taken":0,"max_hp_gain":5,"max_hp_loss":0,"event_name":"Big Fish","floor":4,"gold_loss":0},{"damage_healed":0,"gold_gain":0,"player_choice":"Upgraded","damage_taken":0,"max_hp_gain":0,"max_hp_loss":0,"event_name":"Upgrade Shrine","floor":20,"gold_loss":0,"cards_upgraded":["Slimebound:MassFeed"]},{"damage_healed":0,"gold_gain":0,"player_choice":"Obtained Relic","damage_taken":0,"relics_obtained":["Centennial Puzzle"],"max_hp_gain":0,"max_hp_loss":0,"event_name":"Addict","floor":25,"gold_loss":85},{"damage_healed":0,"gold_gain":0,"player_choice":"Joined the Cult","damage_taken":6,"max_hp_gain":0,"max_hp_loss":0,"event_name":"Nest","floor":27,"gold_loss":0,"cards_obtained":["RitualDagger"]},{"damage_healed":0,"gold_gain":0,"player_choice":"Fight","damage_taken":0,"max_hp_gain":0,"max_hp_loss":0,"event_name":"Mysterious Sphere","floor":37,"gold_loss":0},{"damage_healed":0,"gold_gain":0,"player_choice":"Fight","damage_taken":0,"max_hp_gain":0,"max_hp_loss":0,"event_name":"MindBloom","floor":46,"gold_loss":0}],"is_beta":false,"boss_relics":[{"not_picked":["Runic Dome","Replay:Drink Me"],"picked":"construct:WeddingRing"},{"not_picked":["hubris:BlackHole","aspiration:SecretTechniqueScroll"],"picked":"sneckomod:SneckoTalon"}],"items_purged_floors":[],"is_endless":false,"potions_floor_spawned":[2,5,10,24,28,29,31,33,35,44],"ascension_level":0}}