{"host":"f6tqpspb2ou2a4h5","time":1609444696,"event":{"mods":["2.2 Compatiblity","Ascension Unlocker","BaseMod","Colored Map","DeckTracker","Hermit","Highlight Path","KOR Keyword Fix","Keyboard Shortcuts","Minty Spire (QoL Compilation)","Permanent Neow","Quick Restart","Random Character Button","StSLib","SuperFastMode","The Poker Player","everything is the same but u backflip on backflip"],"gold_per_floor":[117,133,144,161,161,161,186,202,225,240,240,240,240,274,274,373,373,391,391,408,77,77,77,104,4,27,27,47,76,96,107,107,107,107],"floor_reached":33,"playtime":1333,"items_purged":["Strike_B","Strike_B"],"score":538,"play_id":"6da1d280-042e-45f0-b803-3307d56ecb67","local_time":"20210101045816","is_ascension_mode":true,"campfire_choices":[{"floor":6,"key":"REST"},{"floor":11,"key":"REST"},{"data":"White Noise","floor":13,"key":"SMITH"},{"floor":15,"key":"REST"},{"data":"Fission","floor":23,"key":"SMITH"},{"floor":27,"key":"REST"},{"data":"Sunder","floor":32,"key":"SMITH"}],"circlet_count":0,"master_deck":["AscendersBane","Strike_B","Defend_B","Defend_B","Defend_B","Defend_B","Zap","Dualcast","Biased Cognition+1","Coolheaded","Hologram","Ball Lightning","Ball Lightning","Doom and Gloom","White Noise+1","Compile Driver","Fission+1","Conserve Battery+1","Electrodynamics","Self Repair","Loop","Rip and Tear","Clumsy","Self Repair+1","Clumsy","Barrage","Sunder+1","Steam Power+1"],"relics":["Cracked Core","Juzu Bracelet","Strawberry","PreservedInsect","Cursed Key","Regal Pillow","Bottled Lightning","Bag of Preparation","Smiling Mask","Dream Catcher"],"acts_visited":["Exordium","TheCity"],"potions_floor_usage":[10,16,24,31],"damage_taken":[{"damage":0,"enemies":"Cultist","floor":1,"turns":2},{"damage":0,"enemies":"2 Louse","floor":2,"turns":2},{"damage":1,"enemies":"Jaw Worm","floor":3,"turns":3},{"damage":32,"enemies":"Exordium Thugs","floor":4,"turns":5},{"damage":8,"enemies":"Gremlin Nob","floor":7,"turns":4},{"damage":12,"enemies":"3 Louse","floor":8,"turns":3},{"damage":16,"enemies":"Lots of Slimes","floor":10,"turns":3},{"damage":19,"enemies":"Lagavulin","floor":14,"turns":4},{"damage":0,"enemies":"Slime Boss","floor":16,"turns":6},{"damage":15,"enemies":"Spheric Guardian","floor":18,"turns":4},{"damage":13,"enemies":"Shell Parasite","floor":20,"turns":3},{"damage":21,"enemies":"Slavers","floor":24,"turns":3},{"damage":20,"enemies":"3 Cultists","floor":28,"turns":4},{"damage":12,"enemies":"Book of Stabbing","floor":29,"turns":4},{"damage":3,"enemies":"Chosen and Byrds","floor":30,"turns":4},{"damage":13,"enemies":"Centurion and Healer","floor":31,"turns":4},{"damage":116,"enemies":"Champ","floor":33,"turns":9}],"seed_played":"7435982226580850108","potions_obtained":[{"floor":4,"key":"LiquidBronze"},{"floor":8,"key":"FairyPotion"},{"floor":10,"key":"Ancient Potion"},{"floor":14,"key":"FocusPotion"},{"floor":16,"key":"DistilledChaos"},{"floor":29,"key":"AttackPotion"}],"is_trial":false,"path_per_floor":["M","M","M","M","?","R","E","M","T","M","R","?","R","E","R","B",null,"M","?","M","$","T","R","E","$","T","R","M","E","M","M","R","B"],"character_chosen":"DEFECT","items_purchased":["Loop","Rip and Tear","Regal Pillow"],"campfire_rested":4,"item_purchase_floors":[21,21,21],"current_hp_per_floor":[50,50,49,17,17,39,31,19,26,10,34,34,34,15,39,39,71,56,56,43,43,43,43,29,29,29,68,65,70,77,81,81,0,0],"gold":107,"neow_bonus":"THREE_RARE_CARDS","is_daily":false,"chose_seed":false,"campfire_upgraded":3,"win_rate":0.0,"timestamp":1609444696,"path_taken":["M","M","M","M","?","R","E","M","T","M","R","?","R","E","R","BOSS","M","?","M","$","?","R","E","?","T","R","M","E","M","M","R","BOSS"],"items_purchased_type":["Card","Card","Relic"],"build_version":"2020-12-22","purchased_purges":2,"victory":false,"max_hp_per_floor":[75,75,75,75,75,75,75,75,82,82,82,82,82,82,82,82,82,82,82,82,82,82,82,82,82,82,82,82,82,82,82,82,82,82],"card_choices":[{"not_picked":["Echo Form","Core Surge"],"picked":"Biased Cognition","floor":0},{"not_picked":["Gash","Stack"],"picked":"Coolheaded","floor":1},{"not_picked":["Streamline","Consume","Rebound"],"picked":"SKIP","floor":2},{"not_picked":["Tempest","Streamline"],"picked":"Hologram","floor":3},{"not_picked":["Coolheaded","Cold Snap"],"picked":"Ball Lightning","floor":4},{"not_picked":["Skim","Aggregate"],"picked":"Ball Lightning","floor":7},{"not_picked":["Leap","Recycle"],"picked":"Doom and Gloom","floor":8},{"not_picked":["Consume","Hello World"],"picked":"White Noise","floor":10},{"not_picked":["Double Energy","Streamline"],"picked":"Compile Driver","floor":14},{"not_picked":["Machine Learning","Reboot"],"picked":"Fission","floor":16},{"not_picked":["Rebound+1","Ball Lightning"],"picked":"Conserve Battery+1","floor":18},{"not_picked":["Echo Form","Redo"],"picked":"Self Repair","floor":20},{"not_picked":["All For One","Redo"],"picked":"Self Repair+1","floor":24},{"not_picked":["Gash","White Noise"],"picked":"Barrage","floor":28},{"not_picked":["Cold Snap","Gash"],"picked":"Sunder","floor":29},{"not_picked":["Double Energy","Ball Lightning","Capacitor+1"],"picked":"SKIP","floor":30},{"not_picked":["Conserve Battery","Fission"],"picked":"Steam Power+1","floor":31}],"player_experience":55030,"relics_obtained":[{"floor":7,"key":"Juzu Bracelet"},{"floor":9,"key":"Strawberry"},{"floor":14,"key":"PreservedInsect"},{"floor":22,"key":"Bottled Lightning"},{"floor":24,"key":"Bag of Preparation"},{"floor":26,"key":"Smiling Mask"},{"floor":29,"key":"Dream Catcher"}],"event_choices":[{"cards_removed":["Strike_B"],"damage_healed":0,"gold_gain":0,"player_choice":"Offered Basic","damage_taken":0,"max_hp_gain":0,"max_hp_loss":0,"event_name":"Bonfire Elementals","floor":5,"gold_loss":0},{"damage_healed":0,"gold_gain":0,"player_choice":"Grow","damage_taken":0,"max_hp_gain":0,"max_hp_loss":0,"event_name":"Living Wall","floor":12,"gold_loss":0,"cards_upgraded":["Biased Cognition"]},{"damage_healed":0,"gold_gain":0,"player_choice":"1 cards matched","damage_taken":0,"max_hp_gain":0,"max_hp_loss":0,"event_name":"Match and Keep!","floor":19,"gold_loss":0,"cards_obtained":["Electrodynamics"]}],"is_beta":false,"boss_relics":[{"not_picked":["Runic Pyramid","SlaversCollar"],"picked":"Cursed Key"}],"items_purged_floors":[21,25],"is_endless":false,"potions_floor_spawned":[4,8,10,14,16,18,29,30],"killed_by":"Champ","ascension_level":11}}