{"host":"963ykkbusvcbqwtq","time":1609423006,"event":{"mods":["2.2 Compatiblity","AchievementEnabler","Arknights The Spire","BaseMod","Colored Map","GifTheSpireLib","GungeonMod","Lobotomy","Luminous","Minty Spire (QoL Compilation)","StSLib","SuperFastMode","The Bug Knight"],"gold_per_floor":[109,122,140,8993,9008,9008,9036,9055,9082,9112,9123,9123,9137,8631,8631,8762,8762,8792,8819,8836,8935,8850,8881,8893,8926,8926,8926,8931,8931],"floor_reached":28,"playtime":1343,"items_purged":["DemoMod:Strike_Huntress","DemoMod:Strike_Huntress"],"score":509,"play_id":"b5913030-3f53-4666-915a-30b88cc062c7","local_time":"20201231225646","is_ascension_mode":true,"campfire_choices":[{"data":"DemoMod:Behold!","floor":6,"key":"SMITH"},{"data":"DemoMod:TableSutra","floor":12,"key":"SMITH"},{"data":"DemoMod:TripleGun","floor":15,"key":"SMITH"},{"data":"DemoMod:SniperShot","floor":27,"key":"SMITH"}],"circlet_count":0,"master_deck":["DemoMod:Strike_Huntress","DemoMod:Defend_Huntress","DemoMod:Defend_Huntress","DemoMod:Defend_Huntress","DemoMod:Defend_Huntress","DemoMod:Roll","DemoMod:ManualReload","DemoMod:RustySidearm","DemoMod:CrossBow","DemoMod:Casey","DemoMod:TableSutra+1","DemoMod:AWP","DemoMod:Behold!+1","DemoMod:GunShield","DemoMod:BlankBullets","DemoMod:TripleGun+1","DemoMod:Unmoved","DemoMod:SuppressiveFire","DemoMod:ConditionalReflex","VoidDream","DemoMod:SniperShot+1"],"relics":["DemoMod:Dog","CogitoBucket","RabbitCall","HollowMod:JonisBlessing","DemoMod:PoisonVial","White Beast Statue","ats:Originium","Blue Candle","ChangeAnything","Oddly Smooth Stone","Anchor","DemoMod:DecoyRelic","Vajra","DemoMod:WaxWing","AspirationHeart","Ice Cream","DemoMod:Bottle","DemoMod:PinkGuonStone"],"acts_visited":["Exordium","TheCity","DemoMod:Maze"],"potions_floor_usage":[16,18,28,28,28,28],"damage_taken":[{"damage":8,"enemies":"Cultist","floor":1,"turns":5},{"damage":3,"enemies":"2 Louse","floor":2,"turns":2},{"damage":0,"enemies":"Small Slimes","floor":3,"turns":1},{"damage":0,"enemies":"3 Louse","floor":5,"turns":1},{"damage":22,"enemies":"Gremlin Nob","floor":7,"turns":7},{"damage":0,"enemies":"Blue Slaver","floor":8,"turns":7},{"damage":3,"enemies":"Lagavulin","floor":10,"turns":5},{"damage":0,"enemies":"Looter","floor":11,"turns":1},{"damage":0,"enemies":"Exordium Thugs","floor":13,"turns":3},{"damage":0,"enemies":"Hexaghost","floor":16,"turns":9},{"damage":0,"enemies":"Shell Parasite","floor":18,"turns":12},{"damage":0,"enemies":"Spheric Guardian","floor":19,"turns":2},{"damage":0,"enemies":"3 Cultists","floor":20,"turns":3},{"damage":0,"enemies":"Gremlin Leader","floor":23,"turns":7},{"damage":0,"enemies":"Sentry and Sphere","floor":24,"turns":6},{"damage":0,"enemies":"Book of Stabbing","floor":25,"turns":7},{"damage":98,"enemies":"DemoMod:Veteran_shot_gun_kin_and_bullet_kin","floor":28,"turns":11}],"seed_played":"5840409919494036686","potions_obtained":[{"floor":1,"key":"SkillPotion"},{"floor":5,"key":"Strength Potion"},{"floor":8,"key":"LiquidMemories"},{"floor":11,"key":"Regen Potion"},{"floor":16,"key":"Dexterity Potion"},{"floor":19,"key":"Dexterity Potion"},{"floor":24,"key":"DistilledChaos"}],"is_trial":false,"path_per_floor":["M","M","M","$","M","R","E","M","T","E","M","R","M","$","R","B",null,"M","M","M","?","?","E","M","E","T","R","M"],"character_chosen":"HUNTRESS","items_purchased":["HollowMod:JonisBlessing","DemoMod:PoisonVial","White Beast Statue","DemoMod:GnawedKey","DemoMod:Behold!","DemoMod:GunShield","DemoMod:BlankBullets","DemoMod:DecoyRelic","Vajra"],"campfire_rested":0,"item_purchase_floors":[4,4,4,4,4,4,4,14,14],"current_hp_per_floor":[62,59,59,59,59,59,37,37,37,34,34,34,34,34,34,34,70,80,80,80,80,80,80,80,87,87,87,0,0],"gold":8931,"neow_bonus":"","is_daily":false,"chose_seed":false,"campfire_upgraded":4,"win_rate":0.0,"timestamp":1609423006,"path_taken":["M","?","M","$","M","R","E","M","T","E","M","R","M","$","R","BOSS","M","M","M","?","?","E","M","E","T","R","M"],"items_purchased_type":["Relic","Relic","Relic","Relic","Card","Card","Card","Relic","Relic"],"build_version":"2020-12-22","purchased_purges":2,"victory":false,"max_hp_per_floor":[70,70,70,70,70,70,70,70,70,70,70,70,70,70,70,70,70,80,80,80,80,80,80,80,87,87,87,87,87],"card_choices":[{"not_picked":["DemoMod:BoxingGlove","DemoMod:LifeOrb"],"picked":"DemoMod:Casey","floor":1},{"not_picked":["DemoMod:FastSwitch","DemoMod:DoubleSwitch"],"picked":"DemoMod:TableSutra","floor":2},{"not_picked":["DemoMod:MachoBrace","DemoMod:LifeOrb"],"picked":"DemoMod:AWP","floor":3},{"not_picked":["DemoMod:AWP","DemoMod:Unity","DemoMod:AC15"],"picked":"SKIP","floor":5},{"not_picked":["DemoMod:MachoBrace","DemoMod:AWP"],"picked":"DemoMod:TripleGun","floor":7},{"not_picked":["DemoMod:HuntsMan","DemoMod:Replace","DemoMod:HardPowerCard"],"picked":"SKIP","floor":8},{"not_picked":["DemoMod:AC15","DemoMod:Casey","DemoMod:Ejector"],"picked":"SKIP","floor":10},{"not_picked":["DemoMod:Replace","DemoMod:FortunesFavor"],"picked":"DemoMod:Unmoved","floor":11},{"not_picked":["DemoMod:StrategicReserve","DemoMod:TeaPot","DemoMod:GunstockTap"],"picked":"SKIP","floor":13},{"not_picked":["DemoMod:BlankBullets","DemoMod:Elimentaler"],"picked":"DemoMod:SuppressiveFire","floor":16},{"not_picked":["DemoMod:DoubleSwitch+1","DemoMod:AbyssalTentacle","DemoMod:Unmoved"],"picked":"SKIP","floor":18},{"not_picked":["DemoMod:Unity+1","DemoMod:Replace","DemoMod:StrategicReserve"],"picked":"SKIP","floor":19},{"not_picked":["DemoMod:Replace","DemoMod:Evolver"],"picked":"DemoMod:ConditionalReflex","floor":20},{"not_picked":["DemoMod:PotionOfGunFriendShip","DemoMod:Replace","DemoMod:Ejector"],"picked":"SKIP","floor":23},{"not_picked":["GreedKing","DespairKnight"],"picked":"VoidDream","floor":24},{"not_picked":["DemoMod:Replace","DemoMod:JK47","DemoMod:HardPowerCard+1"],"picked":"SKIP","floor":24},{"not_picked":["DemoMod:PotionOfGunFriendShip","DemoMod:JK47+1"],"picked":"DemoMod:SniperShot","floor":25}],"player_experience":231406,"relics_obtained":[{"floor":7,"key":"ats:Originium"},{"floor":7,"key":"Blue Candle"},{"floor":9,"key":"Oddly Smooth Stone"},{"floor":10,"key":"ats:Originium"},{"floor":10,"key":"Anchor"},{"floor":23,"key":"ats:Originium"},{"floor":23,"key":"DemoMod:Bottle"},{"floor":25,"key":"DemoMod:PinkGuonStone"}],"event_choices":[{"damage_healed":0,"gold_gain":99,"player_choice":"Stole From Cult","damage_taken":0,"max_hp_gain":0,"max_hp_loss":0,"event_name":"Nest","floor":21,"gold_loss":0},{"damage_healed":0,"gold_gain":0,"player_choice":"Obtained Relic","damage_taken":0,"relics_obtained":["Ice Cream"],"max_hp_gain":0,"max_hp_loss":0,"event_name":"Addict","floor":22,"gold_loss":85}],"is_beta":false,"boss_relics":[{"not_picked":["SacredBark","DemoMod:Wolf"],"picked":"DemoMod:WaxWing"}],"items_purged_floors":[4,14],"is_endless":false,"potions_floor_spawned":[1,5,8,11,13,16,19,20,24,25],"killed_by":"DemoMod:Veteran_shot_gun_kin_and_bullet_kin","ascension_level":2}}