{"host":"480qzmvu0s2e3e6w","time":1609441289,"event":{"mods":["BaseMod","Colored Map","DeckTracker","Minty Spire (QoL Compilation)","StSLib","SuperFastMode"],"gold_per_floor":[218,218,236,248,267,267,267,120,201,201,228,245,245,27,27,104,154,165,165,178,198,76,103,103,118,172,172,98,98,98,115,115,192,192,210,221,234,246,72,72,90,90,90,109,109,109,126,53,53,53,53],"floor_reached":50,"playtime":2542,"items_purged":["Strike_G","Strike_G","Strike_G"],"score":812,"play_id":"2494f295-a580-4051-8d36-4dc66fab49d2","local_time":"20210101040129","is_ascension_mode":true,"campfire_choices":[{"data":"All Out Attack","floor":6.0,"key":"SMITH"},{"data":"Neutralize","floor":10.0,"key":"SMITH"},{"data":"Noxious Fumes","floor":13.0,"key":"SMITH"},{"data":"Footwork","floor":15.0,"key":"SMITH"},{"data":"Noxious Fumes","floor":24.0,"key":"SMITH"},{"floor":27.0,"key":"REST"},{"floor":32.0,"key":"REST"},{"data":"Tactician","floor":40.0,"key":"SMITH"},{"data":"Burst","floor":42.0,"key":"SMITH"},{"data":"Night Terror","floor":45.0,"key":"SMITH"},{"floor":49,"key":"RECALL"}],"circlet_count":0,"master_deck":["AscendersBane","Strike_G","Defend_G","Defend_G","Defend_G","Defend_G","Defend_G","Survivor","Neutralize+1","Quick Slash","PiercingWail","Dagger Throw","All Out Attack+1","Well Laid Plans+1","Backstab","Noxious Fumes+1","Footwork+1","Leg Sweep","Venomology","Burst+1","Noxious Fumes+1","Tactician+1","Acrobatics","Escape Plan","Footwork+1","Bouncing Flask","Night Terror+1","Venomology","Deadly Poison","Backflip","PiercingWail+1","Reflex"],"relics":["Ring of the Snake","Happy Flower","Eternal Feather","Bronze Scales","Tiny House","Turnip","PreservedInsect","Cursed Key"],"acts_visited":["Exordium","TheCity","TheBeyond"],"potions_floor_usage":[47,47,50,50,50],"damage_taken":[{"damage":1.0,"enemies":"2 Louse","floor":1.0,"turns":3.0},{"damage":5.0,"enemies":"Cultist","floor":3.0,"turns":5.0},{"damage":7.0,"enemies":"Jaw Worm","floor":4.0,"turns":5.0},{"damage":10.0,"enemies":"Exordium Thugs","floor":5.0,"turns":6.0},{"damage":13.0,"enemies":"3 Sentries","floor":11.0,"turns":7.0},{"damage":2.0,"enemies":"2 Fungi Beasts","floor":12.0,"turns":3.0},{"damage":4.0,"enemies":"The Guardian","floor":16.0,"turns":10.0},{"damage":1.0,"enemies":"3 Byrds","floor":18.0,"turns":3.0},{"damage":10.0,"enemies":"Spheric Guardian","floor":20.0,"turns":6.0},{"damage":8.0,"enemies":"Shelled Parasite and Fungi","floor":21.0,"turns":7.0},{"damage":39.0,"enemies":"Book of Stabbing","floor":23.0,"turns":8.0},{"damage":9.0,"enemies":"Snake Plant","floor":25.0,"turns":4.0},{"damage":46.0,"enemies":"Cultist and Chosen","floor":31.0,"turns":8.0},{"damage":34.0,"enemies":"Collector","floor":33.0,"turns":10.0},{"damage":21.0,"enemies":"Orb Walker","floor":35.0,"turns":5.0},{"damage":0.0,"enemies":"3 Shapes","floor":36.0,"turns":6.0},{"damage":8.0,"enemies":"Writhing Mass","floor":37.0,"turns":6.0},{"damage":13.0,"enemies":"4 Shapes","floor":38.0,"turns":5.0},{"damage":25.0,"enemies":"Spire Growth","floor":41.0,"turns":6.0},{"damage":10.0,"enemies":"Maw","floor":44.0,"turns":9.0},{"damage":5,"enemies":"3 Darklings","floor":47,"turns":4},{"damage":62,"enemies":"Time Eater","floor":50,"turns":9}],"seed_played":"9188980095592187240","potions_obtained":[{"floor":1.0,"key":"SkillPotion"},{"floor":5.0,"key":"Fire Potion"},{"floor":17.0,"key":"DistilledChaos"},{"floor":18.0,"key":"Strength Potion"},{"floor":21.0,"key":"Block Potion"},{"floor":25.0,"key":"PowerPotion"},{"floor":35.0,"key":"Block Potion"},{"floor":38.0,"key":"BlessingOfTheForge"},{"floor":41.0,"key":"Dexterity Potion"}],"is_trial":false,"path_per_floor":["M","?","M","M","M","R","?","$","T","R","E","M","R","$","R","B",null,"M","?","M","M","$","E","R","M","T","R","$","?","T","M","R","B",null,"M","M","M","M","$","R","M","R","T","M","R","?","M","$","R","B"],"character_chosen":"THE_SILENT","items_purchased":["Well Laid Plans","Footwork","Leg Sweep","Tactician","Acrobatics","Bouncing Flask","Backflip","Reflex"],"campfire_rested":2,"item_purchase_floors":[8,14,14,22,22,28,39,48],"current_hp_per_floor":[58,58,53,46,36,36,29,29,29,38,25,23,32,32,41,37,64,63,63,53,45,45,6,21,12,12,48,48,48,48,2,38,4,54,33,33,25,12,12,30,15,33,33,23,41,41,36,36,54,0,0],"gold":53,"neow_bonus":"HUNDRED_GOLD","is_daily":false,"chose_seed":false,"campfire_upgraded":8,"win_rate":0.0,"timestamp":1609441289,"path_taken":["M","?","?","M","?","R","?","$","T","R","E","M","R","?","R","BOSS","M","?","M","M","$","E","R","M","T","R","$","?","?","M","R","BOSS","M","M","M","M","$","R","M","R","T","M","R","?","M","$","R","BOSS"],"items_purchased_type":["Card","Card","Card","Card","Card","Card","Card","Card"],"build_version":"2020-12-22","purchased_purges":3,"victory":false,"max_hp_per_floor":[66,66,66,66,66,66,66,66,66,66,66,66,66,66,66,66,71,71,71,71,71,71,71,71,71,71,71,71,71,71,71,71,71,71,71,71,71,71,71,71,71,71,71,71,71,71,71,71,71,71,71],"card_choices":[{"not_picked":["Infinite Blades","Outmaneuver"],"picked":"Quick Slash","floor":1.0},{"not_picked":["Finisher","Catalyst"],"picked":"PiercingWail","floor":3.0},{"not_picked":["Deflect","Catalyst"],"picked":"Dagger Throw","floor":4.0},{"not_picked":["Underhanded Strike","Flechettes"],"picked":"All Out Attack","floor":5.0},{"not_picked":["Blade Dance","Calculated Gamble"],"picked":"Backstab","floor":11.0},{"not_picked":["Prepared","Bane"],"picked":"Noxious Fumes","floor":12.0},{"not_picked":["Doppelganger","A Thousand Cuts"],"picked":"Venomology","floor":16.0},{"not_picked":["Poisoned Stab","Underhanded Strike"],"picked":"Burst","floor":18.0},{"not_picked":["Acrobatics","Blade Dance","Deflect"],"picked":"SKIP","floor":20.0},{"not_picked":["Skewer","Slice+1"],"picked":"Noxious Fumes","floor":21.0},{"not_picked":["Dagger Spray","Acrobatics"],"picked":"Escape Plan","floor":23.0},{"not_picked":["Blade Dance","Terror"],"picked":"Footwork+1","floor":25.0},{"not_picked":["Blade Dance","Dagger Spray"],"picked":"Night Terror","floor":31.0},{"not_picked":["Malaise","Storm of Steel"],"picked":"Venomology","floor":33.0},{"not_picked":["Concentrate","Endless Agony","Acrobatics"],"picked":"SKIP","floor":35.0},{"not_picked":["Dodge and Roll","Tactician"],"picked":"Deadly Poison","floor":36.0},{"not_picked":["Blade Dance","Setup","Concentrate"],"picked":"SKIP","floor":37.0},{"not_picked":["Cloak And Dagger+1","Deflect","Slice"],"picked":"SKIP","floor":38.0},{"not_picked":["Accuracy","Bane+1","Deadly Poison+1"],"picked":"SKIP","floor":41.0},{"not_picked":["Dagger Spray","Poisoned Stab"],"picked":"PiercingWail+1","floor":44.0},{"not_picked":["Dash+1","Poisoned Stab","Sucker Punch"],"picked":"SKIP","floor":47}],"player_experience":628231,"relics_obtained":[{"floor":9.0,"key":"Eternal Feather"},{"floor":11.0,"key":"Bronze Scales"},{"floor":23.0,"key":"Turnip"},{"floor":30.0,"key":"PreservedInsect"}],"event_choices":[{"damage_healed":0.0,"max_hp_gain":0.0,"max_hp_loss":0.0,"gold_gain":0.0,"event_name":"WeMeetAgain","player_choice":"Gave Potion","floor":2.0,"gold_loss":0.0,"damage_taken":0.0,"relics_obtained":["Happy Flower"]},{"cards_removed":["Strike_G"],"damage_healed":0.0,"max_hp_gain":0.0,"max_hp_loss":0.0,"gold_gain":0.0,"event_name":"Golden Wing","player_choice":"Card Removal","floor":7.0,"gold_loss":0.0,"damage_taken":7.0},{"damage_healed":0.0,"max_hp_gain":0.0,"max_hp_loss":0.0,"gold_gain":0.0,"event_name":"Cursed Tome","player_choice":"Ignored","floor":19.0,"gold_loss":0.0,"damage_taken":0.0},{"damage_healed":0.0,"max_hp_gain":0.0,"max_hp_loss":0.0,"gold_gain":0.0,"event_name":"The Mausoleum","player_choice":"Ignored","floor":29.0,"gold_loss":0.0,"damage_taken":0.0},{"damage_healed":0,"gold_gain":0,"player_choice":"Ignored","damage_taken":0,"max_hp_gain":0,"max_hp_loss":0,"event_name":"Mysterious Sphere","floor":46,"gold_loss":0}],"is_beta":false,"boss_relics":[{"not_picked":["Runic Dome","Busted Crown"],"picked":"Tiny House"},{"not_picked":["Velvet Choker","Sozu"],"picked":"Cursed Key"}],"items_purged_floors":[8,14,39],"is_endless":false,"potions_floor_spawned":[1,5,18,21,25,35,38,41,44],"killed_by":"Time Eater","ascension_level":15}}