{"host":"ydujlihd8f5px9gp","time":1609449764,"event":{"mods":["AchievementEnabler","BaseMod","Block Reminder","Colored Map","Minty Spire (QoL Compilation)","ojb\u0027s Info Mod"],"gold_per_floor":[16,16,31,49,16,37,60,75,75,88,88,88,101,101,101,101,101],"floor_reached":16,"playtime":455,"items_purged":[],"score":96,"play_id":"5c563026-5455-4140-b6be-9dc22830a502","local_time":"20201231192244","is_ascension_mode":false,"campfire_choices":[{"data":"True Grit","floor":11,"key":"SMITH"},{"floor":15,"key":"REST"}],"circlet_count":0,"master_deck":["Strike_R","Strike_R","Strike_R","Strike_R","Defend_R","Defend_R","Defend_R","Bash","True Grit+1","Entrench"],"relics":["Burning Blood","Golden Idol","Self Forming Clay","Shuriken"],"acts_visited":["Exordium"],"potions_floor_usage":[16,16,16],"damage_taken":[{"damage":0,"enemies":"Small Slimes","floor":1,"turns":3},{"damage":2,"enemies":"2 Louse","floor":3,"turns":4},{"damage":1,"enemies":"Cultist","floor":4,"turns":3},{"damage":12,"enemies":"2 Fungi Beasts","floor":6,"turns":5},{"damage":12,"enemies":"Looter","floor":7,"turns":4},{"damage":16,"enemies":"Red Slaver","floor":8,"turns":4},{"damage":10,"enemies":"Blue Slaver","floor":10,"turns":5},{"damage":4,"enemies":"2 Fungi Beasts","floor":13,"turns":4},{"damage":38,"enemies":"The Guardian","floor":16,"turns":8}],"seed_played":"5421154848804153733","potions_obtained":[{"floor":6,"key":"GamblersBrew"},{"floor":7,"key":"Strength Potion"},{"floor":8,"key":"FearPotion"}],"is_trial":false,"path_per_floor":["M","?","M","M","?","M","M","M","T","M","R","?","M","?","R","B"],"character_chosen":"IRONCLAD","items_purchased":[],"campfire_rested":1,"item_purchase_floors":[],"current_hp_per_floor":[80,60,64,69,69,63,57,47,47,43,43,25,27,27,51,13,13],"gold":101,"neow_bonus":"REMOVE_TWO","is_daily":false,"chose_seed":false,"campfire_upgraded":1,"win_rate":0.0,"timestamp":1609449764,"path_taken":["M","?","M","M","?","M","M","M","T","M","R","?","M","?","R","BOSS"],"items_purchased_type":[],"build_version":"2020-12-22","purchased_purges":0,"victory":false,"max_hp_per_floor":[80,80,80,80,80,80,80,80,80,80,80,80,80,80,80,80,80],"card_choices":[{"not_picked":["Pommel Strike","Twin Strike","Headbutt"],"picked":"SKIP","floor":1},{"not_picked":["Iron Wave","Headbutt","Whirlwind"],"picked":"SKIP","floor":3},{"not_picked":["Clash","Shrug It Off","Inflame"],"picked":"SKIP","floor":4},{"not_picked":["Flex","Headbutt","Iron Wave"],"picked":"SKIP","floor":6},{"not_picked":["Twin Strike","Flame Barrier"],"picked":"True Grit","floor":7},{"not_picked":["Seeing Red","Bloodletting","Rampage"],"picked":"SKIP","floor":8},{"not_picked":["Pommel Strike","Offering","Dark Embrace"],"picked":"SKIP","floor":10},{"not_picked":["Twin Strike","Flex"],"picked":"Entrench","floor":13}],"player_experience":82163,"relics_obtained":[{"floor":9,"key":"Self Forming Clay"}],"event_choices":[{"damage_healed":0,"gold_gain":0,"player_choice":"Take Damage","damage_taken":20,"relics_obtained":["Golden Idol"],"max_hp_gain":0,"max_hp_loss":0,"event_name":"Golden Idol","floor":2,"gold_loss":0},{"damage_healed":0,"gold_gain":0,"player_choice":"Left Gold","damage_taken":0,"max_hp_gain":0,"max_hp_loss":0,"event_name":"World of Goop","floor":5,"gold_loss":33},{"damage_healed":0,"gold_gain":0,"player_choice":"Success","damage_taken":18,"relics_obtained":["Shuriken"],"max_hp_gain":0,"max_hp_loss":0,"event_name":"Scrap Ooze","floor":12,"gold_loss":0},{"damage_healed":0,"gold_gain":0,"player_choice":"Ignored","damage_taken":0,"max_hp_gain":0,"max_hp_loss":0,"event_name":"Golden Wing","floor":14,"gold_loss":0}],"is_beta":false,"boss_relics":[],"items_purged_floors":[],"is_endless":false,"potions_floor_spawned":[6,7,8],"killed_by":"The Guardian","ascension_level":0}}