{"host":"9vecvdjkx64cw9bo","time":1609426599,"event":{"mods":["Ascension Unlocker","BaseMod","Custom Start","Keyboard Shortcuts","Minty Spire (QoL Compilation)","Quick Restart","StSLib","SuperFastMode"],"gold_per_floor":[116,0,0,0,19,19,54,54,132,162,162,18,31,50,50,123,123,138,138,154,154,154],"floor_reached":21,"playtime":475,"items_purged":["Strike_R","Strike_R"],"score":424,"play_id":"f202cb98-763d-4680-bab0-16f616c9b4be","local_time":"20201231235639","is_ascension_mode":true,"campfire_choices":[{"data":"Blood for Blood","floor":6.0,"key":"SMITH"},{"data":"Dark Embrace","floor":8.0,"key":"SMITH"},{"data":"Rupture","floor":15.0,"key":"SMITH"}],"circlet_count":0,"master_deck":["AscendersBane","Strike_R","Defend_R","Defend_R","Defend_R","Defend_R","Bash","Dark Embrace+1","Feel No Pain","Metallicize","Blood for Blood+1","Hemokinesis","True Grit","Battle Trance","Rupture+1","Double Tap","Disarm","Fire Breathing+1"],"relics":["Burning Blood","NeowsBlessing","Ornamental Fan","Sundial","Self Forming Clay","The Courier","Runic Pyramid"],"acts_visited":["Exordium","TheCity"],"potions_floor_usage":[],"damage_taken":[{"damage":0.0,"enemies":"Cultist","floor":1.0,"turns":1.0},{"damage":0.0,"enemies":"Jaw Worm","floor":5.0,"turns":1.0},{"damage":0.0,"enemies":"Gremlin Nob","floor":7.0,"turns":2.0},{"damage":11.0,"enemies":"3 Sentries","floor":10.0,"turns":10.0},{"damage":1.0,"enemies":"2 Louse","floor":13.0,"turns":4.0},{"damage":32.0,"enemies":"Lots of Slimes","floor":14.0,"turns":6.0},{"damage":33.0,"enemies":"Hexaghost","floor":16.0,"turns":8.0},{"damage":28,"enemies":"Shell Parasite","floor":18,"turns":4},{"damage":18,"enemies":"Spheric Guardian","floor":20,"turns":5},{"damage":28,"enemies":"Snecko","floor":21,"turns":6}],"seed_played":"1850293684227888993","potions_obtained":[{"floor":4.0,"key":"SpeedPotion"},{"floor":4.0,"key":"DuplicationPotion"},{"floor":7.0,"key":"DistilledChaos"},{"floor":16.0,"key":"Explosive Potion"}],"is_trial":false,"path_per_floor":["M","$","?","?","M","R","E","R","T","E","?","$","M","M","R","B",null,"M","?","M","M"],"character_chosen":"IRONCLAD","items_purchased":["Feel No Pain","Battle Trance"],"campfire_rested":0,"item_purchase_floors":[2,12],"current_hp_per_floor":[74,74,74,74,75,75,75,75,75,70,65,65,70,44,44,17,61,39,39,27,0,0],"gold":154,"neow_bonus":"THREE_ENEMY_KILL","is_daily":false,"chose_seed":false,"campfire_upgraded":3,"win_rate":0.0,"timestamp":1609426599,"path_taken":["M","?","?","?","?","R","E","R","T","E","?","$","M","M","R","BOSS","M","?","M","?"],"items_purchased_type":["Card","Card"],"build_version":"2020-12-22","purchased_purges":2,"victory":false,"max_hp_per_floor":[75,75,75,75,75,75,75,75,75,75,75,75,75,75,75,75,75,75,75,75,75,75],"card_choices":[{"not_picked":["Shrug It Off","Heavy Blade"],"picked":"Dark Embrace","floor":1.0},{"not_picked":["Wild Strike","Feel No Pain"],"picked":"Blood for Blood","floor":5.0},{"not_picked":["Clothesline","True Grit"],"picked":"Hemokinesis","floor":7.0},{"not_picked":["Searing Blow","Heavy Blade"],"picked":"True Grit","floor":10.0},{"not_picked":["Rampage","Iron Wave","Entrench"],"picked":"SKIP","floor":13.0},{"not_picked":["Power Through","Flame Barrier"],"picked":"Rupture","floor":14.0},{"not_picked":["Feed","Fiend Fire"],"picked":"Double Tap","floor":16.0},{"not_picked":["Clothesline","Twin Strike"],"picked":"Disarm","floor":18},{"not_picked":["Uppercut","Iron Wave"],"picked":"Fire Breathing+1","floor":20}],"player_experience":775020,"relics_obtained":[{"floor":7.0,"key":"Ornamental Fan"},{"floor":9.0,"key":"Sundial"},{"floor":10.0,"key":"Self Forming Clay"}],"event_choices":[{"damage_healed":0.0,"max_hp_gain":0.0,"max_hp_loss":0.0,"gold_gain":0.0,"cards_transformed":["Strike_R"],"event_name":"Living Wall","player_choice":"Change","floor":3.0,"gold_loss":0.0,"damage_taken":0.0,"cards_obtained":["Metallicize"]},{"damage_healed":0.0,"max_hp_gain":0.0,"max_hp_loss":0.0,"gold_gain":0.0,"event_name":"Lab","player_choice":"Got Potions","floor":4.0,"gold_loss":0.0,"damage_taken":0.0},{"damage_healed":0.0,"max_hp_gain":0.0,"max_hp_loss":0.0,"gold_gain":0.0,"event_name":"Scrap Ooze","player_choice":"Success","floor":11.0,"gold_loss":0.0,"damage_taken":5.0,"relics_obtained":["The Courier"]},{"cards_removed":["Strike_R"],"damage_healed":0,"gold_gain":0,"player_choice":"Purged","damage_taken":0,"max_hp_gain":0,"max_hp_loss":0,"event_name":"Purifier","floor":19,"gold_loss":0}],"is_beta":false,"boss_relics":[{"not_picked":["Calling Bell","Coffee Dripper"],"picked":"Runic Pyramid"}],"items_purged_floors":[2,12],"is_endless":false,"potions_floor_spawned":[7,13,16,18],"killed_by":"Snecko","ascension_level":20}}