{"host":"wqsqub3crsxqknzv","time":1609456645,"event":{"mods":["BaseMod","Better Third Choice","Colored Powertips","Conspire","Hubris","Infinite Spire","Jedi Mod","Minty Spire (QoL Compilation)","Replay The Spire","StSLib"],"gold_per_floor":[116,134,152,3,22,22,22,22,22,56,56,156,173,191,191,289,289,301,226,226,236,248,248,248,248],"floor_reached":24,"playtime":776,"items_purged":[],"score":248,"play_id":"7adccef6-4074-4990-9d2b-7f8a9b822564","local_time":"20210101011725","is_ascension_mode":false,"campfire_choices":[{"data":"Zap","floor":6,"key":"SMITH"},{"data":"Beam Cell","floor":8,"key":"SMITH"},{"data":"jedi:meditation","floor":11,"key":"SMITH"},{"floor":23,"key":"REST"}],"circlet_count":0,"master_deck":["Strike_B","Strike_B+1","Strike_B","Defend_B","Defend_B","Defend_B","Defend_B","Zap+1","Dualcast","Coolheaded","Leap","Beam Cell+1","jedi:meditation+1","Loop","jedi:readyaimfire","Cold Snap+1"],"relics":["infinitespire:Cupcake","infinitespire:Satchel","jedi:HeartOfTheCards","jedi:cryingmask","Sozu","Enchiridion"],"acts_visited":["Exordium","TheCity"],"potions_floor_usage":[5,16],"damage_taken":[{"damage":1,"enemies":"Cultist","floor":1,"turns":4},{"damage":0,"enemies":"2 Louse","floor":2,"turns":3},{"damage":0,"enemies":"Small Slimes","floor":3,"turns":3},{"damage":1,"enemies":"Looter","floor":5,"turns":3},{"damage":17,"enemies":"3 Sentries","floor":10,"turns":11},{"damage":3,"enemies":"Exordium Wildlife","floor":13,"turns":5},{"damage":12,"enemies":"3 Louse","floor":14,"turns":4},{"damage":0,"enemies":"Hexaghost","floor":16,"turns":10},{"damage":1,"enemies":"Chosen","floor":18,"turns":5},{"damage":15,"enemies":"2 Thieves","floor":21,"turns":5},{"damage":43,"enemies":"3 Cultists","floor":22,"turns":6},{"damage":36,"enemies":"Snake Plant","floor":24,"turns":4}],"seed_played":"-5415379430323964284","potions_obtained":[{"floor":2,"key":"SteroidPotion"},{"floor":13,"key":"Venom Potion"},{"floor":14,"key":"Swift Potion"}],"is_trial":false,"path_per_floor":["M","M","M","$","M","R","$","R","T","E","R","?","M","M","R","B",null,"M","?","?","M","M","R","M"],"character_chosen":"DEFECT","items_purchased":["infinitespire:Satchel"],"campfire_rested":1,"item_purchase_floors":[4],"current_hp_per_floor":[74,74,74,74,73,73,73,73,73,56,56,56,53,41,41,41,75,74,74,58,47,4,26,0,0],"gold":248,"neow_bonus":"BOSS_RELIC","is_daily":false,"chose_seed":false,"campfire_upgraded":3,"win_rate":0.0,"timestamp":1609456645,"path_taken":["M","M","?","$","?","R","$","R","T","E","R","?","?","M","R","BOSS","M","?","?","M","?","R","M"],"items_purchased_type":["Relic"],"build_version":"2020-11-29","purchased_purges":0,"victory":false,"max_hp_per_floor":[75,75,75,75,75,75,75,75,75,75,75,75,75,75,75,75,75,75,75,75,75,75,75,75,75],"card_choices":[{"not_picked":["jedi:overflow","BasicCrystalCard"],"picked":"Coolheaded","floor":1},{"not_picked":["Barrage","jedi:BurstLightning","Compile Driver"],"picked":"SKIP","floor":2},{"not_picked":["Aggregate","Hologram"],"picked":"Leap","floor":3},{"not_picked":["Fusion","Aggregate"],"picked":"Beam Cell","floor":5},{"not_picked":["Conserve Battery","Static Discharge"],"picked":"jedi:meditation","floor":10},{"not_picked":["Stack","Streamline","Scrape"],"picked":"SKIP","floor":13},{"not_picked":["Melter","Time Bomb"],"picked":"Loop","floor":14},{"not_picked":["Buffer","Thunder Strike"],"picked":"jedi:readyaimfire","floor":16},{"not_picked":["jedi:BurstLightning","Streamline"],"picked":"Cold Snap+1","floor":18},{"not_picked":["Go for the Eyes+1","jedi:BurstFrost","Blizzard+1"],"picked":"SKIP","floor":21},{"not_picked":["Chaos+1","Machine Learning","jedi:blockon"],"picked":"SKIP","floor":22}],"player_experience":8402,"relics_obtained":[{"floor":9,"key":"jedi:HeartOfTheCards"},{"floor":10,"key":"jedi:cryingmask"},{"floor":20,"key":"Enchiridion"}],"event_choices":[{"damage_healed":0,"gold_gain":100,"player_choice":"Pray","damage_taken":0,"max_hp_gain":0,"max_hp_loss":0,"event_name":"Golden Shrine","floor":12,"gold_loss":0},{"cards_removed":["Strike_B"],"damage_healed":0,"gold_gain":0,"player_choice":"Gave Gold","damage_taken":0,"max_hp_gain":0,"max_hp_loss":0,"event_name":"Beggar","floor":19,"gold_loss":75},{"damage_healed":0,"gold_gain":0,"player_choice":"Obtained Book","damage_taken":16,"max_hp_gain":0,"max_hp_loss":0,"event_name":"Cursed Tome","floor":20,"gold_loss":0}],"is_beta":false,"boss_relics":[{"not_picked":["Ring of Chaos","conspire:RoyalGoblet"],"picked":"Sozu"}],"items_purged_floors":[],"is_endless":false,"potions_floor_spawned":[2,13,14,18,21],"killed_by":"Snake Plant","ascension_level":0}}