{"host":"h0xw20cia6ppa69g","time":1609398389,"event":{"mods":["AchievementEnabler","BaseMod","Colored Map","Filter the Spire","Googly Eyes","Minty Spire (QoL Compilation)","Relic Stats","StSLib","The Awakened One except there are too many feathers","everything is the same but u backflip on backflip"],"gold_per_floor":[14,114,131,143,159,159,4,32,32,32,51,51,65,65,65,65,65],"floor_reached":16,"playtime":646,"items_purged":[],"score":143,"play_id":"1b943646-e429-4eca-be59-e8097adb5bb8","local_time":"20201231010629","is_ascension_mode":true,"campfire_choices":[{"data":"Feed","floor":6.0,"key":"SMITH"},{"data":"Whirlwind","floor":15.0,"key":"SMITH"}],"circlet_count":0,"master_deck":["Strike_R","Strike_R","Strike_R","Strike_R","Defend_R","Defend_R","Defend_R","Defend_R","Bash","Feed+1","Headbutt","Whirlwind+1","Carnage","Dual Wield","Rage","Anger","Dark Embrace","Spot Weakness","Headbutt","Thunderclap"],"relics":["Burning Blood","Ancient Tea Set","MealTicket"],"acts_visited":["Exordium"],"potions_floor_usage":[16],"damage_taken":[{"damage":7.0,"enemies":"2 Louse","floor":1.0,"turns":2.0},{"damage":8.0,"enemies":"Cultist","floor":3.0,"turns":5.0},{"damage":11.0,"enemies":"Jaw Worm","floor":4.0,"turns":5.0},{"damage":17.0,"enemies":"Exordium Wildlife","floor":5.0,"turns":4.0},{"damage":63.0,"enemies":"Lagavulin","floor":8.0,"turns":9.0},{"damage":9.0,"enemies":"3 Sentries","floor":10.0,"turns":4.0},{"damage":13.0,"enemies":"3 Louse","floor":11.0,"turns":6.0},{"damage":8.0,"enemies":"2 Fungi Beasts","floor":13.0,"turns":4.0},{"damage":13,"enemies":"Slime Boss","floor":16,"turns":5}],"seed_played":"3582494691152750929","potions_obtained":[{"floor":4.0,"key":"SmokeBomb"},{"floor":5.0,"key":"Dexterity Potion"},{"floor":8.0,"key":"ColorlessPotion"},{"floor":11.0,"key":"Fire Potion"},{"floor":13.0,"key":"Dexterity Potion"}],"is_trial":false,"path_per_floor":["M","?","M","M","M","R","$","E","T","E","M","?","M","?","R","B"],"character_chosen":"IRONCLAD","items_purchased":["Dual Wield","Rage","Anger"],"campfire_rested":0,"item_purchase_floors":[7,7,7],"current_hp_per_floor":[82,82,83,81,73,73,73,20,20,17,14,14,12,12,12,0,0],"gold":65,"neow_bonus":"THREE_RARE_CARDS","is_daily":false,"chose_seed":false,"campfire_upgraded":2,"win_rate":0.0,"timestamp":1609398389,"path_taken":["M","?","?","M","M","R","?","E","T","E","M","?","?","?","R","BOSS"],"items_purchased_type":["Card","Card","Card"],"build_version":"2020-12-22","purchased_purges":0,"victory":false,"max_hp_per_floor":[83,83,86,89,92,92,92,96,96,96,100,100,100,100,100,100,100],"relic_stats":{"counters":[9,44],"MealTicket":0,"obtain_stats":[{"MealTicket":9,"Ancient Tea Set":8,"Burning Blood":0},{"MealTicket":5,"Ancient Tea Set":5,"Burning Blood":0},{"MealTicket":25,"Ancient Tea Set":25,"Burning Blood":0}],"Burning Blood":48},"card_choices":[{"not_picked":["Demon Form","Double Tap"],"picked":"Feed","floor":0.0},{"not_picked":["Havoc","Flame Barrier"],"picked":"Headbutt","floor":1.0},{"not_picked":["Clash","Sword Boomerang"],"picked":"Whirlwind","floor":3.0},{"not_picked":["Rampage","Inflame"],"picked":"Carnage","floor":4.0},{"not_picked":["Clothesline","Clash","Anger"],"picked":"SKIP","floor":5.0},{"not_picked":["Iron Wave","Bludgeon"],"picked":"Dark Embrace","floor":8.0},{"not_picked":["Warcry","Body Slam"],"picked":"Spot Weakness","floor":11.0},{"not_picked":["Wild Strike","Iron Wave"],"picked":"Thunderclap","floor":13.0}],"player_experience":3580153,"relics_obtained":[{"floor":8.0,"key":"Ancient Tea Set"},{"floor":9.0,"key":"MealTicket"}],"event_choices":[{"damage_healed":0.0,"max_hp_gain":0.0,"max_hp_loss":0.0,"gold_gain":100.0,"event_name":"Golden Shrine","player_choice":"Pray","floor":2.0,"gold_loss":0.0,"damage_taken":0.0},{"damage_healed":0.0,"max_hp_gain":0.0,"max_hp_loss":0.0,"gold_gain":0.0,"cards_transformed":["Strike_R"],"event_name":"Living Wall","player_choice":"Change","floor":12.0,"gold_loss":0.0,"damage_taken":0.0,"cards_obtained":["Headbutt"]},{"damage_healed":0.0,"max_hp_gain":0.0,"max_hp_loss":0.0,"gold_gain":0.0,"event_name":"Dead Adventurer","player_choice":"Searched \u00270\u0027 times","floor":14.0,"gold_loss":0.0,"damage_taken":0.0}],"is_beta":false,"boss_relics":[],"items_purged_floors":[],"is_endless":false,"potions_floor_spawned":[4,5,8,11,13],"killed_by":"Slime Boss","ascension_level":1}}