{"host":"6i7jlcm7o9r8pzco","time":1609438054,"event":{"mods":["AchievementEnabler","BaseMod","Card Forge","Colored Powertips","Minty Spire (QoL Compilation)","Rare Cards Sparkle","StSLib"],"gold_per_floor":[114,131,145,155,430,461,475,507,507,540,559,559,577,612,612,716,716,758,459,475,518,558,591,591,608,608,664,709,757,817,833,833,934,934,954,996,694,704,449,449,467,532,532,139,166,166,166,496,496,496,496,496,51,77,77],"floor_reached":56,"playtime":3398,"items_purged":[],"score":2110,"play_id":"ffa5e8d4-fa32-4b16-80c0-50714c2c195d","local_time":"20201231130734","is_ascension_mode":true,"campfire_choices":[{"floor":12,"key":"RECALL"},{"floor":15,"key":"REST"},{"floor":24,"key":"REST"},{"floor":32,"key":"REST"},{"floor":40,"key":"REST"},{"floor":47,"key":"REST"},{"floor":49,"key":"REST"},{"floor":52,"key":"REST"}],"circlet_count":0,"master_deck":["Eruption+1","Wish+1","Wallop+1","SpiritShield+1","Tantrum+1","WindmillStrike+1","Vault+1","TalkToTheHand+1","Ragnarok+1","Judgement+1","Consecrate+1","BattleHymn+1","Brilliance+1","Consecrate+1","DeceiveReality+1","Devotion+1","Protect+1","SpiritShield+1","Tantrum+1","Dramatic Entrance+1","Tantrum+1","SpiritShield+1","Halt+1","MentalFortress+1","Omniscience+1","Evaluate+1","Tantrum+1","CutThroughFate+1","Prostrate+1","Pray+1","Nirvana+1","JustLucky+1","SpiritShield+1","Tantrum+1"],"relics":["PureWater","Hammer of Thor","Seething Fire","Anvil of the Gods","Singing Bowl","TungstenRod","Vajra","Busted Crown","Incense Burner","Bag of Marbles","Pen Nib","Shuriken","Kunai","Thread and Needle","Thread and Needle","Sozu","Fusion Hammer","VioletLotus","Anchor","Gremlin Horn","Ice Cream","Oddly Smooth Stone","Unceasing Top","TeardropLocket","Akabeko","Happy Flower","Damaru","Damaru","Regal Pillow","Ancient Tea Set","Bottled Flame","Bottled Tornado","Mercury Hourglass","Melange","GoldenEye","Oddly Smooth Stone","Sozu","Bottled Lightning","Nunchaku","Orrery","MealTicket","White Beast Statue","Boot","Lizard Tail","Runic Pyramid","PreservedInsect","Akabeko","Bottled Flame","Shuriken","Bird Faced Urn","Lantern","Question Card","Bag of Marbles","Old Coin","Thread and Needle","ClockworkSouvenir","Blood Vial"],"acts_visited":["Exordium","TheCity","TheBeyond","TheEnding"],"potions_floor_usage":[],"damage_taken":[{"damage":0,"enemies":"Jaw Worm","floor":1,"turns":2},{"damage":0,"enemies":"Cultist","floor":2,"turns":2},{"damage":0,"enemies":"Small Slimes","floor":3,"turns":2},{"damage":0,"enemies":"Exordium Wildlife","floor":4,"turns":1},{"damage":0,"enemies":"Lagavulin","floor":6,"turns":3},{"damage":0,"enemies":"Gremlin Gang","floor":7,"turns":1},{"damage":0,"enemies":"3 Sentries","floor":8,"turns":2},{"damage":0,"enemies":"Lagavulin","floor":10,"turns":3},{"damage":0,"enemies":"Looter","floor":11,"turns":2},{"damage":0,"enemies":"Exordium Thugs","floor":13,"turns":1},{"damage":0,"enemies":"3 Sentries","floor":14,"turns":2},{"damage":0,"enemies":"Hexaghost","floor":16,"turns":4},{"damage":0,"enemies":"3 Byrds","floor":18,"turns":2},{"damage":0,"enemies":"Chosen","floor":20,"turns":2},{"damage":0,"enemies":"Snake Plant","floor":21,"turns":2},{"damage":0,"enemies":"Snecko","floor":22,"turns":2},{"damage":0,"enemies":"Slavers","floor":23,"turns":2},{"damage":0,"enemies":"Centurion and Healer","floor":25,"turns":2},{"damage":0,"enemies":"Gremlin Leader","floor":27,"turns":2},{"damage":0,"enemies":"Cultist and Chosen","floor":28,"turns":2},{"damage":0,"enemies":"Snecko","floor":29,"turns":2},{"damage":2,"enemies":"Book of Stabbing","floor":30,"turns":2},{"damage":0,"enemies":"Chosen and Byrds","floor":31,"turns":2},{"damage":0,"enemies":"Collector","floor":33,"turns":4},{"damage":1,"enemies":"3 Darklings","floor":35,"turns":2},{"damage":0,"enemies":"3 Shapes","floor":36,"turns":1},{"damage":0,"enemies":"Jaw Worm Horde","floor":38,"turns":1},{"damage":0,"enemies":"Transient","floor":41,"turns":5},{"damage":0,"enemies":"Reptomancer","floor":42,"turns":2},{"damage":0,"enemies":"Nemesis","floor":45,"turns":2},{"damage":0,"enemies":"Giant Head","floor":48,"turns":2},{"damage":6,"enemies":"Donu and Deca","floor":50,"turns":3},{"damage":0,"enemies":"Shield and Spear","floor":54,"turns":2},{"damage":27,"enemies":"The Heart","floor":55,"turns":6}],"seed_played":"7183935157545498685","potions_obtained":[{"floor":0,"key":"CultistPotion"},{"floor":0,"key":"BlessingOfTheForge"},{"floor":0,"key":"Dexterity Potion"}],"is_trial":false,"path_per_floor":["M","M","M","M","?","E","M","E","T","E","M","R","M","E","R","B",null,"M","$","M","M","M","E","R","M","T","E","M","M","E","M","R","B",null,"M","M","$","M","$","R","M","E","T","$","E","?","R","E","R","B",null,"R","$","E","B",null],"character_chosen":"WATCHER","items_purchased":["Nunchaku","Orrery","PreservedInsect","Akabeko","Bottled Flame","Lantern","Question Card","Thread and Needle","ClockworkSouvenir"],"campfire_rested":7,"item_purchase_floors":[19,19,37,37,39,44,44,53,53],"current_hp_per_floor":[74,76,78,80,80,82,84,86,86,88,90,90,90,92,92,94,94,96,106,108,110,112,114,114,116,116,118,120,122,122,124,126,128,128,129,131,132,134,134,134,136,138,138,138,140,140,140,142,142,136,142,142,142,144,119],"gold":77,"neow_bonus":"THREE_SMALL_POTIONS","is_daily":false,"chose_seed":false,"campfire_upgraded":0,"win_rate":0.0,"timestamp":1609438054,"path_taken":["M","M","M","M","?","E","M","E","T","E","M","R","M","E","R","BOSS","M","$","M","M","?","E","R","M","T","E","M","M","E","M","R","BOSS","M","M","$","M","$","R","M","E","T","?","E","?","R","E","R","BOSS","R","$","E","BOSS"],"items_purchased_type":["Relic","Relic","Relic","Relic","Relic","Relic","Relic","Relic","Relic"],"build_version":"2020-12-22","purchased_purges":0,"victory":true,"max_hp_per_floor":[74,76,78,80,80,82,84,86,86,88,90,90,90,92,92,94,94,96,106,108,110,112,114,114,116,116,118,120,122,124,126,126,128,128,130,132,132,134,134,134,136,138,138,138,140,140,140,142,142,142,142,142,142,144,144],"card_choices":[{"not_picked":["LikeWater"],"picked":"Singing Bowl","floor":1},{"not_picked":["CrushJoints"],"picked":"Singing Bowl","floor":2},{"not_picked":["Worship"],"picked":"Singing Bowl","floor":3},{"not_picked":["Swivel"],"picked":"Singing Bowl","floor":4},{"not_picked":["JustLucky"],"picked":"Singing Bowl","floor":6},{"not_picked":["DeceiveReality"],"picked":"Singing Bowl","floor":7},{"not_picked":["Meditate"],"picked":"Singing Bowl","floor":8},{"not_picked":["BowlingBash"],"picked":"Singing Bowl","floor":10},{"not_picked":["Crescendo"],"picked":"Singing Bowl","floor":11},{"not_picked":[],"picked":"Nirvana","floor":13},{"not_picked":["WheelKick"],"picked":"Singing Bowl","floor":14},{"not_picked":["SpiritShield"],"picked":"Singing Bowl","floor":16},{"not_picked":["SandsOfTime"],"picked":"Singing Bowl","floor":18},{"not_picked":["Sanctity"],"picked":"Singing Bowl","floor":19},{"not_picked":["CrushJoints"],"picked":"Singing Bowl","floor":19},{"not_picked":["Tantrum+1"],"picked":"Singing Bowl","floor":19},{"not_picked":["PathToVictory+1"],"picked":"Singing Bowl","floor":19},{"not_picked":["PathToVictory"],"picked":"Singing Bowl","floor":19},{"not_picked":["CutThroughFate"],"picked":"Singing Bowl","floor":20},{"not_picked":["FlurryOfBlows"],"picked":"Singing Bowl","floor":21},{"not_picked":["Sanctity+1"],"picked":"Singing Bowl","floor":22},{"not_picked":["Indignation"],"picked":"Singing Bowl","floor":23},{"not_picked":["CutThroughFate"],"picked":"Singing Bowl","floor":25},{"not_picked":["Swivel"],"picked":"Singing Bowl","floor":27},{"not_picked":["WreathOfFlame"],"picked":"Singing Bowl","floor":28},{"not_picked":["Worship+1"],"picked":"Singing Bowl","floor":29},{"not_picked":["FearNoEvil"],"picked":"Singing Bowl","floor":30},{"not_picked":["Consecrate+1"],"picked":"Singing Bowl","floor":31},{"not_picked":["Devotion"],"picked":"Singing Bowl","floor":33},{"not_picked":["ReachHeaven+1"],"picked":"Singing Bowl","floor":35},{"not_picked":["Halt"],"picked":"Singing Bowl","floor":36},{"not_picked":["Study+1"],"picked":"Singing Bowl","floor":38},{"not_picked":["Pray"],"picked":"Singing Bowl","floor":41},{"not_picked":["Meditate"],"picked":"Singing Bowl","floor":42},{"not_picked":["Nirvana","FearNoEvil+1"],"picked":"Singing Bowl","floor":45},{"not_picked":["CutThroughFate","Crescendo+1"],"picked":"Singing Bowl","floor":48},{"not_picked":["TalkToTheHand","Consecrate"],"picked":"Singing Bowl","floor":54}],"player_experience":24643,"relics_obtained":[{"floor":6,"key":"Regal Pillow"},{"floor":8,"key":"Ancient Tea Set"},{"floor":10,"key":"Mercury Hourglass"},{"floor":14,"key":"Oddly Smooth Stone"},{"floor":23,"key":"MealTicket"},{"floor":26,"key":"White Beast Statue"},{"floor":27,"key":"Boot"},{"floor":30,"key":"Lizard Tail"},{"floor":42,"key":"Shuriken"},{"floor":43,"key":"Bird Faced Urn"},{"floor":45,"key":"Bag of Marbles"},{"floor":48,"key":"Old Coin"},{"floor":54,"key":"Blood Vial"}],"event_choices":[{"damage_healed":0,"gold_gain":275,"player_choice":"Desecrate","damage_taken":0,"max_hp_gain":0,"max_hp_loss":0,"event_name":"Golden Shrine","floor":5,"gold_loss":0,"cards_obtained":["Regret"]},{"damage_healed":35,"gold_gain":0,"player_choice":"Writhe","damage_taken":0,"max_hp_gain":0,"max_hp_loss":0,"event_name":"Winding Halls","floor":46,"gold_loss":0,"cards_obtained":["Writhe"]}],"is_beta":false,"boss_relics":[{"not_picked":["Velvet Choker","Empty Cage"],"picked":"Sozu"},{"not_picked":["SacredBark","Philosopher\u0027s Stone"],"picked":"Runic Pyramid"}],"items_purged_floors":[],"is_endless":false,"potions_floor_spawned":[3,6,7,8,13,14,20,22,25,27,28,29,30,31,33,35,36,38,41,42,45,48,54],"ascension_level":4}}