{"host":"l9d4bclu8pwa3q15","time":1609404551,"event":{"mods":["Act Like it!","BaseMod","Better Altar","Better Match","Better Note","Better Sensory Stone","Better Skull","BetterRewards","Colored Map","Colored Powertips","Downfall","Emptier Cage","Gensokyo","GifTheSpireLib","Keyboard Shortcuts","Koishi","KomeijiMod","Lobotomy","LobotomyExtend","Minty Spire (QoL Compilation)","Quick Restart","Rare Cards Sparkle","Relic Sorter","Remilia_Scarlet Moed（蕾米莉亚・斯卡雷特）3.3.5","Replay The Spire","Spicy Shops","StSLib","The Alterego","UnlockEverythingMod","Waifu the Spire","WarShipGirlsR/战舰少女R mod","Yakumo Yukari mod","Youmu（魂魄妖梦）","Yuyuko"],"gold_per_floor":[99,111,156,156,81,91,137,156,189,189,221,134,59,75,94,192,192,42,42,27,39,58,58,58,67,67,107,128,163,163,186,211,317,317,317,346,367,430,449,458,485,510,531,531,126,69,69,90,115,115],"floor_reached":51,"playtime":6215,"items_purged":[],"score":749,"play_id":"d6ef7c22-90a6-43a2-bd93-4388468e5a36","local_time":"20201231164911","is_ascension_mode":false,"campfire_choices":[{"floor":1.0,"key":"DIG"},{"floor":10.0,"key":"RECALL"},{"data":"Slimebound:Split","floor":13.0,"key":"SMITH"},{"data":"Slimebound:MinionMaster","floor":18.0,"key":"SMITH"},{"floor":30.0,"key":"REST"},{"data":"Slimebound:MassFeed","floor":35.0,"key":"SMITH"},{"floor":44.0,"key":"REST"},{"floor":47,"key":"REST"}],"circlet_count":0,"master_deck":["Slimebound:Strike_Slimebound","Slimebound:Tackle","Slimebound:Defend_Slimebound","Slimebound:Defend_Slimebound","Slimebound:Split+1","Slimebound:CorrosiveSpit","Slimebound:SpikyOuterGoop","Slimebound:Repurpose","Slimebound:Prepare","Slimebound:Grow","Slimebound:MinionMaster+1","Slimebound:DisruptingSlam","Slimebound:HauntingLick","Slimebound:MegaLick","Slimebound:DivideAndConquer","Slimebound:LeechLife","Slimebound:DouseInSlime","Slimebound:Nibble","Slimebound:DivideAndConquer+1","Slimebound:PrepareCrush","Slimebound:SlimeSlap+1","Slimebound:Schlurp+1","Slimebound:ComboTackle+1","Slimebound:SpikyOuterGoop","Slimebound:Grow","Slimebound:SplitBruiser","Shame","Slimebound:CheckThePlaybook","Slimebound:MassRepurpose","Slimebound:SlimeBarrage+1","Slimebound:Replication+1","Slimebound:GoopSpray+1","Slimebound:FirmFortitude+1","Slimebound:MassFeed+1","Slimebound:ServeAndProtect+1","Slimebound:GoopTackle+1","Slimebound:SamplingLick","Slimebound:BestDefense+1","Slimebound:GoopSpray","Slimebound:TongueLash","Slimebound:LevelUp+1","Slimebound:ViciousTackle+1","Slimebound:LeadByExample","Slimebound:BestDefense+1","Slimebound:HauntingLick+1"],"relics":["Slimebound:AbsorbEndCombat","Torii","LetterFromLob","Slimebound:MaxSlimesRelic","downfall:ShatteredFragment","Incense Burner","Replay:Rubber Ducky","downfall:HeartBlessingRed","Astrolabe","downfall:HeartBlessingGreen","downfall:HeartBlessingBlue","Turnip","CeramicFish","Nloth\u0027s Gift","Centennial Puzzle","Replay:Bottled Flurry","Runic Dome","Girya","Gremlin Food","Du-Vu Doll","Replay:WaspNest","Molten Egg 2","TheAbacus"],"acts_visited":["Exordium","TheCity","TheBeyond"],"potions_floor_usage":[],"damage_taken":[{"damage":5.0,"enemies":"Jaw Worm","floor":2.0,"turns":5.0},{"damage":9.0,"enemies":"Small Slimes","floor":6.0,"turns":2.0},{"damage":8.0,"enemies":"Cultist","floor":8.0,"turns":3.0},{"damage":21.0,"enemies":"3 Sentries","floor":9.0,"turns":5.0},{"damage":22.0,"enemies":"Lagavulin","floor":11.0,"turns":4.0},{"damage":8.0,"enemies":"downfall:FleeingMerchant","floor":12.0,"turns":4.0},{"damage":10.0,"enemies":"Blue Slaver","floor":14.0,"turns":2.0},{"damage":8.0,"enemies":"Gremlin Gang","floor":15.0,"turns":3.0},{"damage":51.0,"enemies":"downfall:Defect","floor":16.0,"turns":5.0},{"damage":15.0,"enemies":"downfall:FleeingMerchant","floor":20.0,"turns":4.0},{"damage":13.0,"enemies":"Shell Parasite","floor":21.0,"turns":3.0},{"damage":4.0,"enemies":"Chosen","floor":22.0,"turns":3.0},{"damage":12.0,"enemies":"Replay:Snechameleon","floor":27.0,"turns":5.0},{"damage":20.0,"enemies":"Snake Plant","floor":28.0,"turns":3.0},{"damage":54.0,"enemies":"Book of Stabbing","floor":29.0,"turns":6.0},{"damage":28.0,"enemies":"Centurion and Healer","floor":31.0,"turns":4.0},{"damage":31.0,"enemies":"Sentry and Sphere","floor":32.0,"turns":4.0},{"damage":24.0,"enemies":"downfall:Ironclad","floor":33.0,"turns":7.0},{"damage":67.0,"enemies":"3 Darklings","floor":36.0,"turns":5.0},{"damage":10.0,"enemies":"3 Shapes","floor":37.0,"turns":4.0},{"damage":34.0,"enemies":"2 Orb Walkers","floor":38.0,"turns":3.0},{"damage":71.0,"enemies":"Maw","floor":39.0,"turns":6.0},{"damage":30.0,"enemies":"4 Shapes","floor":42.0,"turns":4.0},{"damage":62.0,"enemies":"3 Darklings","floor":43.0,"turns":5.0},{"damage":12.0,"enemies":"downfall:FleeingMerchant","floor":45.0,"turns":4.0},{"damage":35,"enemies":"Nemesis","floor":48,"turns":5},{"damage":34,"enemies":"Maw","floor":49,"turns":5},{"damage":45,"enemies":"downfall:Silent","floor":50,"turns":9},{"damage":116,"enemies":"Malkuth","floor":51,"turns":7}],"seed_played":"6738811421175653221","potions_obtained":[{"floor":2.0,"key":"Fire Potion"},{"floor":9.0,"key":"Reflective Coating"},{"floor":11.0,"key":"CultistPotion"},{"floor":14.0,"key":"ColorlessPotion"},{"floor":15.0,"key":"Fire Potion"},{"floor":21.0,"key":"LiquidBronze"},{"floor":29.0,"key":"hexamod:EctoCoolerPotion"},{"floor":31.0,"key":"Regen Potion"},{"floor":32.0,"key":"FearPotion"},{"floor":38.0,"key":"Strength Potion"},{"floor":39.0,"key":"BlessingOfTheForge"},{"floor":42.0,"key":"AttackPotion"},{"floor":43.0,"key":"Reflective Coating"}],"is_trial":false,"path_per_floor":["R_BF","M","?","?","?","M","T","M","E","R","E","$","R","M","M","B",null,"R","?","$","M","M","?","T","?","?","E","M","E","R","M","M","B",null,"R","M","M","?","M","?","T","M","M","R","$","?","R","E","M","B",null],"character_chosen":"SLIMEBOUND","items_purchased":["Orichalcum","Du-Vu Doll","Replay:WaspNest","Molten Egg 2","TheAbacus"],"campfire_rested":3,"item_purchase_floors":[12,45,45,45,45],"current_hp_per_floor":[54,69,51,33,33,42,42,52,61,61,57,63,63,72,72,41,72,82,82,82,82,82,82,82,54,54,74,68,44,68,72,75,79,82,82,45,59,71,51,51,51,53,17,42,60,60,85,67,59,58],"gold":115,"neow_bonus":"TWENTY_PERCENT_HP_BONUS","is_daily":false,"chose_seed":false,"campfire_upgraded":3,"win_rate":0.0,"timestamp":1609404551,"path_taken":["R_BF","M","?","?","?","M","T","M","E","R","E","?","R","?","M","BOSS","R","?","$","M","?","?","T","?","?","E","M","E","R","M","M","BOSS","R","M","M","?","M","?","T","M","?","R","$","?","R","E","M","BOSS"],"items_purchased_type":["Relic","Relic","Relic","Relic","Relic"],"build_version":"2020-12-22","purchased_purges":0,"victory":true,"max_hp_per_floor":[72,72,72,72,72,72,72,72,72,72,72,72,72,72,72,72,72,82,82,82,82,82,82,82,82,82,82,82,82,82,82,82,82,82,82,82,82,82,86,86,86,86,86,86,86,86,86,86,86,86],"card_choices":[{"not_picked":["Slimebound:FinishingTackle","Slimebound:PressTheAttack"],"picked":"Slimebound:SpikyOuterGoop","floor":2.0},{"not_picked":["Slimebound:RollThrough","Slimebound:SplitBruiser"],"picked":"Slimebound:Repurpose","floor":3.0},{"not_picked":["Slimebound:LeechEnergy","Slimebound:ComboTackle"],"picked":"Slimebound:Prepare","floor":3.0},{"not_picked":["Slimebound:Replication","Slimebound:SlimeTap"],"picked":"Slimebound:Grow","floor":5.0},{"not_picked":["Slimebound:RallyTheTroops","Slimebound:SlimeSlap"],"picked":"Slimebound:MinionMaster","floor":5.0},{"not_picked":["Slimebound:SlimeBarrage","Slimebound:ItLooksTasty"],"picked":"Slimebound:DisruptingSlam","floor":5.0},{"not_picked":["Slimebound:DisruptingSlam","Slimebound:ComboTackle"],"picked":"Slimebound:HauntingLick","floor":6.0},{"not_picked":["Slimebound:ViciousTackle","Slimebound:RollThrough"],"picked":"Slimebound:MegaLick","floor":8.0},{"not_picked":["Slimebound:ComboTackle","Slimebound:FinishingTackle"],"picked":"Slimebound:DivideAndConquer","floor":9.0},{"not_picked":["Slimebound:Equalize","Slimebound:SlimeSpikes"],"picked":"Slimebound:LeechLife","floor":11.0},{"not_picked":["Slimebound:GrowthPunch","Slimebound:FormOfPuddle"],"picked":"Slimebound:DouseInSlime","floor":12.0},{"not_picked":["Slimebound:Schlurp","Slimebound:ViciousTackle"],"picked":"Slimebound:Nibble","floor":14.0},{"not_picked":["Slimebound:RollThrough","Slimebound:Schlurp"],"picked":"Slimebound:DivideAndConquer","floor":15.0},{"not_picked":["Slimebound:WasteNot","Slimebound:MinionMaster"],"picked":"Slimebound:PrepareCrush","floor":16.0},{"not_picked":["Slimebound:GrowthPunch+1","Slimebound:SlimeSpikes"],"picked":"Slimebound:SpikyOuterGoop","floor":20.0},{"not_picked":["Slimebound:RollThrough+1","Slimebound:SlimeSpikes"],"picked":"Slimebound:Grow","floor":21.0},{"not_picked":["Slimebound:LeechEnergy","Slimebound:GoopSpray"],"picked":"Slimebound:SplitBruiser","floor":22.0},{"not_picked":["Slimebound:Repurpose","Slimebound:LeechLife"],"picked":"Slimebound:MassRepurpose","floor":27.0},{"not_picked":["Slimebound:Prepare","Slimebound:Equalize"],"picked":"Slimebound:SlimeBarrage+1","floor":28.0},{"not_picked":["Slimebound:RollThrough","Slimebound:DivideAndConquer"],"picked":"Slimebound:Replication+1","floor":29.0},{"not_picked":["Slimebound:GrowthPunch+1","Slimebound:LeechEnergy"],"picked":"Slimebound:GoopSpray+1","floor":31.0},{"not_picked":["Slimebound:Equalize+1","Slimebound:FlameTackle"],"picked":"Slimebound:FirmFortitude+1","floor":32.0},{"not_picked":["Slimebound:OozeBath","Slimebound:MinionMaster"],"picked":"Slimebound:MassFeed","floor":33.0},{"not_picked":["Slimebound:SplitBruiser","Slimebound:Prepare+1"],"picked":"Slimebound:ServeAndProtect","floor":36.0},{"not_picked":["Slimebound:SplitBruiser","Slimebound:SlimeBrawl"],"picked":"Slimebound:GoopTackle+1","floor":37.0},{"not_picked":["Slimebound:DivideAndConquer+1","Slimebound:SplitAcid"],"picked":"Slimebound:SamplingLick","floor":38.0},{"not_picked":["Slimebound:GoopSpray+1","Slimebound:TongueLash+1"],"picked":"Slimebound:BestDefense+1","floor":39.0},{"not_picked":["Slimebound:PressTheAttack","Slimebound:Schlurp"],"picked":"Slimebound:TongueLash","floor":42.0},{"not_picked":["Slimebound:ComboTackle+1","Slimebound:Grow"],"picked":"Slimebound:LevelUp+1","floor":43.0},{"not_picked":["Slimebound:SlimeSpikes","Slimebound:ServeAndProtect"],"picked":"Slimebound:ViciousTackle","floor":46},{"not_picked":["Slimebound:Dissolve","Slimebound:Grow"],"picked":"Slimebound:LeadByExample","floor":46},{"not_picked":["Slimebound:GoopTackle+1","Slimebound:LeechingTouch+1"],"picked":"Slimebound:BestDefense+1","floor":48},{"not_picked":["Slimebound:Chomp+1","Slimebound:TongueLash+1"],"picked":"Slimebound:HauntingLick+1","floor":49}],"player_experience":88571,"relics_obtained":[{"floor":1.0,"key":"Torii"},{"floor":2.0,"key":"LetterFromLob"},{"floor":3.0,"key":"Slimebound:MaxSlimesRelic"},{"floor":9.0,"key":"Incense Burner"},{"floor":11.0,"key":"Replay:Rubber Ducky"},{"floor":24.0,"key":"CeramicFish"},{"floor":27.0,"key":"Centennial Puzzle"},{"floor":29.0,"key":"Replay:Bottled Flurry"},{"floor":38.0,"key":"Girya"},{"floor":41.0,"key":"Gremlin Food"}],"event_choices":[{"damage_healed":0.0,"max_hp_gain":0.0,"max_hp_loss":0.0,"gold_gain":0.0,"event_name":"betterMatch:BetterMatch","player_choice":"1","floor":5.0,"gold_loss":0.0,"damage_taken":0.0,"cards_obtained":["betterMatch:UncommonCard","betterMatch:RareCard","betterMatch:UncommonCard"]},{"cards_removed":["Slimebound:Strike_Slimebound"],"damage_healed":0.0,"max_hp_gain":0.0,"max_hp_loss":0.0,"gold_gain":0.0,"event_name":"betterNote:BetterNote","player_choice":"Give","floor":19.0,"gold_loss":0.0,"damage_taken":0.0,"cards_obtained":["Slimebound:Defend_Slimebound"]},{"damage_healed":0.0,"max_hp_gain":0.0,"max_hp_loss":0.0,"gold_gain":0.0,"event_name":"Addict","player_choice":"Stole Relic","floor":23.0,"gold_loss":0.0,"damage_taken":0.0,"relics_obtained":["Turnip"],"cards_obtained":["Shame"]},{"damage_healed":0.0,"max_hp_gain":0.0,"max_hp_loss":0.0,"gold_gain":0.0,"event_name":"Mysterious Sphere","player_choice":"Fight","floor":38.0,"gold_loss":0.0,"damage_taken":0.0},{"damage_healed":0.0,"max_hp_gain":0.0,"max_hp_loss":0.0,"gold_gain":0.0,"cards_transformed":["Slimebound:Strike_Slimebound"],"event_name":"Transmorgrifier","player_choice":"Transformed","floor":40.0,"gold_loss":0.0,"damage_taken":0.0,"cards_obtained":["Slimebound:GoopSpray"]},{"damage_healed":0,"gold_gain":0,"player_choice":"1","damage_taken":0,"max_hp_gain":0,"max_hp_loss":0,"event_name":"betterMatch:BetterMatch","floor":46,"gold_loss":0,"cards_obtained":["betterMatch:CommonCard","betterMatch:UncommonCard"]}],"is_beta":false,"boss_relics":[{"not_picked":["Snecko Eye","Kintsugi"],"picked":"Astrolabe"},{"not_picked":["Honey Jar","Runic Pyramid"],"picked":"Runic Dome"}],"items_purged_floors":[],"is_endless":false,"potions_floor_spawned":[2,9,11,14,15,21,29,31,32,38,39,42,43],"ascension_level":0}}