{"host":"stk82ot58bnorhun","time":1609415460,"event":{"mods":["BaseMod","Downfall","Minty Spire (QoL Compilation)","StSLib"],"gold_per_floor":[119,119,119,133,133,133,55,55,104,27,46,59,24,42,42,144,144,158,172,87,98,124,136,162,185,197,209,221,246,65,79,79,175,175,193,193,205,220,235,260,272,272,296,296,346,357,386,401,401,503,503,515,525,540,190,206,206,236,236,259,276,276,6,37,54,54,153,153,171,184,197,215,226,226,226,226,256,256,256,256,283,296,296,401,401,417,433,453,464,208,235,249,266,298,312,312,328,328,340,340,441,441,454,479,489,364,384,412,412,429,454,466,466,466,477,490,490,598,598,609,626,638,654,673,688,701,701,735,747,1059,1068,490,524,524,621,621,638,638,443,502,515,515,534,548,580,206,219,257,268,300,300,405,405,405,405],"floor_reached":153,"playtime":8844,"items_purged":["Guardian:ExploitGems","Guardian:ExploitGems","Guardian:ExploitGems+1","Guardian:ArmoredProtocol+1","Guardian:VentSteam+1"],"score":4381,"play_id":"f694d1fd-0cc0-4bf0-992d-397602019405","local_time":"20201231195100","daily_mods":["Draft","Vintage","Allstar","downfall:Jewelcrafting"],"is_ascension_mode":false,"campfire_choices":[{"floor":23.0,"key":"DIG"},{"data":"Guardian:TimeCapacitor","floor":28.0,"key":"SMITH"},{"floor":32.0,"key":"DIG"},{"data":"Guardian:FastForward","floor":42.0,"key":"SMITH"},{"data":"Guardian:Suspension","floor":44.0,"key":"SMITH"},{"floor":49.0,"key":"DIG"},{"data":"Guardian:BaubleBeam","floor":57.0,"key":"SMITH"},{"data":"Guardian:TemporalShield","floor":62.0,"key":"SMITH"},{"data":"Guardian:Planning","floor":66.0,"key":"SMITH"},{"data":"Guardian:ExploitGems","floor":74.0,"key":"SMITH"},{"data":"Guardian:ExploitGems","floor":75.0,"key":"SMITH"},{"data":"Guardian:ExploitGems","floor":76.0,"key":"SMITH"},{"data":"Guardian:GuardianWhirl","floor":78.0,"key":"SMITH"},{"data":"Guardian:PrismaticBarrier","floor":83.0,"key":"SMITH"},{"floor":96.0,"key":"DIG"},{"data":"Guardian:Recover","floor":100.0,"key":"SMITH"},{"floor":109,"key":"DIG"},{"floor":114,"key":"DIG"},{"floor":117,"key":"DIG"},{"floor":134,"key":"DIG"},{"floor":142,"key":"DIG"},{"floor":151,"key":"DIG"}],"circlet_count":4,"master_deck":["Guardian:ExploitGems+1","Guardian:ExploitGems+1","Guardian:PrismaticBarrier+1","Guardian:Recover+1","Guardian:TemporalStrike+1","Guardian:Suspension+1","Guardian:TemporalShield+1","Guardian:PolyBeam+1","Guardian:Planning+1","Guardian:Reroute+1","Guardian:TimeCapacitor+1","Guardian:Incinerate+1","Guardian:FastForward+1","Guardian:DecasProtection+1","Guardian:BaubleBeam+1","Guardian:EvasiveProtocol+1","Guardian:ExploitGems+1","Guardian:TimeCapacitor+1","Guardian:Repulse+1","Metamorphosis+1","Guardian:FastForward+1","CurseOfTheBell","Guardian:GuardianWhirl+1","Guardian:Emergency+1","Guardian:DonusPower+1","Guardian:Harden+1","Guardian:TimeCapacitor+1","Guardian:Reroute+1","Guardian:EvasiveProtocol+1","Guardian:DonusPower+1","Transmutation+1","Guardian:Repulse+1","Guardian:AncientConstruct+1","Guardian:EvasiveProtocol+1","Guardian:Harden+1","Guardian:Planning+1","Guardian:DecasProtection+1","Guardian:ExploitGems","Guardian:ExploitGems"],"relics":["Guardian:ModeShifterPlus","Guardian:PickAxe","Frozen Egg 2","Tiny Chest","Vajra","Oddly Smooth Stone","Bottled Tornado","Toy Ornithopter","sneckomod:SneckoTalon","Shovel","Guardian:PocketSentry","FossilizedHelix","MawBank","Gremlin Horn","StrikeDummy","InkBottle","sneckomod:BlankCard","Blue Candle","Torii","Bag of Preparation","TheAbacus","Happy Flower","White Beast Statue","expansioncontent:StudyCardRelic","PreservedInsect","Lantern","Bottled Lightning","Orichalcum","Pantograph","Unceasing Top","Potion Belt","Gambling Chip","Mummified Hand","Centennial Puzzle","Dream Catcher","Pear","Guardian:PickAxe","Whetstone","champ:DuelingGlove","StoneCalendar","Guardian:SackOfGems","Ornamental Fan","Toxic Egg 2","MealTicket","Pen Nib","Bronze Scales","Calling Bell","Art of War","Matryoshka","Incense Burner","hexamod:BolsterEngine","Nunchaku","WingedGreaves","Boot","Omamori","Necronomicon","MutagenicStrength","Bag of Marbles","Philosopher\u0027s Stone","Kunai","Shuriken","Peace Pipe","Singing Bowl","Medical Kit","Lizard Tail","Bottled Flame","Question Card","Smiling Mask","Molten Egg 2","Darkstone Periapt","Coffee Dripper","Guardian:PickAxe","Ancient Tea Set","Anchor","War Paint","Meat on the Bone","Sundial","CeramicFish","CaptainsWheel","Blood Vial","Guardian:GemstoneGun","Mercury Hourglass","Guardian:StasisSlotReductionRelic","Strawberry","Juzu Bracelet","HornCleat","Letter Opener","Akabeko","Du-Vu Doll","Mango","TungstenRod","Old Coin","Frozen Eye","Thread and Needle","Ginger","SlaversCollar","Turnip","Guardian:BottledStasis","Ice Cream","Dead Branch","Pocketwatch","Calipers","Circlet","Orrery","Fusion Hammer","Guardian:PickAxe"],"acts_visited":["Exordium","TheCity","TheBeyond","Exordium","TheCity","TheBeyond","Exordium","TheCity","TheBeyond","Exordium"],"potions_floor_usage":[112],"damage_taken":[{"damage":1.0,"enemies":"2 Louse","floor":1.0,"turns":3.0},{"damage":9.0,"enemies":"Small Slimes","floor":4.0,"turns":5.0},{"damage":2.0,"enemies":"Jaw Worm","floor":11.0,"turns":2.0},{"damage":0.0,"enemies":"Looter","floor":12.0,"turns":2.0},{"damage":6.0,"enemies":"Exordium Wildlife","floor":14.0,"turns":3.0},{"damage":14.0,"enemies":"Hexaghost","floor":16.0,"turns":5.0},{"damage":2.0,"enemies":"2 Thieves","floor":18.0,"turns":3.0},{"damage":0.0,"enemies":"Spheric Guardian","floor":19.0,"turns":3.0},{"damage":0.0,"enemies":"Shelled Parasite and Fungi","floor":21.0,"turns":3.0},{"damage":0.0,"enemies":"Centurion and Healer","floor":22.0,"turns":5.0},{"damage":3.0,"enemies":"Cultist and Chosen","floor":24.0,"turns":3.0},{"damage":0.0,"enemies":"Snake Plant","floor":25.0,"turns":2.0},{"damage":0.0,"enemies":"3 Cultists","floor":29.0,"turns":2.0},{"damage":0.0,"enemies":"Centurion and Healer","floor":31.0,"turns":2.0},{"damage":0.0,"enemies":"Collector","floor":33.0,"turns":3.0},{"damage":0.0,"enemies":"Orb Walker","floor":35.0,"turns":3.0},{"damage":0.0,"enemies":"3 Shapes","floor":37.0,"turns":1.0},{"damage":0.0,"enemies":"Jaw Worm Horde","floor":38.0,"turns":3.0},{"damage":0.0,"enemies":"Spire Growth","floor":39.0,"turns":2.0},{"damage":0.0,"enemies":"Giant Head","floor":40.0,"turns":3.0},{"damage":0.0,"enemies":"Sphere and 2 Shapes","floor":41.0,"turns":2.0},{"damage":0.0,"enemies":"Mind Bloom Boss Battle","floor":45.0,"turns":2.0},{"damage":0.0,"enemies":"4 Shapes","floor":46.0,"turns":2.0},{"damage":0.0,"enemies":"Nemesis","floor":47.0,"turns":1.0},{"damage":0.0,"enemies":"Maw","floor":48.0,"turns":3.0},{"damage":0.0,"enemies":"Donu and Deca","floor":50.0,"turns":5.0},{"damage":0.0,"enemies":"Small Slimes","floor":52.0,"turns":1.0},{"damage":0.0,"enemies":"2 Louse","floor":53.0,"turns":1.0},{"damage":0.0,"enemies":"Cultist","floor":54.0,"turns":2.0},{"damage":0.0,"enemies":"Large Slime","floor":56.0,"turns":2.0},{"damage":0.0,"enemies":"Lagavulin","floor":58.0,"turns":2.0},{"damage":0.0,"enemies":"3 Louse","floor":61.0,"turns":1.0},{"damage":0.0,"enemies":"Gremlin Nob","floor":64.0,"turns":1.0},{"damage":0.0,"enemies":"2 Fungi Beasts","floor":65.0,"turns":1.0},{"damage":0.0,"enemies":"Slime Boss","floor":67.0,"turns":2.0},{"damage":0.0,"enemies":"Spheric Guardian","floor":69.0,"turns":2.0},{"damage":0.0,"enemies":"Chosen","floor":70.0,"turns":2.0},{"damage":0.0,"enemies":"3 Cultists","floor":71.0,"turns":2.0},{"damage":0.0,"enemies":"Snecko","floor":72.0,"turns":1.0},{"damage":0.0,"enemies":"Sentry and Sphere","floor":73.0,"turns":2.0},{"damage":0.0,"enemies":"Slavers","floor":77.0,"turns":1.0},{"damage":0.0,"enemies":"Book of Stabbing","floor":81.0,"turns":1.0},{"damage":0.0,"enemies":"Centurion and Healer","floor":82.0,"turns":1.0},{"damage":0.0,"enemies":"Champ","floor":84.0,"turns":3.0},{"damage":0.0,"enemies":"Orb Walker","floor":86.0,"turns":1.0},{"damage":0.0,"enemies":"3 Darklings","floor":87.0,"turns":1.0},{"damage":0.0,"enemies":"Spire Growth","floor":88.0,"turns":2.0},{"damage":0.0,"enemies":"Sphere and 2 Shapes","floor":89.0,"turns":1.0},{"damage":0.0,"enemies":"Reptomancer","floor":91.0,"turns":1.0},{"damage":0.0,"enemies":"3 Darklings","floor":92.0,"turns":1.0},{"damage":0.0,"enemies":"Jaw Worm Horde","floor":93.0,"turns":1.0},{"damage":0.0,"enemies":"Nemesis","floor":94.0,"turns":1.0},{"damage":0.0,"enemies":"4 Shapes","floor":95.0,"turns":1.0},{"damage":0.0,"enemies":"3 Darklings","floor":97.0,"turns":2.0},{"damage":0.0,"enemies":"Spire Growth","floor":99.0,"turns":1.0},{"damage":0.0,"enemies":"Donu and Deca","floor":101.0,"turns":2.0},{"damage":0.0,"enemies":"Cultist","floor":103.0,"turns":1.0},{"damage":0.0,"enemies":"Gremlin Nob","floor":104.0,"turns":1.0},{"damage":0.0,"enemies":"Small Slimes","floor":105.0,"turns":2.0},{"damage":0.0,"enemies":"2 Louse","floor":107.0,"turns":1.0},{"damage":0.0,"enemies":"3 Sentries","floor":108.0,"turns":2.0},{"damage":0,"enemies":"Lots of Slimes","floor":110,"turns":1},{"damage":0,"enemies":"Lagavulin","floor":111,"turns":2},{"damage":0,"enemies":"Exordium Wildlife","floor":112,"turns":2},{"damage":0,"enemies":"Blue Slaver","floor":115,"turns":1},{"damage":0,"enemies":"Lots of Slimes","floor":116,"turns":2},{"damage":0,"enemies":"The Guardian","floor":118,"turns":3},{"damage":0,"enemies":"Spheric Guardian","floor":120,"turns":2},{"damage":0,"enemies":"Shell Parasite","floor":121,"turns":2},{"damage":0,"enemies":"Centurion and Healer","floor":122,"turns":2},{"damage":0,"enemies":"Shelled Parasite and Fungi","floor":123,"turns":2},{"damage":0,"enemies":"Snecko","floor":124,"turns":2},{"damage":0,"enemies":"Cultist and Chosen","floor":125,"turns":1},{"damage":0,"enemies":"Snake Plant","floor":126,"turns":1},{"damage":0,"enemies":"Gremlin Leader","floor":128,"turns":2},{"damage":0,"enemies":"3 Cultists","floor":129,"turns":1},{"damage":0,"enemies":"Shelled Parasite and Fungi","floor":130,"turns":1},{"damage":0,"enemies":"Book of Stabbing","floor":133,"turns":1},{"damage":0,"enemies":"Collector","floor":135,"turns":3},{"damage":0,"enemies":"Orb Walker","floor":137,"turns":1},{"damage":0,"enemies":"Mind Bloom Boss Battle","floor":140,"turns":3},{"damage":0,"enemies":"3 Shapes","floor":141,"turns":2},{"damage":0,"enemies":"3 Darklings","floor":143,"turns":2},{"damage":0,"enemies":"Maw","floor":144,"turns":2},{"damage":0,"enemies":"Reptomancer","floor":145,"turns":2},{"damage":0,"enemies":"Sphere and 2 Shapes","floor":147,"turns":2},{"damage":0,"enemies":"Nemesis","floor":148,"turns":1},{"damage":0,"enemies":"Writhing Mass","floor":149,"turns":2},{"damage":0,"enemies":"Giant Head","floor":150,"turns":3},{"damage":0,"enemies":"Awakened One","floor":152,"turns":4}],"seed_played":"2922574522498692173","potions_obtained":[{"floor":11.0,"key":"Fire Potion"},{"floor":14.0,"key":"Slimebound:ThreeZeroPotion"},{"floor":19.0,"key":"EntropicBrew"},{"floor":21.0,"key":"CultistPotion"},{"floor":45.0,"key":"Fire Potion"},{"floor":46.0,"key":"Fire Potion"},{"floor":47.0,"key":"SkillPotion"},{"floor":52.0,"key":"Weak Potion"},{"floor":53.0,"key":"DuplicationPotion"},{"floor":71.0,"key":"Fruit Juice"},{"floor":72.0,"key":"FearPotion"},{"floor":94.0,"key":"Fruit Juice"},{"floor":95.0,"key":"PowerPotion"},{"floor":108,"key":"LiquidMemories"},{"floor":112,"key":"Fruit Juice"},{"floor":115,"key":"DistilledChaos"},{"floor":135,"key":"Fruit Juice"},{"floor":137,"key":"SkillPotion"}],"is_trial":true,"path_per_floor":["M","?","?","M","?","R","$","R","T","$","M","M","?","M","R","B",null,"M","M","?","M","M","R","M","M","T","T","R","M","$","M","R","B",null,"M","?","M","M","M","E","M","R","T","R","?","M","E","M","R","B",null,"M","M","M","$","M","R","E","?","T","M","R","$","E","M","R","B",null,"M","M","M","M","M","R","R","R","E","R","?","?","E","M","R","B",null,"M","M","M","M","$","E","M","M","E","M","R","M","?","M","R","B",null,"M","E","M","$","M","E","R","M","E","M","?","R","M","M","R","B",null,"M","M","M","M","M","M","M","?","E","M","M","?","$","E","R","B",null,"M","?","$","?","M","R","M","M","E","$","M","E","M","E","R","B",null],"character_chosen":"GUARDIAN","items_purchased":["Guardian:GuardianWhirl","Guardian:Gem_White","Guardian:DecasProtection","TheAbacus","Guardian:TimeCapacitor+1","Guardian:SackOfGems","Guardian:Repulse+1","Metamorphosis+1","Guardian:DonusPower+1","Medical Kit","Guardian:Harden+1","Frozen Eye","Guardian:EvasiveProtocol+1","Thread and Needle","Guardian:BottledStasis","Transmutation+1","Guardian:Repulse+1","Orrery"],"campfire_rested":0,"item_purchase_floors":[7,10,30,30,55,55,63,63,90,90,106,132,132,132,139,146,146,146],"current_hp_per_floor":[79,84,77,68,51,51,51,51,51,51,49,49,70,64,64,50,85,83,83,83,85,85,85,82,82,82,82,82,82,82,82,82,82,85,85,85,85,85,85,85,85,85,85,85,85,85,85,85,95,95,95,95,95,95,95,95,95,95,77,77,77,77,92,92,92,92,95,95,95,95,100,100,100,100,100,100,100,100,84,84,84,84,84,100,100,100,100,100,100,100,102,102,102,109,109,109,109,109,109,109,111,111,111,113,113,113,113,113,113,113,115,120,120,120,120,120,120,120,120,127,127,127,127,127,127,141,141,141,141,141,141,141,141,141,143,143,143,143,143,143,143,143,143,143,145,145,145,145,145,147,147,149,149,149,149],"gold":405,"neow_bonus":"","is_daily":false,"chose_seed":false,"campfire_upgraded":12,"win_rate":0.0,"timestamp":1609415460,"path_taken":["M","?","?","M","?","R","$","R","T","$","M","M","?","M","R","BOSS","M","M","?","M","M","R","M","M","T","?","R","M","$","M","R","BOSS","M","?","M","M","M","E","M","R","T","R","?","M","E","M","R","BOSS","M","M","M","$","M","R","E","?","T","M","R","$","?","M","R","BOSS","M","M","M","M","M","R","R","R","E","R","?","?","E","M","R","BOSS","M","M","M","M","$","E","M","M","E","M","R","M","?","M","R","BOSS","M","?","M","$","M","E","R","M","E","M","?","R","M","?","R","BOSS","M","M","M","M","M","M","M","?","E","M","M","?","$","E","R","BOSS","M","?","$","?","M","R","M","M","E","?","M","E","M","E","R","BOSS"],"items_purchased_type":["Card","Card","Card","Relic","Card","Relic","Card","Card","Card","Relic","Card","Relic","Card","Relic","Relic","Card","Card","Relic"],"build_version":"2020-12-22","purchased_purges":5,"victory":false,"max_hp_per_floor":[80,85,85,85,85,85,85,85,85,85,85,85,85,85,85,85,85,85,85,85,85,85,85,85,85,85,85,85,85,85,85,85,85,85,85,85,85,85,85,85,85,85,85,85,85,85,85,85,95,95,95,95,95,95,95,95,95,95,95,95,95,95,95,95,95,95,95,95,95,95,100,100,100,100,100,100,100,100,100,100,100,100,100,100,100,100,100,100,100,100,102,102,102,109,109,109,109,109,109,109,111,111,111,113,113,113,113,113,113,113,115,120,120,120,120,120,120,120,120,127,127,127,127,127,127,141,141,141,141,141,141,141,141,141,143,143,143,143,143,143,143,143,143,143,145,145,145,145,145,147,147,149,149,149,149],"card_choices":[{"not_picked":["Guardian:Gem_Lightblue","Guardian:Gem_Red"],"picked":"Guardian:PrismaticBarrier","floor":0.0},{"not_picked":["Guardian:DecasProtection","Guardian:ShieldCharger"],"picked":"Guardian:Recover","floor":0.0},{"not_picked":["Guardian:TemporalShield","Guardian:ShieldCharger"],"picked":"Guardian:TemporalStrike","floor":0.0},{"not_picked":["Guardian:ChargeCore","Guardian:Clone"],"picked":"Guardian:Suspension","floor":0.0},{"not_picked":["Guardian:Reroute","Guardian:PolyBeam"],"picked":"Guardian:TemporalShield","floor":0.0},{"not_picked":["Guardian:BronzeOrb","Guardian:Gem_Lightblue"],"picked":"Guardian:PolyBeam","floor":0.0},{"not_picked":["Guardian:Incinerate","Guardian:Gem_Purple"],"picked":"Guardian:Gem_Cyan","floor":0.0},{"not_picked":["Guardian:VentSteam","Guardian:Incinerate"],"picked":"Guardian:Planning","floor":0.0},{"not_picked":["Guardian:CrystalBeam","Guardian:Repulse"],"picked":"Guardian:Gem_Cyan","floor":0.0},{"not_picked":["Guardian:RollAttack","Guardian:ChargeCore"],"picked":"Guardian:Reroute","floor":0.0},{"not_picked":["Guardian:WalkerClaw","Guardian:Incinerate"],"picked":"Guardian:Gem_Red","floor":0.0},{"not_picked":["Guardian:Incinerate","Guardian:MultiBeam"],"picked":"Guardian:Gem_Red","floor":0.0},{"not_picked":["Guardian:Gem_Cyan","Guardian:GuardianWhirl"],"picked":"Guardian:ArmoredProtocol","floor":0.0},{"not_picked":["Guardian:PiercingHide","Guardian:Suspension"],"picked":"Guardian:TimeCapacitor","floor":0.0},{"not_picked":["Guardian:Gem_Lightblue","Guardian:SpikerProtocol"],"picked":"Guardian:Incinerate","floor":0.0},{"not_picked":["Guardian:HyperBeam_Guardian","Guardian:StasisStrike"],"picked":"Guardian:FastForward","floor":16.0},{"not_picked":["Guardian:FierceBash","Guardian:StasisStrike"],"picked":"Guardian:BaubleBeam","floor":33.0},{"not_picked":["Guardian:Gem_Lightblue","Guardian:Recover"],"picked":"Guardian:ArmoredProtocol+1","floor":40.0},{"not_picked":["Guardian:Suspension","Guardian:Gem_Cyan"],"picked":"Guardian:EvasiveProtocol+1","floor":45.0},{"not_picked":["Guardian:TemporalShield+1","Guardian:Incinerate+1"],"picked":"Guardian:VentSteam+1","floor":47.0},{"not_picked":["Guardian:RevengeProtocol+1","Guardian:StasisStrike"],"picked":"Guardian:Gem_Synthetic","floor":50.0},{"not_picked":["Guardian:VentSteam","Guardian:Planning","Guardian:ShieldSpikes"],"picked":"SKIP","floor":58.0},{"not_picked":["Guardian:VentSteam","Guardian:Planning","Guardian:ShieldSpikes"],"picked":"SKIP","floor":58.0},{"not_picked":["Guardian:TemporalStrike","Guardian:RollAttack","Guardian:FloatingOrbs+1"],"picked":"SKIP","floor":64.0},{"not_picked":["Guardian:RevengeProtocol+1","Guardian:SphericShield+1"],"picked":"Guardian:FastForward+1","floor":67.0},{"not_picked":["Guardian:PrismaticBarrier+1","Guardian:Preprogram+1"],"picked":"Guardian:GuardianWhirl","floor":77.0},{"not_picked":["Guardian:PolyBeam","Guardian:Repulse+1"],"picked":"Guardian:Emergency+1","floor":81.0},{"not_picked":["Guardian:SphericShield+1","Guardian:ExploitGems+1"],"picked":"Guardian:Gem_Synthetic","floor":84.0},{"not_picked":["Guardian:TemporalShield+1","Guardian:ShieldCharger+1","Guardian:Suspension+1"],"picked":"Singing Bowl","floor":91.0},{"not_picked":["Guardian:Reroute+1","Guardian:PolyBeam+1","Guardian:CrystalBeam"],"picked":"Singing Bowl","floor":94.0},{"not_picked":["Guardian:ExploitGems+1","Guardian:ConstructionForm+1","Guardian:RevengeProtocol+1","Guardian:SphericShield+1"],"picked":"Singing Bowl","floor":101.0},{"not_picked":["Guardian:Preprogram+1","Guardian:CrystalBeam+1","Guardian:TemporalShield+1","Guardian:Incinerate+1"],"picked":"Singing Bowl","floor":104.0},{"not_picked":["Guardian:ShieldCharger+1","Guardian:BronzeOrb+1","Guardian:Gem_Fragmented"],"picked":"Guardian:TimeCapacitor+1","floor":108},{"not_picked":["Guardian:PiercingHide+1","Guardian:ChargeCore+1","Guardian:Gem_Lightblue","Guardian:ShieldSpikes+1"],"picked":"Singing Bowl","floor":111},{"not_picked":["Guardian:FastForward+1","Guardian:BaubleBeam+1","Guardian:RevengeProtocol+1"],"picked":"Guardian:Gem_Orange","floor":118},{"not_picked":["Guardian:ChargeUp+1","Guardian:Gem_Green","Guardian:PiercingHide+1"],"picked":"Guardian:Reroute+1","floor":128},{"not_picked":["Guardian:PiercingHide+1","Guardian:TemporalStrike+1","Guardian:EvasiveProtocol+1"],"picked":"Guardian:DonusPower+1","floor":133},{"not_picked":["Guardian:RevengeProtocol+1","Guardian:StasisField+1","Guardian:BaubleBeam+1","Guardian:StasisStrike+1"],"picked":"Singing Bowl","floor":135},{"not_picked":["Guardian:Gem_Red","Guardian:Incinerate+1","Guardian:Reroute+1"],"picked":"Guardian:Gem_White","floor":140},{"not_picked":["Guardian:Gem_Lightblue","Guardian:EvasiveProtocol+1","Guardian:Gem_Cyan","Guardian:Incinerate+1"],"picked":"Singing Bowl","floor":145},{"not_picked":["Guardian:Emergency+1","Guardian:VentSteam+1","Guardian:ChargeCore+1"],"picked":"Guardian:AncientConstruct+1","floor":146},{"not_picked":["Guardian:Gem_Cyan","Guardian:Gem_Crimson","Guardian:ArmoredProtocol+1"],"picked":"Guardian:EvasiveProtocol+1","floor":146},{"not_picked":["Guardian:SpikerProtocol+1","Guardian:DecasProtection+1","Guardian:EvasiveProtocol+1"],"picked":"Guardian:Harden+1","floor":146},{"not_picked":["Guardian:CrystalBeam+1","Guardian:PrimingBeam+1","Guardian:PrismaticBeam+1"],"picked":"Guardian:Planning+1","floor":146},{"not_picked":["Guardian:ChargeCore+1","Guardian:GuardianWhirl+1","Guardian:TimeCapacitor+1"],"picked":"Guardian:Gem_White","floor":146},{"not_picked":["Guardian:GuardianWhirl+1","Guardian:Gem_Fragmented","Guardian:Orbwalk+1"],"picked":"Guardian:DecasProtection+1","floor":148},{"not_picked":["Guardian:RollAttack+1","Guardian:TemporalStrike+1","Guardian:Harden+1","Guardian:Gem_Lightblue"],"picked":"Singing Bowl","floor":150},{"not_picked":["Guardian:Gem_Orange","Guardian:TimeSifter+1","Guardian:GatlingBeam+1","Guardian:HyperBeam_Guardian+1"],"picked":"Singing Bowl","floor":152}],"player_experience":50146,"relics_obtained":[{"floor":1.0,"key":"Frozen Egg 2"},{"floor":4.0,"key":"Tiny Chest"},{"floor":9.0,"key":"Vajra"},{"floor":11.0,"key":"Oddly Smooth Stone"},{"floor":12.0,"key":"Bottled Tornado"},{"floor":14.0,"key":"Toy Ornithopter"},{"floor":18.0,"key":"Shovel"},{"floor":19.0,"key":"Guardian:PocketSentry"},{"floor":21.0,"key":"MawBank"},{"floor":22.0,"key":"Gremlin Horn"},{"floor":23.0,"key":"StrikeDummy"},{"floor":24.0,"key":"InkBottle"},{"floor":25.0,"key":"sneckomod:BlankCard"},{"floor":26.0,"key":"Blue Candle"},{"floor":27.0,"key":"Torii"},{"floor":29.0,"key":"Bag of Preparation"},{"floor":31.0,"key":"Happy Flower"},{"floor":32.0,"key":"White Beast Statue"},{"floor":35.0,"key":"PreservedInsect"},{"floor":37.0,"key":"Lantern"},{"floor":38.0,"key":"Bottled Lightning"},{"floor":39.0,"key":"Orichalcum"},{"floor":40.0,"key":"Pantograph"},{"floor":41.0,"key":"Unceasing Top"},{"floor":43.0,"key":"Potion Belt"},{"floor":45.0,"key":"Gambling Chip"},{"floor":46.0,"key":"Mummified Hand"},{"floor":47.0,"key":"Centennial Puzzle"},{"floor":48.0,"key":"Dream Catcher"},{"floor":49.0,"key":"Pear"},{"floor":52.0,"key":"Whetstone"},{"floor":53.0,"key":"champ:DuelingGlove"},{"floor":54.0,"key":"StoneCalendar"},{"floor":56.0,"key":"Ornamental Fan"},{"floor":60.0,"key":"MealTicket"},{"floor":61.0,"key":"Pen Nib"},{"floor":65.0,"key":"Bronze Scales"},{"floor":68.0,"key":"Art of War"},{"floor":68.0,"key":"Matryoshka"},{"floor":68.0,"key":"Incense Burner"},{"floor":69.0,"key":"hexamod:BolsterEngine"},{"floor":70.0,"key":"Nunchaku"},{"floor":71.0,"key":"WingedGreaves"},{"floor":72.0,"key":"Boot"},{"floor":73.0,"key":"Omamori"},{"floor":79.0,"key":"Necronomicon"},{"floor":82.0,"key":"Bag of Marbles"},{"floor":86.0,"key":"Kunai"},{"floor":87.0,"key":"Shuriken"},{"floor":88.0,"key":"Peace Pipe"},{"floor":89.0,"key":"Singing Bowl"},{"floor":92.0,"key":"Lizard Tail"},{"floor":93.0,"key":"Bottled Flame"},{"floor":95.0,"key":"Question Card"},{"floor":96.0,"key":"Smiling Mask"},{"floor":97.0,"key":"Molten Egg 2"},{"floor":99.0,"key":"Darkstone Periapt"},{"floor":103.0,"key":"Ancient Tea Set"},{"floor":105.0,"key":"Anchor"},{"floor":107.0,"key":"War Paint"},{"floor":109,"key":"Meat on the Bone"},{"floor":110,"key":"Sundial"},{"floor":112,"key":"CeramicFish"},{"floor":114,"key":"CaptainsWheel"},{"floor":115,"key":"Blood Vial"},{"floor":116,"key":"Guardian:GemstoneGun"},{"floor":117,"key":"Mercury Hourglass"},{"floor":120,"key":"Strawberry"},{"floor":121,"key":"Juzu Bracelet"},{"floor":122,"key":"HornCleat"},{"floor":123,"key":"Letter Opener"},{"floor":124,"key":"Akabeko"},{"floor":125,"key":"Du-Vu Doll"},{"floor":126,"key":"Mango"},{"floor":129,"key":"TungstenRod"},{"floor":130,"key":"Old Coin"},{"floor":134,"key":"Ginger"},{"floor":137,"key":"Turnip"},{"floor":140,"key":"Ice Cream"},{"floor":141,"key":"Dead Branch"},{"floor":142,"key":"Pocketwatch"},{"floor":143,"key":"Calipers"},{"floor":144,"key":"Circlet"},{"floor":147,"key":"Circlet"},{"floor":149,"key":"Circlet"},{"floor":151,"key":"Circlet"}],"event_choices":[{"damage_healed":0.0,"max_hp_gain":5.0,"max_hp_loss":0.0,"gold_gain":0.0,"event_name":"Big Fish","player_choice":"Donut","floor":2.0,"gold_loss":0.0,"damage_taken":0.0},{"cards_removed":["Guardian:ArmoredProtocol"],"damage_healed":0.0,"max_hp_gain":0.0,"max_hp_loss":0.0,"gold_gain":0.0,"event_name":"Golden Wing","player_choice":"Card Removal","floor":3.0,"gold_loss":0.0,"damage_taken":7.0},{"damage_healed":0.0,"max_hp_gain":0.0,"max_hp_loss":0.0,"gold_gain":0.0,"event_name":"Shining Light","player_choice":"Entered Light","floor":5.0,"gold_loss":0.0,"damage_taken":17.0,"cards_upgraded":["Guardian:Incinerate","Guardian:Reroute"]},{"damage_healed":21.0,"max_hp_gain":0.0,"max_hp_loss":0.0,"gold_gain":0.0,"event_name":"The Cleric","player_choice":"Healed","floor":13.0,"gold_loss":35.0,"damage_taken":0.0},{"damage_healed":0.0,"max_hp_gain":0.0,"max_hp_loss":0.0,"gold_gain":0.0,"event_name":"Addict","player_choice":"Obtained Relic","floor":20.0,"gold_loss":85.0,"damage_taken":0.0,"relics_obtained":["FossilizedHelix"]},{"cards_removed":["Guardian:GuardianWhirl"],"damage_healed":0.0,"max_hp_gain":0.0,"max_hp_loss":0.0,"gold_gain":0.0,"event_name":"Falling","player_choice":"Removed Attack","floor":36.0,"gold_loss":0.0,"damage_taken":0.0},{"damage_healed":0.0,"max_hp_gain":0.0,"max_hp_loss":0.0,"gold_gain":0.0,"event_name":"MindBloom","player_choice":"Fight","floor":45.0,"gold_loss":0.0,"damage_taken":0.0},{"damage_healed":0.0,"max_hp_gain":0.0,"max_hp_loss":0.0,"gold_gain":0.0,"event_name":"Scrap Ooze","player_choice":"Success","floor":59.0,"gold_loss":0.0,"damage_taken":18.0,"relics_obtained":["Toxic Egg 2"]},{"damage_healed":0.0,"max_hp_gain":0.0,"max_hp_loss":0.0,"gold_gain":0.0,"event_name":"Cursed Tome","player_choice":"Obtained Book","floor":79.0,"gold_loss":0.0,"damage_taken":16.0},{"damage_healed":0.0,"max_hp_gain":0.0,"max_hp_loss":0.0,"gold_gain":0.0,"event_name":"Drug Dealer","player_choice":"Inject Mutagens","floor":80.0,"gold_loss":0.0,"damage_taken":0.0,"relics_obtained":["MutagenicStrength"]},{"damage_healed":0.0,"max_hp_gain":0.0,"max_hp_loss":0.0,"gold_gain":0.0,"event_name":"SecretPortal","player_choice":"Ignored","floor":98.0,"gold_loss":0.0,"damage_taken":0.0},{"damage_healed":0,"gold_gain":0,"player_choice":"0 cards matched","damage_taken":0,"max_hp_gain":0,"max_hp_loss":0,"event_name":"Match and Keep!","floor":113,"gold_loss":0,"cards_obtained":[]},{"damage_healed":0,"gold_gain":0,"player_choice":"Read","damage_taken":0,"max_hp_gain":0,"max_hp_loss":0,"event_name":"The Library","floor":131,"gold_loss":0,"cards_obtained":["Guardian:Gem_White"]},{"damage_healed":0,"gold_gain":0,"player_choice":"Ignored","damage_taken":0,"max_hp_gain":0,"max_hp_loss":0,"event_name":"Tomb of Lord Red Mask","floor":138,"gold_loss":0},{"damage_healed":0,"gold_gain":0,"player_choice":"Fight","damage_taken":0,"max_hp_gain":0,"max_hp_loss":0,"event_name":"MindBloom","floor":140,"gold_loss":0}],"is_beta":false,"boss_relics":[{"not_picked":["SlaversCollar","Fusion Hammer"],"picked":"sneckomod:SneckoTalon"},{"not_picked":["Astrolabe","Guardian:StasisSlotReductionRelic"],"picked":"expansioncontent:StudyCardRelic"},{"not_picked":["Runic Pyramid","Snecko Eye"],"picked":"Guardian:ModeShifterPlus"},{"not_picked":["Runic Pyramid","SacredBark"],"picked":"Calling Bell"},{"not_picked":["Tiny House","Astrolabe"],"picked":"Philosopher\u0027s Stone"},{"not_picked":["Sozu","Snecko Eye"],"picked":"Coffee Dripper"},{"not_picked":["SacredBark","Sozu"],"picked":"Guardian:StasisSlotReductionRelic"},{"not_picked":["Black Star","Tiny House"],"picked":"SlaversCollar"},{"not_picked":["Busted Crown","Cursed Key"],"picked":"Fusion Hammer"}],"items_purged_floors":[90,106,132,139,146],"is_endless":true,"potions_floor_spawned":[11,14,19,21,29,33,35,37,38,39,40,41,45,46,47,48,50,52,53,54,56,58,61,64,65,67,69,70,71,72,73,77,81,82,84,86,87,88,89,91,92,93,94,95,97,99,101,103,104,105,107,108,110,111,112,115,116,118,120,121,122,123,124,125,126,128,129,130,133,135,137,140,141,143,144,145,147,148,149,150,152],"ascension_level":0}}