{"host":"mi0eibewekhugwl1","time":1609420219,"event":{"mods":["AchievementEnabler","BaseMod","Colored Map","Colored Powertips","DeckTracker","Keyboard Shortcuts","Minty Spire (QoL Compilation)","Quick Restart","Rare Cards Sparkle","Relic Stats","StSLib","SuperFastMode","everything is the same but u backflip on backflip"],"gold_per_floor":[115,135,38,51,51,51,70,70,96,108,18,34,34,61,61,61,61],"floor_reached":16,"playtime":272,"items_purged":[],"score":204,"play_id":"8012007b-bbe9-4d78-b99d-c772b59a142a","local_time":"20201231221019","is_ascension_mode":true,"campfire_choices":[{"data":"Double Tap","floor":6,"key":"SMITH"},{"data":"Pommel Strike","floor":8,"key":"SMITH"},{"data":"Bash","floor":13,"key":"SMITH"},{"data":"Shrug It Off","floor":15,"key":"SMITH"}],"circlet_count":0,"master_deck":["AscendersBane","Strike_R","Strike_R","Strike_R","Strike_R","Defend_R","Defend_R","Defend_R","Defend_R","Bash+1","Double Tap+1","Pommel Strike+1","Cleave","Battle Trance","Shrug It Off+1","Flash of Steel"],"relics":["Burning Blood","Art of War","Boot"],"acts_visited":["Exordium"],"potions_floor_usage":[7,14],"damage_taken":[{"damage":9,"enemies":"Jaw Worm","floor":1,"turns":5},{"damage":7,"enemies":"Cultist","floor":2,"turns":4},{"damage":11,"enemies":"2 Louse","floor":4,"turns":2},{"damage":6,"enemies":"Exordium Thugs","floor":7,"turns":4},{"damage":1,"enemies":"2 Fungi Beasts","floor":10,"turns":2},{"damage":12,"enemies":"3 Louse","floor":12,"turns":3},{"damage":32,"enemies":"Gremlin Nob","floor":14,"turns":4},{"damage":32,"enemies":"Hexaghost","floor":16,"turns":7}],"seed_played":"5705593936539067817","potions_obtained":[{"floor":2,"key":"SmokeBomb"},{"floor":7,"key":"Strength Potion"},{"floor":12,"key":"Regen Potion"},{"floor":14,"key":"LiquidMemories"}],"is_trial":false,"path_per_floor":["M","M","$","M","?","R","M","R","T","M","$","M","R","E","R","B"],"character_chosen":"IRONCLAD","items_purchased":["Battle Trance","BloodPotion","Flash of Steel"],"campfire_rested":0,"item_purchase_floors":[3,3,11],"current_hp_per_floor":[47,46,46,41,41,41,56,56,56,61,61,55,55,29,29,0,0],"gold":61,"neow_bonus":"THREE_RARE_CARDS","is_daily":false,"chose_seed":false,"campfire_upgraded":4,"win_rate":0.0,"timestamp":1609420219,"path_taken":["M","M","$","M","?","R","?","R","T","M","$","M","R","E","R","BOSS"],"items_purchased_type":["Card","Potion","Card"],"build_version":"2020-12-22","purchased_purges":0,"victory":false,"max_hp_per_floor":[75,75,75,75,75,75,75,75,75,75,75,75,75,75,75,75,75],"relic_stats":{"counters":[8,31],"Art of War":[0],"Boot":[8],"obtain_stats":[{"Art of War":9,"Boot":14,"Burning Blood":0},{"Art of War":4,"Boot":7,"Burning Blood":0},{"Art of War":15,"Boot":24,"Burning Blood":0}],"Burning Blood":42},"card_choices":[{"not_picked":["Reaper","Barricade"],"picked":"Double Tap","floor":0},{"not_picked":["Headbutt","Feel No Pain"],"picked":"Pommel Strike","floor":1},{"not_picked":["Ghostly Armor","Armaments"],"picked":"Cleave","floor":2},{"not_picked":["Body Slam","Thunderclap","Sword Boomerang"],"picked":"SKIP","floor":4},{"not_picked":["Iron Wave","Spot Weakness"],"picked":"Shrug It Off","floor":7},{"not_picked":["Clothesline","Anger","Limit Break"],"picked":"SKIP","floor":10},{"not_picked":["Anger","Armaments","Shrug It Off"],"picked":"SKIP","floor":12},{"not_picked":["Thunderclap","Sword Boomerang","Cleave"],"picked":"SKIP","floor":14}],"player_experience":1727377,"relics_obtained":[{"floor":9,"key":"Art of War"},{"floor":14,"key":"Boot"}],"event_choices":[{"cards_removed":["Strike_R"],"damage_healed":0,"gold_gain":0,"player_choice":"Offered Basic","damage_taken":0,"max_hp_gain":0,"max_hp_loss":0,"event_name":"Bonfire Elementals","floor":5,"gold_loss":0}],"is_beta":false,"boss_relics":[],"items_purged_floors":[],"is_endless":false,"potions_floor_spawned":[2,7,12,14],"killed_by":"Hexaghost","ascension_level":20}}