{"host":"se62q65hiqxz7cab","time":1609396070,"event":{"mods":["Act Like it!","BaseMod","Colored Map","Minty Spire (QoL Compilation)","Replay The Spire","StSLib","The Bug Knight","The Cursed"],"gold_per_floor":[112,128,53,53,53,65,84,84,154,164,164,199,199,119,119,221,221,231,243,183,202,302,302,314,314,337,337,337,357,357,357],"floor_reached":30,"playtime":1215,"items_purged":["HollowMod:QuickDashStart","HollowMod:MidwifesHunger"],"score":230,"play_id":"ad190462-5449-42a9-afc6-ef4d6204e537","local_time":"20201231142750","is_ascension_mode":false,"campfire_choices":[{"data":"HollowMod:SharpenedShadows","floor":8,"key":"SMITH"},{"data":"HollowMod:DashSlash","floor":11,"key":"SMITH"},{"data":"HollowMod:ShapeofUnn","floor":13,"key":"SMITH"},{"floor":15,"key":"REST"},{"floor":23,"key":"REST"},{"floor":27,"key":"REST"}],"circlet_count":0,"master_deck":["HollowMod:NailStrikeStart","HollowMod:NailStrikeStart+1","HollowMod:NailStrikeStart","HollowMod:NailStrikeStart","HollowMod:QuickDashStart","HollowMod:QuickDashStart","HollowMod:QuickDashStart","HollowMod:PogoStrike","HollowMod:SharpenedShadows+1","HollowMod:NewJinnsSoul","HollowMod:DescendingDark","HollowMod:DashSlash+1","HollowMod:ShapeofUnn+1","HollowMod:LordofShades","AbeCurse","HollowMod:DashSlash","HollowMod:HuntersJournal","HollowMod:VengefulVoid","HollowMod:QuirrelsAssistance+1"],"relics":["HollowMod:VesselMask","The Courier","ReplayTheSpireMod:TigerMarble","Abe\u0027s Treasure","MealTicket","GremlinMask"],"acts_visited":["Exordium","TheCity"],"potions_floor_usage":[16,16,24,30],"damage_taken":[{"damage":1,"enemies":"Cultist","floor":1,"turns":4},{"damage":5,"enemies":"Small Slimes","floor":2,"turns":3},{"damage":1,"enemies":"Jaw Worm","floor":6,"turns":3},{"damage":2,"enemies":"Gremlin Gang","floor":7,"turns":5},{"damage":0,"enemies":"3 Louse","floor":10,"turns":1},{"damage":16,"enemies":"Replay:BlueRogue","floor":12,"turns":7},{"damage":73,"enemies":"The Guardian","floor":16,"turns":14},{"damage":27,"enemies":"Spheric Guardian","floor":18,"turns":5},{"damage":14,"enemies":"3 Byrds","floor":19,"turns":3},{"damage":28,"enemies":"Snecko","floor":21,"turns":5},{"damage":18,"enemies":"Centurion and Healer","floor":24,"turns":4},{"damage":24,"enemies":"Shelled Parasite and Fungi","floor":29,"turns":7},{"damage":13,"enemies":"Slavers","floor":30,"turns":1}],"seed_played":"-5595597884154009505","potions_obtained":[{"floor":1,"key":"SkillPotion"},{"floor":6,"key":"Venom Potion"},{"floor":18,"key":"LifebloodPotion"},{"floor":19,"key":"SpeedPotion"},{"floor":24,"key":"BlessingOfTheForge"}],"is_trial":false,"path_per_floor":["M","M","$","?","?","M","M","R","T","M","R","E","R","$","R","B",null,"M","M","$","M","?","R","M","?","T","R","?","M","E"],"character_chosen":"THE_BUGKNIGHT","items_purchased":["HollowMod:HuntersJournal"],"campfire_rested":3,"item_purchase_floors":[20],"current_hp_per_floor":[74,75,75,75,75,74,72,72,72,72,72,56,56,56,75,6,75,48,34,34,6,6,28,10,10,10,32,32,8,0,0],"gold":357,"neow_bonus":"ONE_RANDOM_RARE_CARD","is_daily":false,"chose_seed":false,"campfire_upgraded":3,"win_rate":0.0,"timestamp":1609396070,"path_taken":["M","M","$","?","?","M","M","R","T","M","R","E","R","$","R","BOSS","M","M","$","M","?","R","?","?","T","R","?","M","E"],"items_purchased_type":["Card"],"build_version":"2020-12-22","purchased_purges":2,"victory":false,"max_hp_per_floor":[75,75,75,75,75,75,75,75,75,75,75,75,75,75,75,75,75,75,75,75,75,75,75,75,75,75,75,75,75,75,75],"card_choices":[{"not_picked":["HollowMod:MawleksShell","HollowMod:WraithStrike"],"picked":"HollowMod:SharpenedShadows","floor":1},{"not_picked":["HollowMod:FallenFury","HollowMod:SiblingsSouls","HollowMod:InfectedAttack"],"picked":"SKIP","floor":2},{"not_picked":["HollowMod:GoodIntentions","HollowMod:LifebloodCocoon"],"picked":"HollowMod:NewJinnsSoul","floor":6},{"not_picked":["HollowMod:SharpenedNail","HollowMod:LifebloodCocoon"],"picked":"HollowMod:DescendingDark","floor":7},{"not_picked":["HollowMod:CycloneSlash","HollowMod:DescendingDark"],"picked":"HollowMod:DashSlash","floor":10},{"not_picked":["HollowMod:HeavyBlow","HollowMod:NewInfectedGuardian"],"picked":"HollowMod:ShapeofUnn","floor":12},{"not_picked":["HollowMod:VoidDash","HollowMod:Weaversong"],"picked":"HollowMod:LordofShades","floor":16},{"not_picked":["HollowMod:SoulStrike+1","HollowMod:GrimmsGift","HollowMod:CycloneSlash"],"picked":"SKIP","floor":18},{"not_picked":["HollowMod:DesolateDive+1","HollowMod:NewJinnsSoul"],"picked":"HollowMod:DashSlash","floor":19},{"not_picked":["HollowMod:QuirrelsAssistance+1","HollowMod:WraithStrike"],"picked":"HollowMod:VengefulVoid","floor":21},{"not_picked":["HollowMod:TaintedHusks","HollowMod:SoulVessel"],"picked":"HollowMod:QuirrelsAssistance+1","floor":24},{"not_picked":["HollowMod:SiblingsSouls","HollowMod:PureNailStrike","HollowMod:HeavyBlow+1"],"picked":"SKIP","floor":29}],"player_experience":148505,"relics_obtained":[{"floor":9,"key":"The Courier"},{"floor":12,"key":"ReplayTheSpireMod:TigerMarble"},{"floor":26,"key":"MealTicket"}],"event_choices":[{"damage_healed":0,"gold_gain":100,"player_choice":"Pray","damage_taken":0,"max_hp_gain":0,"max_hp_loss":0,"event_name":"Golden Shrine","floor":22,"gold_loss":0},{"damage_healed":0,"gold_gain":0,"player_choice":"Trade","damage_taken":0,"relics_obtained":["GremlinMask"],"max_hp_gain":0,"max_hp_loss":0,"event_name":"FaceTrader","floor":28,"gold_loss":0}],"is_beta":false,"boss_relics":[{"not_picked":["Velvet Choker","ReplayTheSpireMod:DimensionalGlitch"],"picked":"Abe\u0027s Treasure"}],"items_purged_floors":[3,14],"is_endless":false,"potions_floor_spawned":[1,6,18,19,24],"killed_by":"Slavers","ascension_level":0}}