{"host":"hdafziggwnbzqpcb","time":1609391798,"event":{"mods":["BaseMod","Better Vampires","Colored Map","Colored Powertips","Curses Come First","Duelist Mod","GifTheSpireLib","Hero for Fun","Minty Spire (QoL Compilation)","Quick Restart","Rare Cards Sparkle","Relic Stats","Spicy Shops","StSLib","The Bug Knight","The Cursed","The Marked","The Senshi","The Wild Card","TheHero"],"gold_per_floor":[113,113,11,25,38,38,51,51,123,123,163,7,7,82,82,82,82],"floor_reached":16,"playtime":585,"items_purged":["theMarked:Defend"],"score":98,"play_id":"97922106-faea-4246-ae57-1c38381fb993","local_time":"20201230211638","is_ascension_mode":false,"campfire_choices":[{"data":"theMarked:SoldierOfQuellstein","floor":6.0,"key":"SMITH"},{"data":"theMarked:TwofoldDefense","floor":8,"key":"SMITH"},{"data":"theMarked:Strike","floor":15,"key":"SMITH"}],"circlet_count":0,"master_deck":["theMarked:Strike+1","theMarked:Strike","theMarked:Strike","theMarked:Strike","theMarked:Strike","theMarked:Defend","theMarked:Defend","theMarked:Defend","theMarked:SoldierOfQuellstein+1","theMarked:TwofoldDefense+1","theMarked:Overcharge+1","theWildCard:Loki+1"],"relics":["theMarked:ArtifactOfAir","NeowsBlessing","Golden Idol","Toxic Egg 2","Blood Vial","CaptainsWheel"],"acts_visited":["Exordium"],"potions_floor_usage":[11,12],"damage_taken":[{"damage":0.0,"enemies":"Jaw Worm","floor":1.0,"turns":1.0},{"damage":0.0,"enemies":"Small Slimes","floor":4.0,"turns":1.0},{"damage":0.0,"enemies":"2 Louse","floor":5.0,"turns":1.0},{"damage":8.0,"enemies":"Large Slime","floor":7.0,"turns":5.0},{"damage":13,"enemies":"HollowMod:MossKnight","floor":11,"turns":4},{"damage":54,"enemies":"Hexaghost","floor":16,"turns":12}],"seed_played":"-1506814928229513745","potions_obtained":[{"floor":1.0,"key":"ColorlessPotion"},{"floor":11,"key":"Fruit Juice"}],"is_trial":false,"path_per_floor":["M","?","$","M","M","R","M","R","T","?","E","$","?","?","R","B"],"character_chosen":"THE_DEFAULT","items_purchased":["theMarked:TwofoldDefense","theMarked:Overcharge+1","CaptainsWheel"],"campfire_rested":0,"item_purchase_floors":[3,12,12],"current_hp_per_floor":[70,53,53,53,53,53,45,45,45,68,55,60,60,49,49,0,0],"gold":82,"neow_bonus":"THREE_ENEMY_KILL","is_daily":false,"chose_seed":false,"campfire_upgraded":3,"win_rate":0.0,"timestamp":1609391798,"path_taken":["M","?","$","M","M","R","M","R","T","?","E","$","?","?","R","BOSS"],"items_purchased_type":["Card","Card","Relic"],"build_version":"2020-12-22","purchased_purges":1,"victory":false,"max_hp_per_floor":[70,70,70,70,70,70,70,70,70,70,70,75,75,75,75,75,75],"relic_stats":{"Blood Vial":2,"counters":[6,24],"Golden Idol":20,"obtain_stats":[{"Blood Vial":11,"theMarked:ArtifactOfAir":0,"CaptainsWheel":12,"NeowsBlessing":0,"Golden Idol":2,"Toxic Egg 2":9},{"Blood Vial":5,"theMarked:ArtifactOfAir":0,"CaptainsWheel":5,"NeowsBlessing":0,"Golden Idol":1,"Toxic Egg 2":4},{"Blood Vial":12,"theMarked:ArtifactOfAir":0,"CaptainsWheel":12,"NeowsBlessing":0,"Golden Idol":1,"Toxic Egg 2":8}]},"card_choices":[{"not_picked":["theMarked:ReduceFriction","theMarked:ResourceFulStrike","theMarked:WastefulDefense"],"picked":"SKIP","floor":1.0},{"not_picked":["theMarked:EmpowerWeapon","theMarked:ResourceFulStrike","theMarked:TwofoldDefense"],"picked":"SKIP","floor":4.0},{"not_picked":["theMarked:GodGivenPower","theMarked:HeightenedSenses","theMarked:Static"],"picked":"SKIP","floor":5.0},{"not_picked":["theMarked:Frustration","theMarked:BanishingWave","theMarked:EnhanceMovement"],"picked":"SKIP","floor":7},{"not_picked":["theMarked:TunnelVision","theMarked:TakeOffHeels+1","theMarked:ChainLightning"],"picked":"SKIP","floor":11}],"player_experience":693863,"relics_obtained":[{"floor":9,"key":"Toxic Egg 2"},{"floor":11,"key":"Blood Vial"}],"event_choices":[{"damage_healed":0.0,"max_hp_gain":0.0,"max_hp_loss":0.0,"gold_gain":0.0,"event_name":"Golden Idol","player_choice":"Take Damage","floor":2.0,"gold_loss":0.0,"damage_taken":17.0,"relics_obtained":["Golden Idol"]},{"damage_healed":23,"gold_gain":0,"player_choice":"Banana","damage_taken":0,"max_hp_gain":0,"max_hp_loss":0,"event_name":"Big Fish","floor":10,"gold_loss":0},{"damage_healed":0,"gold_gain":75,"player_choice":"Gather Gold","damage_taken":11,"max_hp_gain":0,"max_hp_loss":0,"event_name":"World of Goop","floor":14,"gold_loss":0}],"is_beta":false,"boss_relics":[],"items_purged_floors":[3],"is_endless":false,"potions_floor_spawned":[1,11],"killed_by":"Hexaghost","ascension_level":0}}