{"host":"er8s5flrc5z1a07t","time":1609373416,"event":{"mods":["2.2 Compatiblity","Act Like it!","Bard","BaseMod","Better Note","Better Third Choice","Downfall","Duelist Mod","Elementarium","Energized Spire","GifTheSpireLib","Hermit","Hubris","Infinite Spire","Minty Spire (QoL Compilation)","Relic Stats","Replay The Spire","Shop Mod","StSLib","Stuff the Spire","Synergy Search","The Cursed","The Disciple","The Mystic"],"gold_per_floor":[119,119,44,58,76,111,111,111,111],"floor_reached":8,"playtime":322,"items_purged":["Pain"],"score":73,"play_id":"72825e08-e54a-400c-8fa4-c1d3218578f4","local_time":"20201230191016","is_ascension_mode":true,"campfire_choices":[],"circlet_count":0,"master_deck":["mysticmod:Strike_Mystic","mysticmod:Strike_Mystic","mysticmod:Strike_Mystic","mysticmod:Strike_Mystic","mysticmod:Defend_Mystic","mysticmod:Defend_Mystic","mysticmod:Defend_Mystic","mysticmod:Defend_Mystic","mysticmod:ArcaneDodge","mysticmod:ShockingGrasp","mysticmod:FloatingDisk","mysticmod:Snowball","mysticmod:Shield","mysticmod:SuddenClarity","Undo"],"relics":["mysticmod:SpellBook","Dead Branch","WarpedTongs","hubris:SlimyHat"],"acts_visited":["Exordium"],"potions_floor_usage":[5],"damage_taken":[{"damage":3,"enemies":"Jaw Worm","floor":1,"turns":3},{"damage":4,"enemies":"Cultist","floor":4,"turns":5},{"damage":2,"enemies":"Small Slimes","floor":5,"turns":3},{"damage":32,"enemies":"Gremlin Nob","floor":6,"turns":5},{"damage":8,"enemies":"Lagavulin","floor":8,"turns":7}],"seed_played":"6709141290731392367","potions_obtained":[{"floor":4,"key":"Adrenaline Potion"},{"floor":6,"key":"DistilledChaos"}],"is_trial":false,"path_per_floor":["M","?","$","M","M","E","?","E"],"character_chosen":"MYSTIC_CLASS","items_purchased":[],"campfire_rested":0,"item_purchase_floors":[],"current_hp_per_floor":[48,48,48,44,42,10,1,0,0],"gold":111,"neow_bonus":"ONE_RARE_RELIC","is_daily":false,"chose_seed":false,"campfire_upgraded":0,"win_rate":0.0,"timestamp":1609373416,"path_taken":["M","?","$","?","M","E","?","E"],"items_purchased_type":[],"build_version":"2020-12-22","purchased_purges":1,"victory":false,"max_hp_per_floor":[77,77,77,77,77,77,77,77,77],"relic_stats":{"counters":[5,23],"Dead Branch":[4],"obtain_stats":[{"Dead Branch":0,"mysticmod:SpellBook":0,"hubris:SlimyHat":6,"WarpedTongs":2},{"Dead Branch":0,"mysticmod:SpellBook":0,"hubris:SlimyHat":4,"WarpedTongs":1},{"Dead Branch":0,"mysticmod:SpellBook":0,"hubris:SlimyHat":16,"WarpedTongs":3}],"WarpedTongs":[20]},"card_choices":[{"not_picked":["mysticmod:ArcaneAccuracy","mysticmod:Shield"],"picked":"mysticmod:FloatingDisk","floor":1},{"not_picked":["mysticmod:TomeOfSpells","mysticmod:Disengage"],"picked":"mysticmod:Snowball","floor":4},{"not_picked":["mysticmod:TomeOfSpells","mysticmod:LightningBolt"],"picked":"mysticmod:Shield","floor":5},{"not_picked":["mysticmod:FloatingDisk","mysticmod:ComboCaster"],"picked":"mysticmod:SuddenClarity","floor":6}],"player_experience":1190760,"relics_obtained":[{"floor":6,"key":"hubris:SlimyHat"}],"event_choices":[{"damage_healed":0,"gold_gain":0,"player_choice":"Rummage","damage_taken":0,"relics_obtained":["WarpedTongs"],"max_hp_gain":0,"max_hp_loss":0,"event_name":"Accursed Blacksmith","floor":2,"gold_loss":0,"cards_obtained":["Pain"]},{"damage_healed":0,"gold_gain":0,"player_choice":"Card ","damage_taken":9,"max_hp_gain":0,"max_hp_loss":0,"event_name":"betterThird:BetterScrap","floor":7,"gold_loss":0,"cards_obtained":["Undo"]}],"is_beta":false,"boss_relics":[],"items_purged_floors":[3],"is_endless":false,"potions_floor_spawned":[4,6],"killed_by":"Lagavulin","ascension_level":6}}