{"host":"oigynbtg272c19pw","time":1609413855,"event":{"mods":["BaseMod","Colored Map","Minty Spire (QoL Compilation)","Relic Stats","StSLib"],"gold_per_floor":[115,127,142,165,90,90,117,117,193,226,240,257,292,311,311,389,389,409,80,114,114,134,166,183,183,183,209,209,224,255,270,270,341,341,357,377,377,390,407,439,202,234,257,276,276,324,18,35,35,35,35,35,35,35,65,65],"floor_reached":57,"playtime":4242,"items_purged":["Strike_R","Strike_R"],"score":3438,"play_id":"070e4da4-cc0f-4869-9951-2810d02eeb8d","local_time":"20201231122415","is_ascension_mode":true,"campfire_choices":[{"data":"Carnage","floor":6.0,"key":"SMITH"},{"data":"Shockwave","floor":8.0,"key":"SMITH"},{"data":"Disarm","floor":15.0,"key":"SMITH"},{"data":"Feed","floor":28.0,"key":"SMITH"},{"data":"Second Wind","floor":32.0,"key":"SMITH"},{"floor":45,"key":"RECALL"},{"data":"Feel No Pain","floor":49,"key":"SMITH"},{"data":"Bloodletting","floor":53,"key":"SMITH"}],"circlet_count":0,"master_deck":["AscendersBane","Defend_R","Defend_R","Defend_R+1","Defend_R","Bash","Anger","Carnage+1","Headbutt","Shockwave+1","Disarm+1","Rage","Feed+1","Offering","Seeing Red","Rupture","Flame Barrier","Bloodletting+1","Second Wind+1","Twin Strike","Limit Break","Disarm","Corruption","Flex","Second Wind+1","Intimidate","Feel No Pain+1","Rupture+1","Shrug It Off","Dark Embrace","Sentinel","Carnage+1","Feel No Pain+1"],"relics":["Burning Blood","Nunchaku","Ice Cream","Meat on the Bone","Blue Candle","Pocketwatch","Runic Pyramid","Membership Card","Bronze Scales","Red Mask","Boot","Dream Catcher","Centennial Puzzle","Cursed Key","Omamori","ClockworkSouvenir","War Paint","Juzu Bracelet","Strawberry","StoneCalendar","FossilizedHelix","Toolbox","Oddly Smooth Stone"],"acts_visited":["Exordium","TheCity","TheBeyond","TheEnding"],"potions_floor_usage":[56,56],"damage_taken":[{"damage":7.0,"enemies":"Cultist","floor":1.0,"turns":4.0},{"damage":9.0,"enemies":"Jaw Worm","floor":2.0,"turns":4.0},{"damage":1.0,"enemies":"2 Louse","floor":3.0,"turns":2.0},{"damage":15.0,"enemies":"Lagavulin","floor":7.0,"turns":5.0},{"damage":8.0,"enemies":"Gremlin Nob","floor":10.0,"turns":3.0},{"damage":0.0,"enemies":"Exordium Wildlife","floor":11.0,"turns":3.0},{"damage":9.0,"enemies":"Looter","floor":12.0,"turns":3.0},{"damage":0.0,"enemies":"Lagavulin","floor":13.0,"turns":4.0},{"damage":10.0,"enemies":"Red Slaver","floor":14.0,"turns":3.0},{"damage":31.0,"enemies":"Hexaghost","floor":16.0,"turns":11.0},{"damage":6.0,"enemies":"3 Byrds","floor":18.0,"turns":6.0},{"damage":36.0,"enemies":"Masked Bandits","floor":20.0,"turns":4.0},{"damage":19.0,"enemies":"Spheric Guardian","floor":22.0,"turns":4.0},{"damage":17.0,"enemies":"Gremlin Leader","floor":23.0,"turns":5.0},{"damage":16.0,"enemies":"Centurion and Healer","floor":24.0,"turns":6.0},{"damage":9.0,"enemies":"Slavers","floor":27.0,"turns":7.0},{"damage":10.0,"enemies":"Cultist and Chosen","floor":29.0,"turns":5.0},{"damage":17.0,"enemies":"Gremlin Leader","floor":30.0,"turns":4.0},{"damage":34.0,"enemies":"Sentry and Sphere","floor":31.0,"turns":6.0},{"damage":41.0,"enemies":"Automaton","floor":33.0,"turns":9.0},{"damage":3.0,"enemies":"3 Shapes","floor":35.0,"turns":6.0},{"damage":50.0,"enemies":"3 Darklings","floor":36.0,"turns":6.0},{"damage":10.0,"enemies":"Maw","floor":38.0,"turns":7.0},{"damage":68.0,"enemies":"Spire Growth","floor":39.0,"turns":6.0},{"damage":16.0,"enemies":"Nemesis","floor":40.0,"turns":7.0},{"damage":93,"enemies":"Giant Head","floor":42,"turns":9},{"damage":16,"enemies":"3 Darklings","floor":44,"turns":6},{"damage":46,"enemies":"2 Orb Walkers","floor":46,"turns":6},{"damage":9,"enemies":"Writhing Mass","floor":48,"turns":3},{"damage":40,"enemies":"Donu and Deca","floor":50,"turns":6},{"damage":12,"enemies":"Awakened One","floor":51,"turns":7},{"damage":39,"enemies":"Shield and Spear","floor":55,"turns":5},{"damage":67,"enemies":"The Heart","floor":56,"turns":7}],"seed_played":"3789906093285811438","potions_obtained":[{"floor":2.0,"key":"FairyPotion"},{"floor":10.0,"key":"Dexterity Potion"},{"floor":12.0,"key":"Swift Potion"},{"floor":18.0,"key":"Fire Potion"},{"floor":23.0,"key":"CultistPotion"},{"floor":24.0,"key":"BloodPotion"},{"floor":39.0,"key":"Weak Potion"},{"floor":40.0,"key":"LiquidBronze"},{"floor":44,"key":"SteroidPotion"},{"floor":46,"key":"DuplicationPotion"}],"is_trial":false,"path_per_floor":["M","M","M","T","?","R","E","R","T","E","M","M","E","M","R","B",null,"M","$","?","?","M","E","M","?","T","E","R","M","E","M","R","B",null,"M","M","?","M","M","E","$","E","T","M","R","?","$","M","R","B","B",null,"R","$","E","B",null],"character_chosen":"IRONCLAD","items_purchased":["Membership Card","Rupture","Bronze Scales","ClockworkSouvenir","War Paint","Intimidate","Dark Embrace","Sentinel","FossilizedHelix","Toolbox"],"campfire_rested":0,"item_purchase_floors":[19,19,19,41,41,41,47,47,47,47],"current_hp_per_floor":[74,71,76,76,76,76,67,67,67,65,71,68,74,70,70,60,79,82,82,55,55,57,61,66,66,66,66,66,66,71,59,59,40,99,106,78,78,78,58,64,64,63,70,76,76,52,52,65,65,47,57,142,142,142,113,64],"gold":65,"neow_bonus":"TEN_PERCENT_HP_BONUS","is_daily":false,"chose_seed":false,"campfire_upgraded":7,"win_rate":0.0,"timestamp":1609413855,"path_taken":["M","M","M","?","?","R","E","R","T","E","M","M","E","M","R","BOSS","M","$","?","?","M","E","M","?","T","E","R","M","E","?","R","BOSS","M","M","?","M","?","E","$","E","T","M","R","?","$","M","R","BOSS","BOSS","R","$","E","BOSS"],"items_purchased_type":["Relic","Card","Relic","Relic","Relic","Card","Card","Card","Relic","Relic"],"build_version":"2020-12-13","purchased_purges":2,"victory":true,"max_hp_per_floor":[82,82,82,82,82,82,82,82,82,82,82,82,82,82,82,85,85,88,88,91,91,94,97,100,100,100,103,103,107,111,115,115,119,119,123,127,127,131,135,139,139,143,150,154,154,158,158,162,162,166,170,170,170,170,174,174],"relic_stats":{"counters":[33,179],"Blue Candle":[0],"StoneCalendar":[0],"Juzu Bracelet":0,"War Paint":["Second Wind","Defend_R"],"Boot":[35],"Cursed Key":1,"Burning Blood":198,"Nunchaku":[35],"Dream Catcher":0,"Centennial Puzzle":[45],"Bronze Scales":[428],"obtain_stats":[{"Ice Cream":7,"Blue Candle":10,"Oddly Smooth Stone":55,"StoneCalendar":46,"Omamori":40,"Juzu Bracelet":42,"War Paint":41,"Boot":23,"Cursed Key":34,"Burning Blood":0,"ClockworkSouvenir":41,"Nunchaku":4,"Dream Catcher":27,"Centennial Puzzle":30,"Bronze Scales":19,"Strawberry":43,"Toolbox":47,"Red Mask":20,"Membership Card":19,"FossilizedHelix":47,"Meat on the Bone":9,"Pocketwatch":13,"Runic Pyramid":17},{"Ice Cream":4,"Blue Candle":5,"Oddly Smooth Stone":32,"StoneCalendar":28,"Omamori":25,"Juzu Bracelet":26,"War Paint":25,"Boot":14,"Cursed Key":20,"Burning Blood":0,"ClockworkSouvenir":25,"Nunchaku":3,"Dream Catcher":16,"Centennial Puzzle":18,"Bronze Scales":11,"Strawberry":26,"Toolbox":28,"Red Mask":12,"Membership Card":11,"FossilizedHelix":28,"Meat on the Bone":4,"Pocketwatch":8,"Runic Pyramid":10},{"Ice Cream":15,"Blue Candle":18,"Oddly Smooth Stone":172,"StoneCalendar":151,"Omamori":130,"Juzu Bracelet":139,"War Paint":130,"Boot":61,"Cursed Key":98,"Burning Blood":0,"ClockworkSouvenir":130,"Nunchaku":10,"Dream Catcher":74,"Centennial Puzzle":83,"Bronze Scales":48,"Strawberry":139,"Toolbox":151,"Red Mask":52,"Membership Card":48,"FossilizedHelix":151,"Meat on the Bone":15,"Pocketwatch":28,"Runic Pyramid":42}],"Meat on the Bone":204,"Pocketwatch":[80]},"card_choices":[{"not_picked":["Warcry","Headbutt"],"picked":"Anger","floor":1.0},{"not_picked":["Wild Strike","Sword Boomerang"],"picked":"Carnage","floor":2.0},{"not_picked":["Armaments","Body Slam"],"picked":"Headbutt","floor":3.0},{"not_picked":["Power Through","Warcry"],"picked":"Shockwave","floor":7.0},{"not_picked":["Uppercut","Spot Weakness"],"picked":"Disarm","floor":10.0},{"not_picked":["Sword Boomerang","Clash"],"picked":"Rage","floor":11.0},{"not_picked":["Havoc","Clothesline","Pommel Strike"],"picked":"SKIP","floor":12.0},{"not_picked":["Thunderclap","Whirlwind","Body Slam"],"picked":"SKIP","floor":13.0},{"not_picked":["Perfected Strike","Seeing Red"],"picked":"Feed","floor":14.0},{"not_picked":["Berserk","Immolate"],"picked":"Offering","floor":16.0},{"not_picked":["Spot Weakness","Dual Wield"],"picked":"Seeing Red","floor":18.0},{"not_picked":["Pommel Strike","Power Through"],"picked":"Flame Barrier","floor":20.0},{"not_picked":["Wild Strike+1","Whirlwind","Uppercut"],"picked":"SKIP","floor":22.0},{"not_picked":["Sword Boomerang+1","Hemokinesis"],"picked":"Second Wind","floor":23.0},{"not_picked":["Perfected Strike","Clash"],"picked":"Twin Strike","floor":24.0},{"not_picked":["Twin Strike","Wild Strike","Clash"],"picked":"SKIP","floor":27.0},{"not_picked":["Iron Wave","Evolve","Thunderclap+1"],"picked":"SKIP","floor":29.0},{"not_picked":["Twin Strike","Sever Soul"],"picked":"Limit Break","floor":30.0},{"not_picked":["Blood for Blood","Wild Strike"],"picked":"Disarm","floor":31.0},{"not_picked":["Offering","Demon Form"],"picked":"Corruption","floor":33.0},{"not_picked":["Fire Breathing+1","Headbutt","Hemokinesis"],"picked":"SKIP","floor":35.0},{"not_picked":["Heavy Blade","Headbutt","Warcry+1"],"picked":"SKIP","floor":36.0},{"not_picked":["Anger+1","Thunderclap+1","Clash"],"picked":"SKIP","floor":38.0},{"not_picked":["Fire Breathing","Body Slam"],"picked":"Flex","floor":39.0},{"not_picked":["Clash","Clothesline"],"picked":"Second Wind","floor":40.0},{"not_picked":["Sentinel","Armaments"],"picked":"Feel No Pain","floor":42},{"not_picked":["Sword Boomerang","Warcry+1"],"picked":"Rupture+1","floor":44},{"not_picked":["Offering","Burning Pact"],"picked":"Shrug It Off","floor":46},{"not_picked":["Perfected Strike","Sword Boomerang"],"picked":"Carnage+1","floor":48},{"not_picked":["Sword Boomerang","Uppercut+1"],"picked":"Feel No Pain+1","floor":55}],"player_experience":1308872,"relics_obtained":[{"floor":4.0,"key":"Nunchaku"},{"floor":7.0,"key":"Ice Cream"},{"floor":9.0,"key":"Meat on the Bone"},{"floor":10.0,"key":"Blue Candle"},{"floor":13.0,"key":"Pocketwatch"},{"floor":20.0,"key":"Red Mask"},{"floor":23.0,"key":"Boot"},{"floor":27.0,"key":"Dream Catcher"},{"floor":30.0,"key":"Centennial Puzzle"},{"floor":40.0,"key":"Omamori"},{"floor":42,"key":"Juzu Bracelet"},{"floor":43,"key":"Strawberry"},{"floor":46,"key":"StoneCalendar"},{"floor":55,"key":"Oddly Smooth Stone"}],"event_choices":[{"cards_removed":["Strike_R"],"damage_healed":0.0,"max_hp_gain":0.0,"max_hp_loss":0.0,"gold_gain":0.0,"event_name":"The Cleric","player_choice":"Card Removal","floor":5.0,"gold_loss":75.0,"damage_taken":0.0},{"damage_healed":0.0,"max_hp_gain":0.0,"max_hp_loss":0.0,"gold_gain":0.0,"event_name":"Masked Bandits","player_choice":"Fought Bandits","floor":20.0,"gold_loss":0.0,"damage_taken":0.0},{"damage_healed":0.0,"max_hp_gain":0.0,"max_hp_loss":0.0,"gold_gain":0.0,"event_name":"The Library","player_choice":"Read","floor":21.0,"gold_loss":0.0,"damage_taken":0.0,"cards_obtained":["Bloodletting"]},{"cards_removed":["Strike_R"],"damage_healed":0.0,"max_hp_gain":0.0,"max_hp_loss":0.0,"gold_gain":0.0,"event_name":"Purifier","player_choice":"Purged","floor":25.0,"gold_loss":0.0,"damage_taken":0.0},{"cards_removed":["Strike_R"],"damage_healed":0.0,"max_hp_gain":0.0,"max_hp_loss":0.0,"gold_gain":0.0,"event_name":"Wheel of Change","player_choice":"Card Removal","floor":37.0,"gold_loss":0.0,"damage_taken":0.0},{"damage_healed":0,"gold_gain":0,"player_choice":"Fight","damage_taken":0,"max_hp_gain":0,"max_hp_loss":0,"event_name":"Mysterious Sphere","floor":46,"gold_loss":0}],"is_beta":false,"boss_relics":[{"not_picked":["Philosopher\u0027s Stone","Velvet Choker"],"picked":"Runic Pyramid"},{"not_picked":["Pandora\u0027s Box","Black Star"],"picked":"Cursed Key"}],"items_purged_floors":[19,41],"is_endless":false,"potions_floor_spawned":[2,10,11,12,14,18,23,24,39,40,44,46,55],"ascension_level":20}}