{"host":"2pkirg8lp2j2yw4c","time":1609438394,"event":{"mods":["AchievementEnabler","BaseMod","BetterRewards","Colored Map","Colored Powertips","Ekko","Googly Eyes","Hermit","Hubris","Koishi","Marisa????????","Minty Spire (QoL Compilation)","Quick Restart","StSLib","The Dragon Tamer","The Marked","The Runesmith","slay the spire mod where everything is the same but ironclad has a cowboy hat"],"gold_per_floor":[117,137,155,80,95,95,95,123,123,148,132,160,160,160,160,257,257,276,276,201,184,199,199,214,241,293,293,293,73,98,116,116,217,217,227,227,227,227],"floor_reached":37,"playtime":2688,"items_purged":["Sunder"],"score":520,"play_id":"031bd4d0-dd12-42dc-a1ce-30e558bbb3ba","local_time":"20201231131314","is_ascension_mode":true,"campfire_choices":[{"data":"Creative AI","floor":6.0,"key":"SMITH"},{"data":"Defragment","floor":15.0,"key":"SMITH"},{"floor":23.0,"key":"REST"},{"data":"Double Energy","floor":28.0,"key":"SMITH"},{"data":"Coolheaded","floor":32.0,"key":"SMITH"}],"circlet_count":0,"master_deck":["Zap","Dualcast","Leap","Streamline","Darkness","Turbo","Coolheaded+1","Self Repair","Creative AI+1","Defragment+1","Reboot","Echo Form+1","White Noise","Melter","Reboot","Capacitor","Leap","Cold Snap","Double Energy+1","Necronomicurse","Redo","Stack","Ball Lightning","Creative AI+1","Glacier","Loop+1","Core Surge"],"relics":["Cracked Core","OrangePellets","hubris:BundleOfHerbs","Bird Faced Urn","hubris:Towel","hubris:SoftwareUpdate","hubris:MysteriousPyramids","Oddly Smooth Stone","Orichalcum","Pandora\u0027s Box","Necronomicon","Eternal Feather","Bag of Marbles","Happy Flower","Sozu"],"acts_visited":["Exordium","TheCity","TheBeyond"],"potions_floor_usage":[],"damage_taken":[{"damage":1.0,"enemies":"Cultist","floor":1.0,"turns":4.0},{"damage":4.0,"enemies":"Jaw Worm","floor":2.0,"turns":4.0},{"damage":0.0,"enemies":"Small Slimes","floor":3.0,"turns":2.0},{"damage":6.0,"enemies":"3 Louse","floor":5.0,"turns":3.0},{"damage":9.0,"enemies":"Lagavulin","floor":8.0,"turns":9.0},{"damage":19.0,"enemies":"Gremlin Nob","floor":10.0,"turns":4.0},{"damage":6.0,"enemies":"Exordium Thugs","floor":11.0,"turns":4.0},{"damage":10.0,"enemies":"Lagavulin","floor":12.0,"turns":8.0},{"damage":21.0,"enemies":"Hexaghost","floor":16.0,"turns":14.0},{"damage":34.0,"enemies":"3 Byrds","floor":18.0,"turns":4.0},{"damage":17.0,"enemies":"2 Thieves","floor":21.0,"turns":4.0},{"damage":51.0,"enemies":"Centurion and Healer","floor":22.0,"turns":5.0},{"damage":2.0,"enemies":"Cultist and Chosen","floor":24.0,"turns":8.0},{"damage":57.0,"enemies":"Book of Stabbing","floor":25.0,"turns":10.0},{"damage":51.0,"enemies":"Slavers","floor":30.0,"turns":10.0},{"damage":2.0,"enemies":"Shelled Parasite and Fungi","floor":31.0,"turns":12.0},{"damage":70.0,"enemies":"hubris:MusketHawk","floor":33.0,"turns":11.0},{"damage":41,"enemies":"3 Darklings","floor":35,"turns":10},{"damage":91,"enemies":"2 Orb Walkers","floor":37,"turns":4}],"seed_played":"1812708578120352252","potions_obtained":[{"floor":2.0,"key":"GamblersBrew"},{"floor":3.0,"key":"FocusPotion"},{"floor":5.0,"key":"Block Potion"},{"floor":18.0,"key":"Explosive Potion"},{"floor":21.0,"key":"FocusPotion"},{"floor":25.0,"key":"EntropicBrew"},{"floor":30.0,"key":"Swift Potion"},{"floor":33.0,"key":"FearPotion"}],"is_trial":false,"path_per_floor":["M","M","M","$","M","R","?","E","T","E","M","E","?","?","R","B",null,"M","?","$","M","M","R","M","E","T","?","R","$","E","M","R","B",null,"M","?","?"],"character_chosen":"DEFECT","items_purchased":["OrangePellets","Leap","Bird Faced Urn","Streamline","Self Repair","Bag of Marbles","Glacier"],"campfire_rested":1,"item_purchase_floors":[0,0,0,0,4,29,29],"current_hp_per_floor":[44,40,40,40,34,34,34,48,48,40,40,49,42,42,42,64,75,50,34,34,38,8,30,75,45,45,45,57,57,43,75,75,35,75,69,69,0,0],"gold":227,"neow_bonus":"","is_daily":false,"chose_seed":false,"campfire_upgraded":4,"win_rate":0.0,"timestamp":1609438394,"path_taken":["M","M","?","$","M","R","?","E","T","E","M","E","?","?","R","BOSS","M","?","$","M","M","R","M","E","T","?","R","$","E","?","R","BOSS","M","?","?"],"items_purchased_type":["Relic","Card","Relic","Card","Card","Relic","Card"],"build_version":"2020-12-22","purchased_purges":1,"victory":false,"max_hp_per_floor":[75,75,75,75,75,75,75,75,75,75,75,75,75,75,75,75,75,75,75,75,75,75,75,75,75,75,75,75,75,75,75,75,75,75,75,75,75,75],"card_choices":[{"not_picked":["Hologram","Rebound"],"picked":"Darkness","floor":1.0},{"not_picked":["Hologram","Steam"],"picked":"Turbo","floor":2.0},{"not_picked":["Streamline","Turbo"],"picked":"Coolheaded","floor":3.0},{"not_picked":["hubris:Ukulele","Consume"],"picked":"Creative AI","floor":5.0},{"not_picked":["Streamline","Hologram"],"picked":"Recycle","floor":8.0},{"not_picked":["Steam","Heatsinks"],"picked":"Defragment","floor":10.0},{"not_picked":["Sweeping Beam","Gash","FTL"],"picked":"SKIP","floor":11.0},{"not_picked":["Aggregate","Static Discharge"],"picked":"Reboot","floor":12.0},{"not_picked":["Multi-Cast","Biased Cognition"],"picked":"Echo Form","floor":16.0},{"not_picked":["Hologram","Scrape+1"],"picked":"Double Energy","floor":18.0},{"not_picked":["Auto Shields","Coolheaded"],"picked":"Redo","floor":21.0},{"not_picked":["Reprogram","Darkness+1","Compile Driver"],"picked":"SKIP","floor":22.0},{"not_picked":["Redo","Melter"],"picked":"Stack","floor":24.0},{"not_picked":["Beam Cell","Reinforced Body"],"picked":"Ball Lightning","floor":25.0},{"not_picked":["Go for the Eyes+1","Hello World+1","Stack"],"picked":"SKIP","floor":30.0},{"not_picked":["Consume","Tempest"],"picked":"Loop+1","floor":31.0},{"not_picked":["All For One","Thunder Strike"],"picked":"Core Surge","floor":33.0},{"not_picked":["Cold Snap","Rebound+1","Ball Lightning"],"picked":"SKIP","floor":35}],"player_experience":155589,"relics_obtained":[{"floor":8.0,"key":"hubris:SoftwareUpdate"},{"floor":9.0,"key":"hubris:MysteriousPyramids"},{"floor":10.0,"key":"Oddly Smooth Stone"},{"floor":12.0,"key":"Orichalcum"},{"floor":19.0,"key":"Necronomicon"},{"floor":25.0,"key":"Eternal Feather"},{"floor":30.0,"key":"Happy Flower"}],"event_choices":[{"cards_removed":["Strike_B"],"damage_healed":0.0,"max_hp_gain":0.0,"max_hp_loss":0.0,"gold_gain":0.0,"event_name":"Golden Wing","player_choice":"Card Removal","floor":13.0,"gold_loss":0.0,"damage_taken":7.0},{"cards_removed":["Recycle"],"damage_healed":0.0,"max_hp_gain":0.0,"max_hp_loss":0.0,"gold_gain":0.0,"event_name":"Purifier","player_choice":"Purged","floor":14.0,"gold_loss":0.0,"damage_taken":0.0},{"damage_healed":0.0,"max_hp_gain":0.0,"max_hp_loss":0.0,"gold_gain":0.0,"event_name":"Cursed Tome","player_choice":"Obtained Book","floor":19.0,"gold_loss":0.0,"damage_taken":16.0},{"damage_healed":0.0,"max_hp_gain":0.0,"max_hp_loss":0.0,"gold_gain":0.0,"event_name":"Duplicator","player_choice":"Copied","floor":27.0,"gold_loss":0.0,"damage_taken":0.0,"cards_obtained":["Creative AI"]},{"damage_healed":0,"gold_gain":0,"player_choice":"Fight","damage_taken":0,"max_hp_gain":0,"max_hp_loss":0,"event_name":"Mysterious Sphere","floor":37,"gold_loss":0}],"is_beta":false,"boss_relics":[{"not_picked":["Busted Crown","hubris:BlackHole"],"picked":"Pandora\u0027s Box"},{"not_picked":["Astrolabe","Empty Cage"],"picked":"Sozu"}],"items_purged_floors":[20],"is_endless":false,"potions_floor_spawned":[2,3,5,18,21,25,30,33,35],"killed_by":"2 Orb Walkers","ascension_level":3}}