{"host":"g7trc0x2teqyd8ye","time":1609435801,"event":{"mods":["BaseMod","Key Reminder","Minty Spire (QoL Compilation)","Relic Stats"],"gold_per_floor":[10,30,40,53,67,101,101,101,101,101,18,18,18,18,18,18,18],"floor_reached":16,"playtime":590,"items_purged":[],"score":215,"play_id":"d392a8ce-7e7b-4edc-af98-26758d6af816","local_time":"20201231183001","is_ascension_mode":true,"campfire_choices":[{"floor":7,"key":"REST"},{"floor":10,"key":"REST"},{"data":"Uppercut","floor":13,"key":"SMITH"},{"data":"Dark Embrace","floor":15,"key":"SMITH"}],"circlet_count":0,"master_deck":["AscendersBane","Strike_R","Strike_R","Strike_R","Strike_R","Strike_R","Defend_R","Defend_R","Defend_R","Defend_R","Bash","Panache","Fire Breathing","Battle Trance","Battle Trance","Havoc","Twin Strike","Dark Embrace+1","Uppercut+1","Immolate","Entrench"],"relics":["Burning Blood","Juzu Bracelet","Bag of Preparation"],"acts_visited":["Exordium"],"potions_floor_usage":[6,8,8],"damage_taken":[{"damage":7,"enemies":"2 Louse","floor":1,"turns":4},{"damage":7,"enemies":"Cultist","floor":2,"turns":4},{"damage":0,"enemies":"Small Slimes","floor":3,"turns":4},{"damage":3,"enemies":"2 Fungi Beasts","floor":4,"turns":4},{"damage":43,"enemies":"Gremlin Gang","floor":5,"turns":5},{"damage":26,"enemies":"Gremlin Nob","floor":6,"turns":4},{"damage":25,"enemies":"Lagavulin","floor":8,"turns":6},{"damage":47,"enemies":"Hexaghost","floor":16,"turns":7}],"seed_played":"3095335565080878213","potions_obtained":[{"floor":4,"key":"SmokeBomb"},{"floor":5,"key":"SpeedPotion"},{"floor":6,"key":"DistilledChaos"}],"is_trial":false,"path_per_floor":["M","M","M","M","M","E","R","E","T","R","$","?","R","$","R","B"],"character_chosen":"IRONCLAD","items_purchased":["Uppercut"],"campfire_rested":2,"item_purchase_floors":[11],"current_hp_per_floor":[67,66,72,75,38,18,40,21,21,43,43,43,43,43,43,0,0],"gold":18,"neow_bonus":"RANDOM_COLORLESS_2","is_daily":false,"chose_seed":false,"campfire_upgraded":2,"win_rate":0.0,"timestamp":1609435801,"path_taken":["M","M","M","M","M","E","R","E","T","R","$","?","R","?","R","BOSS"],"items_purchased_type":["Card"],"build_version":"2020-12-22","purchased_purges":0,"victory":false,"max_hp_per_floor":[75,75,75,75,75,75,75,75,75,75,75,75,75,75,75,75,75],"relic_stats":{"counters":[8,38],"Juzu Bracelet":0,"Bag of Preparation":[2],"obtain_stats":[{"Juzu Bracelet":6,"Bag of Preparation":9,"Burning Blood":0},{"Juzu Bracelet":6,"Bag of Preparation":7,"Burning Blood":0},{"Juzu Bracelet":25,"Bag of Preparation":31,"Burning Blood":0}],"Burning Blood":42},"card_choices":[{"not_picked":["Master of Strategy","Secret Technique"],"picked":"Panache","floor":0},{"not_picked":["Armaments","Pommel Strike"],"picked":"Fire Breathing","floor":1},{"not_picked":["Headbutt","Whirlwind"],"picked":"Battle Trance","floor":2},{"not_picked":["Cleave","Wild Strike"],"picked":"Battle Trance","floor":3},{"not_picked":["Blood for Blood","Dark Embrace"],"picked":"Havoc","floor":4},{"not_picked":["Wild Strike","Rupture"],"picked":"Twin Strike","floor":5},{"not_picked":["Impervious","Havoc"],"picked":"Dark Embrace","floor":6}],"player_experience":846686,"relics_obtained":[{"floor":6,"key":"Juzu Bracelet"},{"floor":9,"key":"Bag of Preparation"}],"event_choices":[{"damage_healed":0,"gold_gain":0,"player_choice":"2 cards matched","damage_taken":0,"max_hp_gain":0,"max_hp_loss":0,"event_name":"Match and Keep!","floor":12,"gold_loss":0,"cards_obtained":["Immolate","Entrench"]}],"is_beta":false,"boss_relics":[],"items_purged_floors":[],"is_endless":false,"potions_floor_spawned":[4,5,6,8],"killed_by":"Hexaghost","ascension_level":19}}