{"host":"1hv1kueuvc4r3rdp","time":1609453949,"event":{"mods":["AchievementEnabler","BaseMod","DeckTracker","Highlight Path","Minty Spire (QoL Compilation)","Permanent Neow","StSLib"],"gold_per_floor":[116,134,150,164,54,54,54,80,80,91,91,91,91,120,120,224,224,237,152,52,34,47,73,73,106,106,136,148,160,199,226,238,250,250],"floor_reached":33,"playtime":1389,"items_purged":["Normality","Blizzard+1"],"score":413,"play_id":"abb5ac61-1ea2-460d-a738-79c5e700302c","local_time":"20201231163229","is_ascension_mode":true,"campfire_choices":[{"data":"Defragment","floor":6,"key":"SMITH"},{"floor":11,"key":"REST"},{"floor":13,"key":"REST"},{"data":"Zap","floor":15,"key":"SMITH"},{"floor":24,"key":"REST"},{"floor":28,"key":"REST"},{"floor":32,"key":"REST"}],"circlet_count":0,"master_deck":["Strike_B","Strike_B","Defend_B","Defend_B","Defend_B","Zap+1","Dualcast","Go for the Eyes","Ball Lightning","Melter","Defragment+1","Cold Snap","Machine Learning","Force Field+1","Thunder Strike+1","Coolheaded","Chill","Biased Cognition","Leap","Glacier"],"relics":["Cracked Core","Bird Faced Urn","Oddly Smooth Stone","Tiny Chest","Question Card","Astrolabe","DataDisk","CaptainsWheel","Dream Catcher","MawBank","NlothsMask"],"acts_visited":["Exordium","TheCity"],"potions_floor_usage":[10,10,23,27],"damage_taken":[{"damage":8,"enemies":"Small Slimes","floor":1,"turns":4},{"damage":4,"enemies":"Jaw Worm","floor":2,"turns":3},{"damage":0,"enemies":"2 Louse","floor":3,"turns":3},{"damage":18,"enemies":"Large Slime","floor":4,"turns":5},{"damage":35,"enemies":"3 Sentries","floor":8,"turns":7},{"damage":4,"enemies":"Exordium Thugs","floor":10,"turns":4},{"damage":16,"enemies":"Lagavulin","floor":14,"turns":5},{"damage":2,"enemies":"Slime Boss","floor":16,"turns":7},{"damage":32,"enemies":"3 Byrds","floor":18,"turns":5},{"damage":24,"enemies":"2 Thieves","floor":21,"turns":5},{"damage":0,"enemies":"Centurion and Healer","floor":22,"turns":6},{"damage":10,"enemies":"Book of Stabbing","floor":23,"turns":6},{"damage":53,"enemies":"Gremlin Leader","floor":25,"turns":10},{"damage":8,"enemies":"Snake Plant","floor":27,"turns":5},{"damage":18,"enemies":"Chosen and Byrds","floor":31,"turns":6},{"damage":59,"enemies":"Automaton","floor":33,"turns":10}],"seed_played":"2250963239311494550","potions_obtained":[{"floor":1,"key":"SpeedPotion"},{"floor":4,"key":"EssenceOfSteel"},{"floor":8,"key":"SpeedPotion"},{"floor":14,"key":"Weak Potion"},{"floor":21,"key":"FairyPotion"},{"floor":25,"key":"EssenceOfSteel"}],"is_trial":false,"path_per_floor":["M","M","M","M","$","R","?","E","T","M","R","?","R","E","R","B",null,"M","?","$","M","M","E","R","E","T","M","R","?","T","M","R","B"],"character_chosen":"DEFECT","items_purchased":["Defragment"],"campfire_rested":5,"item_purchase_floors":[5],"current_hp_per_floor":[60,56,56,38,38,38,38,5,5,3,25,25,47,33,33,35,65,37,37,37,17,21,15,37,22,22,18,40,40,40,28,50,0,0],"gold":250,"neow_bonus":"ONE_RARE_RELIC","is_daily":false,"chose_seed":false,"campfire_upgraded":2,"win_rate":0.0,"timestamp":1609453949,"path_taken":["M","M","M","M","$","R","?","E","T","M","R","?","R","E","R","BOSS","M","?","$","M","M","E","R","E","T","M","R","?","?","M","R","BOSS"],"items_purchased_type":["Card"],"build_version":"2020-12-22","purchased_purges":2,"victory":false,"max_hp_per_floor":[75,75,75,75,75,75,75,75,75,75,75,75,75,75,75,75,75,75,75,75,75,75,75,75,75,75,75,75,75,75,75,75,75,75],"card_choices":[{"not_picked":["Steam Power","Skim"],"picked":"Go for the Eyes","floor":1},{"not_picked":["Rip and Tear","Leap"],"picked":"Ball Lightning","floor":2},{"not_picked":["Conserve Battery","Storm"],"picked":"Melter","floor":3},{"not_picked":["Go for the Eyes","Coolheaded","Self Repair"],"picked":"SKIP","floor":4},{"not_picked":["Blizzard","Stack","Rebound"],"picked":"SKIP","floor":8},{"not_picked":["Hologram","Redo"],"picked":"Cold Snap","floor":10},{"not_picked":["Rip and Tear","Turbo"],"picked":"Machine Learning","floor":14},{"not_picked":["Tempest+1","Go for the Eyes","Stack"],"picked":"Coolheaded","floor":18},{"not_picked":["Beam Cell","Compile Driver+1","Undo"],"picked":"Chill","floor":21},{"not_picked":["Compile Driver","Streamline","Steam","Static Discharge"],"picked":"SKIP","floor":22},{"not_picked":["Scrape","Steam Power+1","Sweeping Beam"],"picked":"Biased Cognition","floor":23},{"not_picked":["Scrape","Hologram","Aggregate","Chaos"],"picked":"SKIP","floor":25},{"not_picked":["Gash","Redo","Go for the Eyes+1","Barrage"],"picked":"SKIP","floor":27},{"not_picked":["Beam Cell","Doom and Gloom","Conserve Battery"],"picked":"Leap","floor":28},{"not_picked":["Compile Driver+1","Heatsinks+1","Blizzard","Cold Snap+1"],"picked":"SKIP","floor":31},{"not_picked":["Coolheaded+1","Melter","Buffer"],"picked":"Glacier","floor":32}],"player_experience":1126490,"relics_obtained":[{"floor":8,"key":"Oddly Smooth Stone"},{"floor":9,"key":"Tiny Chest"},{"floor":14,"key":"Question Card"},{"floor":23,"key":"CaptainsWheel"},{"floor":25,"key":"Dream Catcher"},{"floor":26,"key":"MawBank"}],"event_choices":[{"damage_healed":0,"gold_gain":0,"player_choice":"Ignored","damage_taken":0,"max_hp_gain":0,"max_hp_loss":0,"event_name":"Liars Game","floor":7,"gold_loss":0},{"damage_healed":0,"gold_gain":0,"player_choice":"Ignored","damage_taken":0,"max_hp_gain":0,"max_hp_loss":0,"event_name":"Golden Idol","floor":12,"gold_loss":0},{"damage_healed":0,"gold_gain":0,"player_choice":"Obtained Relic","damage_taken":0,"relics_obtained":["DataDisk"],"max_hp_gain":0,"max_hp_loss":0,"event_name":"Addict","floor":19,"gold_loss":85},{"damage_healed":0,"gold_gain":0,"player_choice":"Trade","damage_taken":0,"relics_obtained":["NlothsMask"],"max_hp_gain":0,"max_hp_loss":0,"event_name":"FaceTrader","floor":29,"gold_loss":0}],"is_beta":false,"boss_relics":[{"not_picked":["Black Star","Velvet Choker"],"picked":"Astrolabe"}],"items_purged_floors":[5,20],"is_endless":false,"potions_floor_spawned":[1,4,8,14,21,25],"killed_by":"Automaton","ascension_level":8}}