{"host":"i4eavuqabbk5mi94","time":1609442753,"event":{"mods":["BaseMod","Googly Eyes","Minty Spire (QoL Compilation)"],"gold_per_floor":[111,126,126,51,70,70,98,98,123,154,16,16,16],"floor_reached":12,"playtime":383,"items_purged":["Parasite","Strike_R"],"score":108,"play_id":"654e53f0-1fac-423a-ade3-35b45bd2a917","local_time":"20201231192553","is_ascension_mode":true,"campfire_choices":[{"data":"Disarm","floor":6,"key":"SMITH"},{"data":"Exhume","floor":8,"key":"SMITH"}],"circlet_count":0,"master_deck":["Strike_R","Strike_R","Strike_R","Defend_R","Defend_R","Defend_R","Bash","Flex","Battle Trance","Immolate","Finesse","Disarm+1","Exhume+1","Flame Barrier","Inflame"],"relics":["Burning Blood","Juzu Bracelet","Potion Belt","Kunai"],"acts_visited":["Exordium"],"potions_floor_usage":[7,12],"damage_taken":[{"damage":2,"enemies":"Small Slimes","floor":1,"turns":4},{"damage":1,"enemies":"Cultist","floor":2,"turns":3},{"damage":0,"enemies":"2 Louse","floor":5,"turns":1},{"damage":16,"enemies":"Gremlin Nob","floor":7,"turns":4},{"damage":35,"enemies":"Lagavulin","floor":10,"turns":7},{"damage":33,"enemies":"3 Sentries","floor":12,"turns":4}],"seed_played":"-9220519702644197209","potions_obtained":[{"floor":5,"key":"Weak Potion"},{"floor":10,"key":"Dexterity Potion"}],"is_trial":false,"path_per_floor":["M","M","?","$","M","R","E","R","T","E","$","E"],"character_chosen":"IRONCLAD","items_purchased":["Inflame"],"campfire_rested":0,"item_purchase_floors":[11],"current_hp_per_floor":[72,72,72,69,69,69,59,59,59,30,30,0,0],"gold":16,"neow_bonus":"REMOVE_TWO","is_daily":false,"chose_seed":false,"campfire_upgraded":2,"win_rate":0.0,"timestamp":1609442753,"path_taken":["M","M","?","?","?","R","E","R","T","E","$","E"],"items_purchased_type":["Card"],"build_version":"2020-12-22","purchased_purges":2,"victory":false,"max_hp_per_floor":[72,72,72,69,69,69,69,69,69,69,69,69,69],"card_choices":[{"not_picked":["Shrug It Off","Shockwave"],"picked":"Flex","floor":1},{"not_picked":["Body Slam","Flex"],"picked":"Battle Trance","floor":2},{"not_picked":["Anger","Headbutt"],"picked":"Disarm","floor":5},{"not_picked":["Heavy Blade","Warcry"],"picked":"Exhume","floor":7},{"not_picked":["Warcry","Combust"],"picked":"Flame Barrier","floor":10}],"player_experience":362241,"relics_obtained":[{"floor":7,"key":"Juzu Bracelet"},{"floor":9,"key":"Potion Belt"},{"floor":10,"key":"Kunai"}],"event_choices":[{"damage_healed":0,"gold_gain":0,"player_choice":"3 cards matched","damage_taken":0,"max_hp_gain":0,"max_hp_loss":0,"event_name":"Match and Keep!","floor":3,"gold_loss":0,"cards_obtained":["Parasite","Immolate","Finesse"]}],"is_beta":false,"boss_relics":[],"items_purged_floors":[4,11],"is_endless":false,"potions_floor_spawned":[5,10],"killed_by":"3 Sentries","ascension_level":5}}