{"host":"7yxt37kap0q16lk4","time":1609447069,"event":{"mods":["2.2 Compatiblity","Act Like it!","BaseMod","Better Third Choice","Better-Laid Plans","Colored Map","Custom Start","Highlight Path","Keyboard Shortcuts","Minty Spire (QoL Compilation)","Quick Restart","Rare Cards Sparkle","Relic Stats","Shop Mod","Slay the Relics Exporter","StSLib","SuperFastMode"],"gold_per_floor":[117,135,149,160,85,85,85,118,142,152,180,180,212,239,239,324,324,342,312,0,0,26,60,60,96,96,96,122,122,61,61,95,95,181,181,202,202,49,68,90,90,40,69,117,117,67,67,84,84,84,84,84],"floor_reached":51,"playtime":1188,"items_purged":["Strike_G","Strike_G+1","Strike_G+1","Defend_G+1","Blade Dance"],"score":1332,"play_id":"b80c1089-8abd-47a0-b277-5c221c40aeb6","local_time":"20210101053749","is_ascension_mode":true,"campfire_choices":[{"data":"Burst","floor":6,"key":"SMITH"},{"data":"Blade Dance","floor":12,"key":"SMITH"},{"data":"Bouncing Flask","floor":15,"key":"SMITH"},{"data":"Tactician","floor":24,"key":"SMITH"},{"data":"Accuracy","floor":29,"key":"SMITH"},{"floor":33,"key":"REST"},{"data":"Reflex","floor":41,"key":"SMITH"},{"floor":47,"key":"REST"},{"floor":50,"key":"RECALL"}],"circlet_count":0,"master_deck":["AscendersBane","Defend_G+1","Defend_G+1","Defend_G+1","Defend_G+1","Survivor","Neutralize+1","Blade Dance+1","Burst+1","Bouncing Flask+1","Tactician+1","Outmaneuver","A Thousand Cuts","Accuracy+1","Noxious Fumes+1","Acrobatics+1","Footwork+1","Cloak And Dagger","Envenom+1","Blur","Backflip","Reflex+1","Catalyst+1","Footwork+1"],"relics":["Ring of the Snake","Strawberry","Juzu Bracelet","Smiling Mask","CeramicFish","Art of War","Sozu","Membership Card","Meat on the Bone","Whetstone","Pantograph","Girya","Frozen Egg 2","Ancient Tea Set","Runic Dome","Regal Pillow","Bronze Scales","CaptainsWheel"],"acts_visited":["Exordium","TheCity","TheBeyond"],"potions_floor_usage":[8,11,11],"damage_taken":[{"damage":2,"enemies":"Jaw Worm","floor":1,"turns":5},{"damage":6,"enemies":"Cultist","floor":2,"turns":3},{"damage":0,"enemies":"2 Louse","floor":3,"turns":3},{"damage":2,"enemies":"Red Slaver","floor":4,"turns":2},{"damage":12,"enemies":"Lagavulin","floor":8,"turns":5},{"damage":0,"enemies":"Large Slime","floor":10,"turns":3},{"damage":15,"enemies":"3 Sentries","floor":11,"turns":4},{"damage":27,"enemies":"Lagavulin","floor":13,"turns":5},{"damage":0,"enemies":"Exordium Wildlife","floor":14,"turns":1},{"damage":0,"enemies":"Slime Boss","floor":16,"turns":7},{"damage":6,"enemies":"Spheric Guardian","floor":18,"turns":3},{"damage":6,"enemies":"3 Byrds","floor":22,"turns":4},{"damage":0,"enemies":"Gremlin Leader","floor":23,"turns":5},{"damage":42,"enemies":"Slavers","floor":25,"turns":5},{"damage":16,"enemies":"Slavers","floor":28,"turns":5},{"damage":10,"enemies":"Book of Stabbing","floor":32,"turns":4},{"damage":41,"enemies":"Champ","floor":34,"turns":8},{"damage":18,"enemies":"Orb Walker","floor":36,"turns":3},{"damage":0,"enemies":"3 Darklings","floor":39,"turns":4},{"damage":18,"enemies":"Transient","floor":40,"turns":6},{"damage":25,"enemies":"Writhing Mass","floor":43,"turns":5},{"damage":2,"enemies":"Jaw Worm Horde","floor":48,"turns":4},{"damage":74,"enemies":"Time Eater","floor":51,"turns":7}],"seed_played":"8177929861068677161","potions_obtained":[{"floor":2,"key":"AttackPotion"},{"floor":3,"key":"AttackPotion"},{"floor":8,"key":"Fire Potion"}],"is_trial":false,"path_per_floor":["M","M","M","M","?","R","?","E","T","M","E","R","E","M","R","B",null,"M","?","$","?","M","E","R","E","E","T","E","R","$","?","E","R","B",null,"M","T","$","M","M","R","$","M","T","?","$","R","M","T","R","B"],"character_chosen":"THE_SILENT","items_purchased":["Membership Card","Meat on the Bone","Accuracy","Footwork+1","Backflip","Regal Pillow"],"campfire_rested":2,"item_purchase_floors":[20,20,20,30,38,38],"current_hp_per_floor":[64,58,58,56,56,56,56,44,44,44,29,29,2,2,2,2,55,49,49,49,49,43,43,43,13,13,13,14,14,14,14,16,37,33,63,45,45,45,45,39,39,39,26,26,26,26,62,60,60,60,0,0],"gold":84,"neow_bonus":"RANDOM_COMMON_RELIC","is_daily":false,"chose_seed":false,"campfire_upgraded":6,"win_rate":0.0,"timestamp":1609447069,"path_taken":["M","M","M","M","?","R","?","E","T","M","E","R","E","M","R","BOSS","M","?","$","?","M","E","R","E","E","T","E","R","$","?","E","R","BOSS","M","?","$","M","M","R","$","M","T","?","?","R","M","?","R","BOSS"],"items_purchased_type":["Relic","Relic","Card","Card","Card","Relic"],"build_version":"2020-12-22","purchased_purges":5,"victory":false,"max_hp_per_floor":[73,73,73,73,73,73,73,73,73,73,73,73,73,73,73,73,73,73,73,73,73,73,73,73,73,73,73,73,73,73,73,73,73,73,73,73,73,73,73,73,73,73,73,73,73,73,73,73,73,73,73,73],"relic_stats":{"Regal Pillow":15,"counters":[23,101],"CeramicFish":117,"Juzu Bracelet":1,"Whetstone":["Poisoned Stab","Neutralize"],"Smiling Mask":64,"Sozu":6,"Pantograph":38,"Bronze Scales":[51],"Art of War":[15],"obtain_stats":[{"Girya":27,"Regal Pillow":38,"CeramicFish":11,"Juzu Bracelet":8,"Whetstone":23,"Frozen Egg 2":28,"Smiling Mask":9,"Ancient Tea Set":32,"Sozu":17,"Runic Dome":35,"CaptainsWheel":49,"Strawberry":0,"Pantograph":25,"Bronze Scales":44,"Art of War":13,"Membership Card":20,"Ring of the Snake":0,"Meat on the Bone":20},{"Girya":14,"Regal Pillow":18,"CeramicFish":7,"Juzu Bracelet":5,"Whetstone":13,"Frozen Egg 2":15,"Smiling Mask":5,"Ancient Tea Set":16,"Sozu":10,"Runic Dome":17,"CaptainsWheel":22,"Strawberry":0,"Pantograph":14,"Bronze Scales":21,"Art of War":8,"Membership Card":11,"Ring of the Snake":0,"Meat on the Bone":11},{"Girya":55,"Regal Pillow":75,"CeramicFish":25,"Juzu Bracelet":18,"Whetstone":50,"Frozen Egg 2":60,"Smiling Mask":18,"Ancient Tea Set":64,"Sozu":38,"Runic Dome":72,"CaptainsWheel":94,"Strawberry":0,"Pantograph":55,"Bronze Scales":90,"Art of War":30,"Membership Card":41,"Ring of the Snake":0,"Meat on the Bone":41}],"Ring of the Snake":[46],"Meat on the Bone":72},"card_choices":[{"not_picked":["Sucker Punch","Leg Sweep"],"picked":"Blade Dance","floor":1},{"not_picked":["Setup","Bane"],"picked":"Blade Dance","floor":2},{"not_picked":["Dodge and Roll","Acrobatics"],"picked":"Poisoned Stab","floor":3},{"not_picked":["Blur","Quick Slash"],"picked":"Burst","floor":4},{"not_picked":["Prepared","Outmaneuver"],"picked":"Bouncing Flask","floor":8},{"not_picked":["Heel Hook","Sucker Punch"],"picked":"Tactician","floor":10},{"not_picked":["Underhanded Strike","Distraction","Outmaneuver"],"picked":"SKIP","floor":11},{"not_picked":["Bane","Sucker Punch","Dagger Throw"],"picked":"SKIP","floor":13},{"not_picked":["Underhanded Strike","Outmaneuver","Quick Slash"],"picked":"SKIP","floor":14},{"not_picked":["Underhanded Strike","Quick Slash"],"picked":"Outmaneuver","floor":14},{"not_picked":["Doppelganger","Storm of Steel"],"picked":"A Thousand Cuts","floor":16},{"not_picked":["Quick Slash","Slice","Noxious Fumes"],"picked":"SKIP","floor":18},{"not_picked":["Slice","Dash"],"picked":"Noxious Fumes+1","floor":22},{"not_picked":["Leg Sweep","Sucker Punch","Heel Hook"],"picked":"SKIP","floor":23},{"not_picked":["Expertise","Sucker Punch"],"picked":"Acrobatics","floor":25},{"not_picked":["Bane","Outmaneuver","Die Die Die"],"picked":"SKIP","floor":28},{"not_picked":["Quick Slash","Deflect+1"],"picked":"Cloak And Dagger","floor":32},{"not_picked":["Adrenaline","Doppelganger"],"picked":"Envenom+1","floor":34},{"not_picked":["Bane","Underhanded Strike"],"picked":"Blur","floor":36},{"not_picked":["Underhanded Strike","Escape Plan"],"picked":"Reflex","floor":39},{"not_picked":["Deflect+1","Poisoned Stab"],"picked":"Catalyst+1","floor":40},{"not_picked":["Bane+1","Deflect+1"],"picked":"Footwork+1","floor":43},{"not_picked":["Dodge and Roll","Quick Slash","Dagger Throw"],"picked":"SKIP","floor":48}],"player_experience":1029702,"relics_obtained":[{"floor":8,"key":"Juzu Bracelet"},{"floor":9,"key":"Smiling Mask"},{"floor":11,"key":"CeramicFish"},{"floor":13,"key":"Art of War"},{"floor":23,"key":"Whetstone"},{"floor":25,"key":"Pantograph"},{"floor":27,"key":"Girya"},{"floor":28,"key":"Frozen Egg 2"},{"floor":32,"key":"Ancient Tea Set"},{"floor":44,"key":"Bronze Scales"},{"floor":49,"key":"CaptainsWheel"}],"event_choices":[{"cards_removed":["Strike_G"],"damage_healed":0,"gold_gain":0,"player_choice":"Card Removal","damage_taken":0,"max_hp_gain":0,"max_hp_loss":0,"event_name":"The Cleric","floor":5,"gold_loss":75},{"cards_removed":["Strike_G"],"damage_healed":0,"gold_gain":0,"player_choice":"Purged","damage_taken":0,"max_hp_gain":0,"max_hp_loss":0,"event_name":"Purifier","floor":7,"gold_loss":0},{"damage_healed":0,"gold_gain":0,"player_choice":"Bought 2 Potions","damage_taken":0,"max_hp_gain":0,"max_hp_loss":0,"event_name":"The Woman in Blue","floor":19,"gold_loss":0},{"damage_healed":0,"gold_gain":0,"player_choice":"Simplicity","damage_taken":0,"max_hp_gain":0,"max_hp_loss":7,"event_name":"betterThird:BetterWriting","floor":21,"gold_loss":0},{"damage_healed":0,"gold_gain":0,"player_choice":"Forge","damage_taken":0,"max_hp_gain":0,"max_hp_loss":0,"event_name":"Accursed Blacksmith","floor":31,"gold_loss":0,"cards_upgraded":["Acrobatics"]},{"cards_removed":["Poisoned Stab"],"damage_healed":0,"gold_gain":0,"player_choice":"Removed Attack","damage_taken":0,"max_hp_gain":0,"max_hp_loss":0,"event_name":"Falling","floor":45,"gold_loss":0}],"is_beta":false,"boss_relics":[{"not_picked":["Runic Pyramid","HoveringKite"],"picked":"Sozu"},{"not_picked":["Fusion Hammer","Empty Cage"],"picked":"Runic Dome"}],"items_purged_floors":[20,30,38,42,46],"is_endless":false,"potions_floor_spawned":[2,3,4,8,22,32,36,43],"killed_by":"Time Eater","ascension_level":20}}