{"host":"aibqmozag2xz7y1n","time":1609424256,"event":{"mods":["AchievementEnabler","BaseMod","Colored Map","Marisa????????","Minty Spire (QoL Compilation)","StSLib","The Servant 0.9.4"],"gold_per_floor":[111,127,127,139,155,155,169,169,169,169,202,217,217,217,217,313,313,324,335,335,347,347,374,374,374],"floor_reached":24,"playtime":1591,"items_purged":[],"score":218,"play_id":"fcdecab3-9baa-484f-86f6-3f09671fd11a","local_time":"20201231151736","is_ascension_mode":false,"campfire_choices":[{"data":"Judgement","floor":6,"key":"SMITH"},{"data":"Prostrate","floor":8,"key":"SMITH"},{"data":"DeceiveReality","floor":10,"key":"SMITH"},{"data":"Adaptation","floor":15,"key":"SMITH"}],"circlet_count":0,"master_deck":["Strike_P","Strike_P","Strike_P","Strike_P","Defend_P","Defend_P","Defend_P","Defend_P","Eruption","Vigilance","DeceiveReality+1","Judgement+1","WindmillStrike","ClearTheMind","Prostrate+1","Sanctity","CutThroughFate","Adaptation+1","Devotion","Collect+1","ThirdEye+1","Perseverance","BattleHymn"],"relics":["PureWater","Sundial","Ornamental Fan","Philosopher\u0027s Stone","Pen Nib"],"acts_visited":["Exordium","TheCity"],"potions_floor_usage":[11,16,21,23],"damage_taken":[{"damage":0,"enemies":"2 Louse","floor":1,"turns":1},{"damage":0,"enemies":"Cultist","floor":2,"turns":3},{"damage":0,"enemies":"Small Slimes","floor":4,"turns":2},{"damage":8,"enemies":"Red Slaver","floor":5,"turns":2},{"damage":6,"enemies":"Gremlin Gang","floor":7,"turns":4},{"damage":1,"enemies":"Lagavulin","floor":11,"turns":6},{"damage":0,"enemies":"Looter","floor":12,"turns":2},{"damage":18,"enemies":"Slime Boss","floor":16,"turns":7},{"damage":15,"enemies":"Shell Parasite","floor":18,"turns":8},{"damage":0,"enemies":"Spheric Guardian","floor":19,"turns":2},{"damage":36,"enemies":"3 Cultists","floor":21,"turns":7},{"damage":8,"enemies":"Book of Stabbing","floor":23,"turns":7},{"damage":23,"enemies":"Centurion and Healer","floor":24,"turns":4}],"seed_played":"-3232984869604868590","potions_obtained":[{"floor":1,"key":"SkillPotion"},{"floor":7,"key":"CultistPotion"},{"floor":16,"key":"LiquidMemories"},{"floor":18,"key":"SkillPotion"}],"is_trial":false,"path_per_floor":["M","M","?","M","M","R","M","R","T","R","E","M","?","?","R","B",null,"M","M","$","M","?","E","M"],"character_chosen":"WATCHER","items_purchased":[],"campfire_rested":0,"item_purchase_floors":[],"current_hp_per_floor":[79,79,79,79,71,71,65,65,65,65,64,64,64,64,64,46,79,64,64,64,28,28,20,0,0],"gold":374,"neow_bonus":"TEN_PERCENT_HP_BONUS","is_daily":false,"chose_seed":false,"campfire_upgraded":4,"win_rate":0.0,"timestamp":1609424256,"path_taken":["M","M","?","M","?","R","M","R","T","R","E","M","?","?","R","BOSS","M","M","$","M","?","E","?"],"items_purchased_type":[],"build_version":"2020-12-22","purchased_purges":0,"victory":false,"max_hp_per_floor":[79,79,79,79,79,79,79,79,79,79,79,79,79,79,79,79,79,79,79,79,79,79,79,79,79],"card_choices":[{"not_picked":["CarveReality","JustLucky"],"picked":"DeceiveReality","floor":1},{"not_picked":["Indignation","FlyingSleeves"],"picked":"Evaluate","floor":2},{"not_picked":["FearNoEvil","CrushJoints"],"picked":"WindmillStrike","floor":4},{"not_picked":["FollowUp","Sanctity"],"picked":"ClearTheMind","floor":5},{"not_picked":["FollowUp","BowlingBash"],"picked":"Prostrate","floor":7},{"not_picked":["CrushJoints","DeceiveReality"],"picked":"Sanctity","floor":11},{"not_picked":["CrushJoints","WindmillStrike"],"picked":"CutThroughFate","floor":12},{"not_picked":["Blasphemy","Vault"],"picked":"Devotion","floor":16},{"not_picked":["ThirdEye","BowlingBash"],"picked":"Collect+1","floor":18},{"not_picked":["JustLucky","Sanctity"],"picked":"ThirdEye+1","floor":19},{"not_picked":["Study","EmptyBody"],"picked":"Perseverance","floor":21},{"not_picked":["Judgement","EmptyFist"],"picked":"BattleHymn","floor":23}],"player_experience":195679,"relics_obtained":[{"floor":9,"key":"Sundial"},{"floor":11,"key":"Ornamental Fan"},{"floor":23,"key":"Pen Nib"}],"event_choices":[{"damage_healed":0,"gold_gain":0,"cards_transformed":["Evaluate"],"player_choice":"Transformed","damage_taken":0,"max_hp_gain":0,"max_hp_loss":0,"event_name":"Transmorgrifier","floor":3,"gold_loss":0,"cards_obtained":["Judgement"]},{"damage_healed":0,"gold_gain":0,"player_choice":"Ignored","damage_taken":0,"max_hp_gain":0,"max_hp_loss":0,"event_name":"Golden Wing","floor":13,"gold_loss":0},{"damage_healed":0,"gold_gain":0,"player_choice":"1 cards matched","damage_taken":0,"max_hp_gain":0,"max_hp_loss":0,"event_name":"Match and Keep!","floor":14,"gold_loss":0,"cards_obtained":["Adaptation"]},{"damage_healed":0,"gold_gain":0,"player_choice":"Ignored","damage_taken":0,"max_hp_gain":0,"max_hp_loss":0,"event_name":"NoteForYourself","floor":22,"gold_loss":0}],"is_beta":false,"boss_relics":[{"not_picked":["Velvet Choker","Empty Cage"],"picked":"Philosopher\u0027s Stone"}],"items_purged_floors":[],"is_endless":false,"potions_floor_spawned":[1,7,16,18],"killed_by":"Centurion and Healer","ascension_level":0}}