{"host":"er8s5flrc5z1a07t","time":1609375024,"event":{"mods":["2.2 Compatiblity","Act Like it!","Bard","BaseMod","Better Note","Better Third Choice","Downfall","Duelist Mod","Elementarium","Energized Spire","GifTheSpireLib","Hermit","Hubris","Infinite Spire","Minty Spire (QoL Compilation)","Relic Stats","Replay The Spire","Shop Mod","StSLib","Stuff the Spire","Synergy Search","The Cursed","The Disciple","The Mystic"],"gold_per_floor":[119,119,119,137,157,185,185,185,209,209,15,15,32,51,51,126,126,143,93,104,104,123,151,151,151,151],"floor_reached":25,"playtime":831,"items_purged":[],"score":442,"play_id":"40fbc74a-4285-4b75-8373-2ad0fdc09673","local_time":"20201230193704","is_ascension_mode":true,"campfire_choices":[{"data":"Perfected Strike","floor":7,"key":"SMITH"},{"data":"Feed","floor":7,"key":"SMITH"},{"data":"Bash","floor":10,"key":"SMITH"},{"data":"Sever Soul","floor":10,"key":"SMITH"},{"data":"Headbutt","floor":12,"key":"SMITH"},{"data":"Defend_R","floor":12,"key":"SMITH"},{"data":"Evolve","floor":15,"key":"SMITH"},{"data":"Shrug It Off","floor":15,"key":"SMITH"},{"data":"Sentinel","floor":24,"key":"SMITH"},{"data":"Fire Breathing","floor":24,"key":"SMITH"}],"circlet_count":0,"master_deck":["AscendersBane","Strike_R","Strike_R","Strike_R","Strike_R","Defend_R","Defend_R","Defend_R+1","Defend_R+1","Bash+1","Sever Soul+1","Headbutt+1","Feed+1","Power Through+1","Evolve+1","Shrug It Off+1","Fiend Fire+1","Fire Breathing+1","Inflame","Sword Boomerang","ReplayTheSpireMod:Strike From Hell","Flame Barrier+1","Sentinel+1"],"relics":["Burning Blood","NeowsBlessing","Replay:Arrowhead","Bag of Preparation","Golden Egg","Replay:Rubber Ducky","hubris:TenFootPole","energizedSpire:NeverEndingSparkler","Vajra"],"acts_visited":["Exordium","TheCity"],"potions_floor_usage":[6,16,25,25],"damage_taken":[{"damage":0,"enemies":"Jaw Worm","floor":1,"turns":1},{"damage":0,"enemies":"Cultist","floor":4,"turns":1},{"damage":0,"enemies":"2 Louse","floor":5,"turns":1},{"damage":20,"enemies":"Gremlin Nob","floor":6,"turns":4},{"damage":3,"enemies":"Looter","floor":13,"turns":4},{"damage":14,"enemies":"Exordium Thugs","floor":14,"turns":3},{"damage":1,"enemies":"The Guardian","floor":16,"turns":11},{"damage":23,"enemies":"Shell Parasite","floor":18,"turns":7},{"damage":3,"enemies":"3 Byrds","floor":20,"turns":4},{"damage":2,"enemies":"Centurion and Healer","floor":22,"turns":7},{"damage":60,"enemies":"theDuelist:KaibaA2","floor":23,"turns":7},{"damage":54,"enemies":"Gremlin Leader","floor":25,"turns":6}],"seed_played":"4707248484585270970","potions_obtained":[{"floor":1,"key":"Block Potion"},{"floor":4,"key":"Fire Potion"},{"floor":6,"key":"SpeedPotion"},{"floor":20,"key":"Swift Potion"},{"floor":23,"key":"Fruit Juice"}],"is_trial":false,"path_per_floor":["M","?","?","M","M","E","R","T","T","R","$","R","M","M","R","B",null,"M","?","M","?","M","E","R","E"],"character_chosen":"IRONCLAD","items_purchased":["hubris:TenFootPole","Power Through"],"campfire_rested":0,"item_purchase_floors":[11,11],"current_hp_per_floor":[74,74,74,75,75,61,61,61,61,61,61,61,64,60,60,65,76,59,79,83,83,83,29,29,0,0],"gold":151,"neow_bonus":"THREE_ENEMY_KILL","is_daily":false,"chose_seed":false,"campfire_upgraded":10,"win_rate":0.0,"timestamp":1609375024,"path_taken":["M","?","?","M","M","E","R","?","T","R","$","R","?","?","R","BOSS","M","?","M","?","M","E","R","E"],"items_purchased_type":["Relic","Card"],"build_version":"2020-12-22","purchased_purges":0,"victory":false,"max_hp_per_floor":[75,75,75,75,75,75,75,75,75,75,75,75,75,79,79,79,79,79,79,83,83,83,83,83,88,88],"relic_stats":{"counters":[12,56],"Bag of Preparation":[16],"obtain_stats":[{"Golden Egg":8,"NeowsBlessing":0,"energizedSpire:NeverEndingSparkler":17,"Vajra":23,"Bag of Preparation":6,"hubris:TenFootPole":11,"Burning Blood":0,"Replay:Arrowhead":2,"Replay:Rubber Ducky":9},{"Golden Egg":4,"NeowsBlessing":0,"energizedSpire:NeverEndingSparkler":7,"Vajra":11,"Bag of Preparation":4,"hubris:TenFootPole":4,"Burning Blood":0,"Replay:Arrowhead":1,"Replay:Rubber Ducky":4},{"Golden Egg":7,"NeowsBlessing":0,"energizedSpire:NeverEndingSparkler":25,"Vajra":50,"Bag of Preparation":7,"hubris:TenFootPole":7,"Burning Blood":0,"Replay:Arrowhead":1,"Replay:Rubber Ducky":7}],"Burning Blood":48},"card_choices":[{"not_picked":["ReplayTheSpireMod:Stacked","Heavy Blade"],"picked":"Sever Soul","floor":1},{"not_picked":["Run Through","StuffTheSpire:RagingBull"],"picked":"Perfected Strike","floor":4},{"not_picked":["Cleave","Shrug It Off"],"picked":"Headbutt","floor":5},{"not_picked":["Replay:Undeath\u0027s Touch","StuffTheSpire:RockThrow"],"picked":"Feed","floor":6},{"not_picked":["StuffTheSpire:BloodClot","Combust"],"picked":"Evolve","floor":13},{"not_picked":["Clash","Replay:Undeath\u0027s Touch"],"picked":"Shrug It Off","floor":14},{"not_picked":["Reaper","Demonic Infusion"],"picked":"Fiend Fire","floor":16},{"not_picked":["Entrench","Havoc+1"],"picked":"Fire Breathing","floor":18},{"not_picked":["Iron Wave+1","ReplayTheSpireMod:Muscle Training"],"picked":"Inflame","floor":20},{"not_picked":["ReplayTheSpireMod:Strike From Hell","Wild Strike"],"picked":"Flame Barrier+1","floor":22},{"not_picked":["Havoc","Thunderclap"],"picked":"Sentinel","floor":23}],"player_experience":1191800,"relics_obtained":[{"floor":2,"key":"Replay:Arrowhead"},{"floor":6,"key":"Bag of Preparation"},{"floor":8,"key":"Golden Egg"},{"floor":9,"key":"Replay:Rubber Ducky"},{"floor":23,"key":"Vajra"}],"event_choices":[{"damage_healed":0,"gold_gain":0,"cards_transformed":["Strike_R","Perfected Strike"],"player_choice":"Became Test Subject","damage_taken":0,"max_hp_gain":0,"max_hp_loss":0,"event_name":"Drug Dealer","floor":21,"gold_loss":0,"cards_obtained":["Sword Boomerang","ReplayTheSpireMod:Strike From Hell"]}],"is_beta":false,"boss_relics":[{"not_picked":["Ooze Armor","hubris:RunicObelisk"],"picked":"energizedSpire:NeverEndingSparkler"}],"items_purged_floors":[],"is_endless":false,"potions_floor_spawned":[1,4,6,20,23],"killed_by":"Gremlin Leader","ascension_level":20}}