{"host":"se62q65hiqxz7cab","time":1609398603,"event":{"mods":["Act Like it!","BaseMod","Colored Map","Minty Spire (QoL Compilation)","Replay The Spire","StSLib","The Bug Knight","The Cursed"],"gold_per_floor":[114,114,129,204,53,53,67,67,67,67,87,113,113,113,113,217,217,230,242,242,257,197,197,225,80,132,94,94,106,106,120,120,224,224,242,163,13,13,28,28,28,28],"floor_reached":41,"playtime":1899,"items_purged":[],"score":412,"play_id":"0bc72a73-cf14-491d-848c-13286f3608f9","local_time":"20201231151003","is_ascension_mode":false,"campfire_choices":[{"data":"HollowMod:DashSlash","floor":6,"key":"SMITH"},{"data":"HollowMod:CycloneSlash","floor":8,"key":"SMITH"},{"data":"HollowMod:LuriensSpire","floor":10,"key":"SMITH"},{"floor":15,"key":"REST"},{"floor":23,"key":"REST"},{"data":"HollowMod:DesolateDive","floor":28,"key":"SMITH"},{"floor":30,"key":"REST"},{"floor":32,"key":"REST"},{"floor":40,"key":"REST"}],"circlet_count":0,"master_deck":["HollowMod:NailStrikeStart","HollowMod:NailStrikeStart","HollowMod:NailStrikeStart","HollowMod:QuickDashStart","HollowMod:QuickDashStart","HollowMod:FocusHealStart","HollowMod:PogoStrike","HollowMod:DashSlash+1","HollowMod:CloakDash","HollowMod:CycloneSlash+1","HollowMod:DoubleDash","HollowMod:SoulEater+1","HollowMod:QuirrelsAssistance","HollowMod:SoulShaman","HollowMod:DashSlash","HollowMod:DesolateDive+1","HollowMod:CloakDash","HollowMod:SoulMaster","HollowMod:SoulStrike","HollowMod:RecoilStrike","Apotheosis","HollowMod:BaldurShell","Parasite"],"relics":["HollowMod:VesselMask","Orrery","Pen Nib","ReplayFunnel","HollowMod:GreatKnightMask","TheAbacus","Smiling Mask","Empty Cage","HollowMod:StagPassRelic"],"acts_visited":["Exordium","TheCity","TheBeyond"],"potions_floor_usage":[12,16,33],"damage_taken":[{"damage":1,"enemies":"Small Slimes","floor":1,"turns":3},{"damage":8,"enemies":"Jaw Worm","floor":3,"turns":4},{"damage":0,"enemies":"2 Louse","floor":7,"turns":2},{"damage":1,"enemies":"2 Fungi Beasts","floor":11,"turns":3},{"damage":11,"enemies":"3 Sentries","floor":12,"turns":5},{"damage":43,"enemies":"The Guardian","floor":16,"turns":14},{"damage":12,"enemies":"3 Byrds","floor":18,"turns":6},{"damage":10,"enemies":"Shell Parasite","floor":19,"turns":9},{"damage":34,"enemies":"Centurion and Healer","floor":21,"turns":8},{"damage":0,"enemies":"HollowMod:Zote","floor":24,"turns":2},{"damage":22,"enemies":"Shelled Parasite and Fungi","floor":29,"turns":8},{"damage":26,"enemies":"Snake Plant","floor":31,"turns":5},{"damage":69,"enemies":"Automaton","floor":33,"turns":12},{"damage":10,"enemies":"3 Shapes","floor":35,"turns":6},{"damage":42,"enemies":"3 Darklings","floor":39,"turns":5},{"damage":77,"enemies":"Writhing Mass","floor":41,"turns":9}],"seed_played":"3948558589344638386","potions_obtained":[{"floor":3,"key":"Block Potion"},{"floor":7,"key":"Swift Potion"},{"floor":11,"key":"AttackPotion"},{"floor":14,"key":"FairyPotion"},{"floor":29,"key":"Swift Potion"},{"floor":31,"key":"Block Potion"},{"floor":35,"key":"Reflective Coating"}],"is_trial":false,"path_per_floor":["M","?","M","?","$","R","M","R","T","R","M","E","?","?","R","B",null,"M","M","?","M","?","R","?","$","T","$","R","M","R","M","R_BF","B",null,"M","$","?","?","M","R","M"],"character_chosen":"THE_BUGKNIGHT","items_purchased":["Orrery","TheAbacus","HollowMod:DesolateDive","HollowMod:RecoilStrike"],"campfire_rested":5,"item_purchase_floors":[5,25,27,36],"current_hp_per_floor":[75,68,66,55,55,55,55,55,55,55,60,55,55,55,75,38,75,63,59,59,35,35,57,57,57,57,57,57,41,63,37,59,22,75,65,65,65,65,23,45,0,0],"gold":28,"neow_bonus":"RANDOM_EVENT","is_daily":false,"chose_seed":false,"campfire_upgraded":4,"win_rate":0.0,"timestamp":1609398603,"path_taken":["M","?","M","?","$","R","M","R","T","R","M","E","?","?","R","BOSS","M","?","?","M","?","R","?","$","T","?","R","?","R","M","R_BF","BOSS","M","$","?","?","M","R","M"],"items_purchased_type":["Relic","Relic","Card","Card"],"build_version":"2020-12-22","purchased_purges":0,"victory":false,"max_hp_per_floor":[75,75,75,75,75,75,75,75,75,75,75,75,75,75,75,75,75,75,75,75,75,75,75,75,75,75,75,75,75,75,75,75,75,75,75,75,75,75,75,75,75,75],"card_choices":[{"not_picked":["HollowMod:CycloneSlash","HollowMod:CloakDash"],"picked":"HollowMod:LuriensSpire","floor":1},{"not_picked":["HollowMod:DreamGate","HollowMod:GrimmsGift","HollowMod:SoulShaman"],"picked":"SKIP","floor":3},{"not_picked":["HollowMod:SoulSplash","HollowMod:CoiledNail"],"picked":"HollowMod:DashSlash","floor":5},{"not_picked":["HollowMod:NewLittleFool","HollowMod:SoulEater"],"picked":"HollowMod:CloakDash","floor":5},{"not_picked":["HollowMod:NewGlowingWomb","HollowMod:LuriensSpire"],"picked":"HollowMod:CycloneSlash","floor":5},{"not_picked":["HollowMod:NewLittleFool","HollowMod:ChannelNail","HollowMod:VengefulSpirit"],"picked":"SKIP","floor":7},{"not_picked":["HollowMod:HowlingWraiths","HollowMod:VengefulSpirit"],"picked":"HollowMod:ShapeofUnn","floor":11},{"not_picked":["HollowMod:LuriensSpire","HollowMod:MawleksShell"],"picked":"HollowMod:DoubleDash","floor":12},{"not_picked":["HollowMod:VengefulVoid","HollowMod:MawleksShell"],"picked":"HollowMod:QuirrelsAssistance","floor":18},{"not_picked":["HollowMod:InfectedCysts","HollowMod:NewLittleFool","HollowMod:LifebloodCocoon"],"picked":"SKIP","floor":19},{"not_picked":["HollowMod:DungDefenderAura","HollowMod:LifebloodCocoon"],"picked":"HollowMod:SoulShaman","floor":21},{"not_picked":["HollowMod:SoulSplash+1","HollowMod:NewJinnsSoul+1"],"picked":"HollowMod:DashSlash","floor":24},{"not_picked":["HollowMod:ShadowDash","HollowMod:Grubsong"],"picked":"HollowMod:CloakDash","floor":29},{"not_picked":["HollowMod:HeavyBlow+1","HollowMod:NewLittleFool","HollowMod:BrokenVessel+1"],"picked":"SKIP","floor":31},{"not_picked":["HollowMod:ElderbugsWisdom","HollowMod:LordofShades"],"picked":"HollowMod:SoulMaster","floor":33},{"not_picked":["HollowMod:BrokenVessel+1","HollowMod:NewLittleFool"],"picked":"HollowMod:SoulStrike","floor":35},{"not_picked":["Magnetism","Midas Touch"],"picked":"Apotheosis","floor":38},{"not_picked":["HollowMod:DashSlash+1","HollowMod:DungDefenderAura"],"picked":"HollowMod:BaldurShell","floor":39}],"player_experience":150320,"relics_obtained":[{"floor":9,"key":"Pen Nib"},{"floor":12,"key":"ReplayFunnel"},{"floor":24,"key":"HollowMod:GreatKnightMask"},{"floor":26,"key":"Smiling Mask"}],"event_choices":[{"cards_removed":["HollowMod:QuickDashStart"],"damage_healed":0,"gold_gain":0,"player_choice":"Forget","damage_taken":0,"max_hp_gain":0,"max_hp_loss":0,"event_name":"Living Wall","floor":0,"gold_loss":0},{"cards_removed":["HollowMod:NailStrikeStart"],"damage_healed":0,"gold_gain":0,"player_choice":"Card Removal","damage_taken":7,"max_hp_gain":0,"max_hp_loss":0,"event_name":"Golden Wing","floor":2,"gold_loss":0},{"damage_healed":0,"gold_gain":75,"player_choice":"Gather Gold","damage_taken":11,"max_hp_gain":0,"max_hp_loss":0,"event_name":"World of Goop","floor":4,"gold_loss":0},{"damage_healed":0,"gold_gain":0,"player_choice":"Got Potions","damage_taken":0,"max_hp_gain":0,"max_hp_loss":0,"event_name":"Lab","floor":14,"gold_loss":0},{"damage_healed":0,"gold_gain":0,"player_choice":"Memory 1","damage_taken":0,"max_hp_gain":0,"max_hp_loss":0,"event_name":"SensoryStone","floor":38,"gold_loss":0}],"is_beta":false,"boss_relics":[{"not_picked":["Abe\u0027s Treasure","Runic Dome","HollowMod:VoidIdolRelic"]},{"not_picked":["Coffee Dripper","Astrolabe"],"picked":"Empty Cage"}],"items_purged_floors":[],"is_endless":false,"potions_floor_spawned":[3,7,11,29,31,35],"killed_by":"Writhing Mass","ascension_level":0}}