{"host":"l017gercouzhorma","time":1609396615,"event":{"mods":["AchievementEnabler","Aspiration","BaseMod","Challenge The Spire","Conspire","Downfall","Halation","Hermit","Hubris","Infinite Spire","Jorbs\u0027s Wanderer Trilogy","Mad Scientist","Marisa????????","Mimic Mod","Minty Spire (QoL Compilation)","Random Character Button","Rare Cards Sparkle","Relic Stats","Replay The Spire","Shade Mod","StSLib","The Cursed","The Disciple","The Hierophant","The Jungle","The Runesmith","The Servant 0.9.4"],"gold_per_floor":[112,112,112,112,112,137,137,170,170,185,199,199,36,52,52,52,52],"floor_reached":16,"playtime":1702,"items_purged":["conspire:GhostlyStrike"],"score":138,"play_id":"8561fae5-7d3d-45b2-8c3a-8fb91f811873","local_time":"20201230233655","is_ascension_mode":true,"campfire_choices":[{"data":"TheCursedMod:Neurasthenia","floor":7,"key":"SMITH"},{"floor":12,"key":"REST"},{"data":"TheCursedMod:LuckyCharm","floor":15,"key":"SMITH"}],"circlet_count":0,"master_deck":["conspire:GhostlyStrike","conspire:GhostlyStrike","conspire:GhostlyStrike","conspire:GhostlyDefend","conspire:GhostlyDefend","conspire:GhostlyDefend","conspire:GhostlyDefend","TheCursedMod:CursedWand","TheCursedMod:CleanUpWorkshop","TheCursedMod:Dregs","TheCursedMod:DoubleShield","Regret","TheCursedMod:Neurasthenia+1","TheCursedMod:CursedBoomerang","TheCursedMod:SoulReap","TheCursedMod:StingEye","TheCursedMod:LuckyCharm+1","TheCursedMod:FleshFromBone"],"relics":["TheCursedMod:BlackMagic101","halation:EternalFortune","infinitespire:ShieldingShard","Replay:Wax Seal","Nunchaku","halation:VictoryRuler"],"acts_visited":["Exordium"],"potions_floor_usage":[16],"damage_taken":[{"damage":4,"enemies":"Cultist","floor":1,"turns":4},{"damage":9,"enemies":"Replay:BlueRogue","floor":6,"turns":14},{"damage":53,"enemies":"Gremlin Nob","floor":8,"turns":6},{"damage":7,"enemies":"conspire:RoseBush","floor":10,"turns":3},{"damage":0,"enemies":"Small Slimes","floor":11,"turns":3},{"damage":6,"enemies":"2 Fungi Beasts","floor":14,"turns":4},{"damage":49,"enemies":"Hexaghost","floor":16,"turns":23}],"seed_played":"-6280159142460385153","potions_obtained":[{"floor":8,"key":"CultistPotion"},{"floor":14,"key":"LifebloodPotion"}],"is_trial":false,"path_per_floor":["M","?","?","?","?","E","R","E","T","M","M","R","$","M","R","B"],"character_chosen":"THE_CURSED","items_purchased":["TheCursedMod:LuckyCharm","TheCursedMod:FleshFromBone"],"campfire_rested":1,"item_purchase_floors":[13,13],"current_hp_per_floor":[78,78,81,81,81,72,72,19,19,12,17,42,42,41,41,0,0],"gold":52,"neow_bonus":"TEN_PERCENT_HP_BONUS","is_daily":false,"chose_seed":false,"campfire_upgraded":2,"win_rate":0.0,"timestamp":1609396615,"path_taken":["M","?","?","?","?","E","R","E","T","?","M","R","?","M","R","BOSS"],"items_purchased_type":["Card","Card"],"build_version":"2020-12-22","purchased_purges":1,"victory":false,"max_hp_per_floor":[82,82,85,85,85,85,85,85,85,85,85,85,85,85,85,85,85],"relic_stats":{"Nunchaku":[5],"counters":[7,57],"obtain_stats":[{"TheCursedMod:BlackMagic101":0,"Nunchaku":8,"infinitespire:ShieldingShard":4,"halation:EternalFortune":3,"halation:VictoryRuler":9,"Replay:Wax Seal":6},{"TheCursedMod:BlackMagic101":0,"Nunchaku":3,"infinitespire:ShieldingShard":1,"halation:EternalFortune":1,"halation:VictoryRuler":3,"Replay:Wax Seal":2},{"TheCursedMod:BlackMagic101":0,"Nunchaku":24,"infinitespire:ShieldingShard":4,"halation:EternalFortune":4,"halation:VictoryRuler":24,"Replay:Wax Seal":18}]},"card_choices":[{"not_picked":["TheCursedMod:SaltUponWound","TheCursedMod:CursedMace"],"picked":"TheCursedMod:DoubleShield","floor":1},{"not_picked":["TheCursedMod:CursedMace","TheCursedMod:SaltUponWound"],"picked":"TheCursedMod:Neurasthenia","floor":6},{"not_picked":["TheCursedMod:TacticalStrike","TheCursedMod:Wield"],"picked":"TheCursedMod:CursedBoomerang","floor":8},{"not_picked":["TheCursedMod:CursedBlade","TheCursedMod:CircleOfFlame"],"picked":"TheCursedMod:SoulReap","floor":10},{"not_picked":["TheCursedMod:Torture","TheCursedMod:StunningStrike"],"picked":"TheCursedMod:StingEye","floor":11},{"not_picked":["TheCursedMod:Stigma","TheCursedMod:SpitefulStrike","TheCursedMod:RavingStaff"],"picked":"SKIP","floor":14}],"player_experience":821520,"relics_obtained":[{"floor":6,"key":"Replay:Wax Seal"},{"floor":8,"key":"Nunchaku"},{"floor":9,"key":"halation:VictoryRuler"}],"event_choices":[{"damage_healed":0,"gold_gain":0,"player_choice":"Agree","damage_taken":0,"max_hp_gain":0,"max_hp_loss":0,"event_name":"conspire:LoneGhost","floor":2,"gold_loss":0},{"damage_healed":0,"gold_gain":0,"player_choice":"Box","damage_taken":0,"relics_obtained":["infinitespire:ShieldingShard"],"max_hp_gain":0,"max_hp_loss":0,"event_name":"Big Fish","floor":4,"gold_loss":0,"cards_obtained":["Regret"]}],"is_beta":false,"boss_relics":[],"items_purged_floors":[13],"is_endless":false,"potions_floor_spawned":[8,14],"killed_by":"Hexaghost","ascension_level":1}}