{"host":"1jyvlwrg3lqf29t2","time":1609436395,"event":{"mods":["BaseMod","Colored Powertips","Downfall","Hermit","Minty Spire (QoL Compilation)","StSLib","The Blackbeard","The Cursed","The Poker Player","TheBandit"],"gold_per_floor":[110,110,130,55,71,71,71,82,106,117,17,17,17],"floor_reached":12,"playtime":674,"items_purged":["Strike_R","Strike_R"],"score":70,"play_id":"de8e61b8-23b9-4f41-a49e-2a450c774d54","local_time":"20201231113955","is_ascension_mode":false,"campfire_choices":[{"data":"Disarm","floor":7,"key":"SMITH"}],"circlet_count":0,"master_deck":["Strike_R","Strike_R","Strike_R","Defend_R+1","Defend_R","Defend_R","Defend_R","Bash+1","Armaments+1","Sword Boomerang","Disarm+1","Inflame"],"relics":["Burning Blood","Toy Ornithopter"],"acts_visited":["Exordium"],"potions_floor_usage":[],"damage_taken":[{"damage":5,"enemies":"Jaw Worm","floor":1,"turns":4},{"damage":1,"enemies":"Cultist","floor":3,"turns":3},{"damage":5,"enemies":"2 Louse","floor":5,"turns":3},{"damage":8,"enemies":"Large Slime","floor":8,"turns":6},{"damage":11,"enemies":"Exordium Thugs","floor":10,"turns":6},{"damage":59,"enemies":"3 Sentries","floor":12,"turns":10}],"seed_played":"-7596171591473255346","potions_obtained":[{"floor":5,"key":"Weak Potion"}],"is_trial":false,"path_per_floor":["M","?","M","$","M","?","R","M","T","M","$","E"],"character_chosen":"IRONCLAD","items_purchased":[],"campfire_rested":0,"item_purchase_floors":[],"current_hp_per_floor":[80,80,80,80,80,64,64,62,62,57,57,0,0],"gold":17,"neow_bonus":"UPGRADE_CARD","is_daily":false,"chose_seed":false,"campfire_upgraded":1,"win_rate":0.0,"timestamp":1609436395,"path_taken":["M","?","M","?","M","?","R","M","T","M","$","E"],"items_purchased_type":[],"build_version":"2020-12-22","purchased_purges":2,"victory":false,"max_hp_per_floor":[80,80,80,80,80,80,80,80,80,80,80,80,80],"card_choices":[{"not_picked":["Body Slam","Clash"],"picked":"Armaments","floor":1},{"not_picked":["Rage","Cleave"],"picked":"Sword Boomerang","floor":3},{"not_picked":["Warcry","Inflame"],"picked":"Disarm","floor":5},{"not_picked":["Sentinel","Shrug It Off"],"picked":"Inflame","floor":8},{"not_picked":["Sword Boomerang","Iron Wave","Warcry"],"picked":"SKIP","floor":10}],"player_experience":391973,"relics_obtained":[{"floor":9,"key":"Toy Ornithopter"}],"event_choices":[{"damage_healed":0,"gold_gain":0,"player_choice":"0 cards matched","damage_taken":0,"max_hp_gain":0,"max_hp_loss":0,"event_name":"Match and Keep!","floor":2,"gold_loss":0,"cards_obtained":[]},{"damage_healed":0,"gold_gain":0,"player_choice":"Entered Light","damage_taken":16,"max_hp_gain":0,"max_hp_loss":0,"event_name":"Shining Light","floor":6,"gold_loss":0,"cards_upgraded":["Armaments","Defend_R"]}],"is_beta":false,"boss_relics":[],"items_purged_floors":[4,11],"is_endless":false,"potions_floor_spawned":[5],"killed_by":"3 Sentries","ascension_level":0}}