{"host":"f6w7z8zvb0mi4wy9","time":1609436215,"event":{"mods":["BaseMod","Colored Map","Minty Spire (QoL Compilation)","READ ME - Guardian Mod","StSLib","SuperFastMode","The Bug Knight","The Disciple","The Jungle"],"gold_per_floor":[116,116,116,116,167,208,221,235,235,66,66,105,105,118,118,211,211,169,439,453,453,453],"floor_reached":21,"playtime":506,"items_purged":[],"score":424,"play_id":"9f331819-68f1-4835-9f70-804ef4e70c4d","local_time":"20210101023655","is_ascension_mode":true,"campfire_choices":[{"data":"Defragment","floor":13.0,"key":"SMITH"},{"floor":15.0,"key":"REST"}],"circlet_count":0,"master_deck":["AscendersBane","Strike_B","Strike_B","Strike_B","Defend_B","Defend_B","Defend_B","Defend_B","Zap","Dualcast","Glacier","Compile Driver","Go for the Eyes","Defragment+1","Storm","Hologram","Creative AI","CurseOfTheBell","Capacitor+1","Static Discharge+1"],"relics":["Cracked Core","NeowsBlessing","Golden Idol","MealTicket","Shuriken","Runic Capacitor","Toy Ornithopter","Calling Bell","Frozen Egg 2","Emotion Chip","Nunchaku"],"acts_visited":["Exordium","TheCity"],"potions_floor_usage":[],"damage_taken":[{"damage":0.0,"enemies":"Small Slimes","floor":1.0,"turns":1.0},{"damage":0.0,"enemies":"3 Sentries","floor":6.0,"turns":1.0},{"damage":0.0,"enemies":"2 Louse","floor":7.0,"turns":1.0},{"damage":1.0,"enemies":"Jaw Worm","floor":8.0,"turns":3.0},{"damage":44.0,"enemies":"Gremlin Nob","floor":12.0,"turns":5.0},{"damage":3.0,"enemies":"Looter","floor":14.0,"turns":4.0},{"damage":18.0,"enemies":"Hexaghost","floor":16.0,"turns":10.0},{"damage":23.0,"enemies":"2 Thieves","floor":18.0,"turns":5.0},{"damage":10.0,"enemies":"Chosen","floor":20.0,"turns":5.0},{"damage":17,"enemies":"Centurion and Healer","floor":21,"turns":5}],"seed_played":"2879443822095124345","potions_obtained":[{"floor":1.0,"key":"AttackPotion"},{"floor":7.0,"key":"Explosive Potion"},{"floor":12.0,"key":"ColorlessPotion"}],"is_trial":false,"path_per_floor":["M","?","?","?","T","E","M","M","T","$","$","E","R","M","R","B",null,"M","?","M","M"],"character_chosen":"DEFECT","items_purchased":["Runic Capacitor"],"campfire_rested":1,"item_purchase_floors":[10],"current_hp_per_floor":[64,69,62,36,36,36,36,35,35,50,65,21,21,18,40,27,64,41,14,4,0,0],"gold":453,"neow_bonus":"THREE_ENEMY_KILL","is_daily":false,"chose_seed":false,"campfire_upgraded":1,"win_rate":0.0,"timestamp":1609436215,"path_taken":["M","?","?","?","?","E","M","?","T","?","$","E","R","M","R","BOSS","M","?","?","M"],"items_purchased_type":["Relic"],"build_version":"2020-12-22","purchased_purges":0,"victory":false,"max_hp_per_floor":[71,76,76,76,76,76,76,76,76,76,76,76,76,76,76,76,76,76,76,76,76,76],"card_choices":[{"not_picked":["Reinforced Body","Go for the Eyes"],"picked":"Glacier","floor":1.0},{"not_picked":["Cold Snap","Redo"],"picked":"Compile Driver","floor":6.0},{"not_picked":["Fusion","Hologram"],"picked":"Go for the Eyes","floor":7.0},{"not_picked":["Steam","Auto Shields"],"picked":"Defragment","floor":8.0},{"not_picked":["Go for the Eyes","Turbo"],"picked":"Storm","floor":12.0},{"not_picked":["Buffer","Stack"],"picked":"Hologram","floor":14.0},{"not_picked":["Rainbow","Echo Form"],"picked":"Creative AI","floor":16.0},{"not_picked":["Compile Driver","Chaos"],"picked":"Capacitor+1","floor":18.0},{"not_picked":["Streamline","Compile Driver"],"picked":"Static Discharge+1","floor":20.0}],"player_experience":845693,"relics_obtained":[{"floor":6.0,"key":"MealTicket"},{"floor":9.0,"key":"Shuriken"},{"floor":12.0,"key":"Toy Ornithopter"},{"floor":17.0,"key":"Frozen Egg 2"},{"floor":17.0,"key":"Emotion Chip"},{"floor":17.0,"key":"Nunchaku"}],"event_choices":[{"damage_healed":0.0,"max_hp_gain":5.0,"max_hp_loss":0.0,"gold_gain":0.0,"event_name":"Big Fish","player_choice":"Donut","floor":2.0,"gold_loss":0.0,"damage_taken":0.0},{"cards_removed":["Strike_B"],"damage_healed":0.0,"max_hp_gain":0.0,"max_hp_loss":0.0,"gold_gain":0.0,"event_name":"Golden Wing","player_choice":"Card Removal","floor":3.0,"gold_loss":0.0,"damage_taken":7.0},{"damage_healed":0.0,"max_hp_gain":0.0,"max_hp_loss":0.0,"gold_gain":0.0,"event_name":"Golden Idol","player_choice":"Take Damage","floor":4.0,"gold_loss":0.0,"damage_taken":26.0,"relics_obtained":["Golden Idol"]},{"damage_healed":0.0,"max_hp_gain":0.0,"max_hp_loss":0.0,"gold_gain":270.0,"event_name":"Knowing Skull","player_choice":"GOLD GOLD GOLD ","floor":19.0,"potions_obtained":[],"gold_loss":0.0,"damage_taken":27.0,"cards_obtained":[]}],"is_beta":false,"boss_relics":[{"not_picked":["Empty Cage","Tiny House"],"picked":"Calling Bell"}],"items_purged_floors":[],"is_endless":false,"potions_floor_spawned":[1,7,12],"killed_by":"Centurion and Healer","ascension_level":20}}