{"host":"gzsdmyo07u314vug","time":1609387255,"event":{"mods":["2.2 Compatiblity","BaseMod","Downfall","GifTheSpireLib","Minty Spire (QoL Compilation)","Quick Restart","Rare Cards Sparkle","Relic Stats","Replay The Spire","Shop Mod","StSLib","The Bug Knight","The Construct","The Elementalist","The Servant 0.9.4","Unceasing Turn Reminder","everything is the same but u backflip on backflip","slay the spire mod where everything is the same but ironclad has a cowboy hat","vexMod"],"gold_per_floor":[199,212,251,266,122,187,212,212,187,3,22,22,40,40,65,163,163,163,174,174,194,194,211,265,265,265,265,265],"floor_reached":26,"playtime":2518,"items_purged":["hexamod:Strike","hexamod:Defend"],"score":196,"play_id":"361141d7-6255-404b-9a91-627fb5f8b808","local_time":"20201231010055","is_ascension_mode":false,"campfire_choices":[{"data":"hexamod:Sear","floor":1,"key":"SMITH"},{"floor":8,"key":"REST"},{"data":"hexamod:EmpoweredFlame","floor":12,"key":"SMITH"},{"data":"hexamod:EmpoweredFlame","floor":18,"key":"SMITH"},{"floor":25,"key":"REST"}],"circlet_count":0,"master_deck":["hexamod:Strike+1","hexamod:Strike+1","hexamod:Defend+1","hexamod:Defend","hexamod:Defend+1","hexamod:Sear+1","hexamod:Float+1","hexamod:ThirdSeal","hexamod:EmpoweredFlame+1","hexamod:Hexaguard+1","hexamod:ShieldOfDarkness+1","hexamod:FastForward+1","hexamod:SixthSeal","hexamod:GhostflameBarrier+1","hexamod:InspiringFlames+1","hexamod:Firestarter","hexamod:AdvancingGuard","hexamod:GhostflameInferno+1","hexamod:EmpoweredFlame+1","hexamod:CatchUp","hexamod:SecondSeal","hexamod:FifthSeal","hexamod:TimeOfNeed+1","hexamod:Incineration","hexamod:FirstSeal","hexamod:FourthSeal"],"relics":["hexamod:SpiritBrand","Question Card","Whetstone","War Paint","Ring of Chaos","ReplayTheSpireMod:TigerMarble"],"acts_visited":["Exordium","TheCity"],"potions_floor_usage":[16,16,23],"damage_taken":[{"damage":2,"enemies":"2 Louse","floor":2,"turns":4},{"damage":0,"enemies":"Small Slimes","floor":4,"turns":3},{"damage":0,"enemies":"downfall:FleeingMerchant","floor":5,"turns":4},{"damage":20,"enemies":"3 Sentries","floor":6,"turns":11},{"damage":0,"enemies":"downfall:FleeingMerchant","floor":10,"turns":4},{"damage":0,"enemies":"Cultist","floor":11,"turns":3},{"damage":0,"enemies":"Large Slime","floor":13,"turns":7},{"damage":1,"enemies":"Blue Slaver","floor":15,"turns":4},{"damage":31,"enemies":"downfall:Ironclad","floor":16,"turns":10},{"damage":18,"enemies":"Chosen","floor":19,"turns":8},{"damage":26,"enemies":"Centurion and Healer","floor":21,"turns":9},{"damage":26,"enemies":"Snecko","floor":23,"turns":6},{"damage":31,"enemies":"Sentry and Sphere","floor":26,"turns":9}],"seed_played":"2867845578271779535","potions_obtained":[{"floor":6,"key":"Block Potion"},{"floor":11,"key":"AttackPotion"},{"floor":13,"key":"champ:CounterPotion"},{"floor":21,"key":"FearPotion"},{"floor":23,"key":"Slimebound:ThreeZeroPotion"},{"floor":23,"key":"Elixir"}],"is_trial":false,"path_per_floor":["R","M","?","M","$","?","T","R","?","$","M","R","M","?","M","B",null,"R","M","?","M","?","M","T","R","M"],"character_chosen":"THE_SPIRIT","items_purchased":["hexamod:InspiringFlames","hexamod:EmpoweredFlame"],"campfire_rested":2,"item_purchase_floors":[5,10],"current_hp_per_floor":[70,68,51,51,51,31,31,52,52,52,52,52,52,52,51,20,70,70,52,52,33,33,7,7,28,0,0,0],"gold":265,"neow_bonus":"HUNDRED_GOLD","is_daily":false,"chose_seed":false,"campfire_upgraded":3,"win_rate":0.0,"timestamp":1609387255,"path_taken":["R","M","?","?","$","?","T","R","?","?","M","R","M","?","M","BOSS","R","M","?","M","?","M","T","R","M"],"items_purchased_type":["Card","Card"],"build_version":"2020-12-22","purchased_purges":2,"victory":false,"max_hp_per_floor":[70,70,70,70,70,70,70,70,70,70,70,70,70,70,70,70,70,70,70,70,70,70,70,70,70,70,70,70],"relic_stats":{"counters":[13,82],"Whetstone":["hexamod:Strike","hexamod:Strike"],"War Paint":["hexamod:Hexaguard","hexamod:ShieldOfDarkness"],"Question Card":23,"obtain_stats":[{"Ring of Chaos":17,"ReplayTheSpireMod:TigerMarble":24,"Whetstone":6,"War Paint":7,"Question Card":3,"hexamod:SpiritBrand":0},{"Ring of Chaos":9,"ReplayTheSpireMod:TigerMarble":12,"Whetstone":4,"War Paint":4,"Question Card":1,"hexamod:SpiritBrand":0},{"Ring of Chaos":50,"ReplayTheSpireMod:TigerMarble":73,"Whetstone":22,"War Paint":22,"Question Card":4,"hexamod:SpiritBrand":0}]},"card_choices":[{"not_picked":["hexamod:Firestarter","hexamod:DynamicBlow"],"picked":"hexamod:ThirdSeal","floor":2},{"not_picked":["hexamod:RecurringNightmare","hexamod:NightmareGuise"],"picked":"hexamod:EmpoweredFlame","floor":3},{"not_picked":["hexamod:GhostShield","hexamod:Haunt"],"picked":"hexamod:Hexaguard","floor":3},{"not_picked":["hexamod:GhostflameBarrier","hexamod:SwordOfDarkness","hexamod:ThermalTransfer"],"picked":"hexamod:ShieldOfDarkness","floor":4},{"not_picked":["hexamod:NightmareStrike","hexamod:DynamicBlow","hexamod:NightmareGuise"],"picked":"hexamod:FastForward","floor":4},{"not_picked":["hexamod:Rewind","hexamod:SwordOfDarkness","hexamod:FastForward"],"picked":"hexamod:SixthSeal","floor":5},{"not_picked":["hexamod:GhostShield","hexamod:ThirdSeal","hexamod:SpectersWail"],"picked":"hexamod:GhostflameBarrier","floor":5},{"not_picked":["hexamod:BurningTouch","hexamod:NightmareStrike","hexamod:SpectersWail"],"picked":"hexamod:Firestarter","floor":6},{"not_picked":["hexamod:ThermalTransfer","hexamod:PhantomCloak","hexamod:SwordOfDarkness"],"picked":"hexamod:AdvancingGuard","floor":6},{"not_picked":["hexamod:HauntingEcho","hexamod:Incineration","hexamod:SpectersWail"],"picked":"hexamod:GhostflameInferno","floor":10},{"not_picked":["hexamod:GhostLash","hexamod:GhostOfSpireFuture","hexamod:ThermalTransfer","hexamod:SwordOfDarkness"],"picked":"SKIP","floor":10},{"not_picked":["hexamod:AdvancingGuard","hexamod:NightmareStrike","hexamod:RainOfEmbers","hexamod:CrushingStance"],"picked":"SKIP","floor":11},{"not_picked":["hexamod:BacktrackSmack","hexamod:Again","hexamod:Firestarter","hexamod:GhostOfSpirePast"],"picked":"SKIP","floor":11},{"not_picked":["hexamod:InspiringFlames","hexamod:HauntingEcho","hexamod:Hexaguard"],"picked":"hexamod:CatchUp","floor":13},{"not_picked":["hexamod:ThermalTransfer","hexamod:FourthSeal","hexamod:SpectersWail"],"picked":"hexamod:SecondSeal","floor":13},{"not_picked":["hexamod:PhantomCloak","hexamod:EmpoweredFlame","hexamod:Again","hexamod:Firestarter"],"picked":"SKIP","floor":15},{"not_picked":["hexamod:GhostLash","hexamod:BurningTouch","hexamod:NightmareStrike","hexamod:WildfireWeapon"],"picked":"SKIP","floor":15},{"not_picked":["hexamod:SearingWound","hexamod:VolcanoVisage","hexamod:CrushingStance"],"picked":"hexamod:FifthSeal","floor":16},{"not_picked":["hexamod:FifthSeal","hexamod:TurnItUp","hexamod:WildfireWeapon"],"picked":"hexamod:TimeOfNeed","floor":16},{"not_picked":["hexamod:ThermalTransfer","hexamod:AdvancingGuard","hexamod:BacktrackSmack"],"picked":"hexamod:Incineration","floor":19},{"not_picked":["hexamod:ThirdSeal","hexamod:FourthSeal","hexamod:SecondSeal"],"picked":"hexamod:FirstSeal","floor":19},{"not_picked":["hexamod:BacktrackSmack","hexamod:HexaLevel","hexamod:SwordOfDarkness","hexamod:ShieldOfDarkness"],"picked":"SKIP","floor":19},{"not_picked":["hexamod:FastForward","hexamod:RainOfEmbers","hexamod:CrushingStance"],"picked":"hexamod:FourthSeal","floor":21},{"not_picked":["hexamod:SpectersWail","hexamod:NightmareStrike","hexamod:BacktrackSmack","hexamod:NightmareGuise"],"picked":"SKIP","floor":21},{"not_picked":["hexamod:NightmareGuise","hexamod:AdvancingGuard","hexamod:Firestarter","hexamod:BacktrackSmack+1"],"picked":"SKIP","floor":23}],"player_experience":612322,"relics_obtained":[{"floor":3,"key":"Question Card"},{"floor":6,"key":"Whetstone"},{"floor":7,"key":"War Paint"},{"floor":24,"key":"ReplayTheSpireMod:TigerMarble"}],"event_choices":[],"is_beta":false,"boss_relics":[{"not_picked":["Replay:Grab Bag","vexMod:MegatonBomb"],"picked":"Ring of Chaos"}],"items_purged_floors":[5,10],"is_endless":false,"potions_floor_spawned":[6,11,13,15,21,23],"killed_by":"Sentry and Sphere","ascension_level":0}}