{"host":"359hz4210ybch7ku","time":1609447113,"event":{"mods":["BaseMod","Block Reminder","Colored Map","Colored Powertips","Highlight Path","Minty Spire (QoL Compilation)","Slay the Relics Exporter","StSLib"],"gold_per_floor":[116,47,61,8,8,39,39,114,114,132,161,161,174,190,190,293,293,309,323,336,350,362,362,362,362],"floor_reached":24,"playtime":2170,"items_purged":[],"score":235,"play_id":"9654c0fa-0ccc-405a-96f9-050419c394e7","local_time":"20201231123833","is_ascension_mode":false,"campfire_choices":[{"data":"LikeWater","floor":12,"key":"SMITH"},{"data":"ForeignInfluence","floor":15,"key":"SMITH"},{"data":"Judgement","floor":23,"key":"SMITH"}],"circlet_count":0,"master_deck":["Strike_P","Strike_P","Strike_P","Defend_P","Defend_P+1","Defend_P","Defend_P","Eruption","Vigilance+1","WaveOfTheHand","LikeWater+1","Crescendo","ClearTheMind","Judgement+1","Consecrate","Regret","ForeignInfluence+1","FlurryOfBlows","SandsOfTime+1","FlurryOfBlows","LessonLearned+1","EmptyBody","Evaluate","Study+1","FlurryOfBlows+1","LessonLearned"],"relics":["PureWater","NeowsBlessing","Potion Belt","Ancient Tea Set","Vajra","Bottled Tornado","Coffee Dripper"],"acts_visited":["Exordium","TheCity"],"potions_floor_usage":[13,18,20,22],"damage_taken":[{"damage":0,"enemies":"Cultist","floor":1,"turns":1},{"damage":0,"enemies":"Jaw Worm","floor":3,"turns":1},{"damage":0,"enemies":"Gremlin Nob","floor":6,"turns":1},{"damage":6,"enemies":"Small Slimes","floor":10,"turns":4},{"damage":12,"enemies":"Lagavulin","floor":11,"turns":8},{"damage":0,"enemies":"Exordium Thugs","floor":13,"turns":2},{"damage":8,"enemies":"Red Slaver","floor":14,"turns":3},{"damage":21,"enemies":"The Guardian","floor":16,"turns":9},{"damage":5,"enemies":"3 Byrds","floor":18,"turns":4},{"damage":0,"enemies":"Spheric Guardian","floor":19,"turns":3},{"damage":16,"enemies":"3 Cultists","floor":20,"turns":6},{"damage":16,"enemies":"Centurion and Healer","floor":21,"turns":6},{"damage":18,"enemies":"Shelled Parasite and Fungi","floor":22,"turns":3},{"damage":24,"enemies":"Slavers","floor":24,"turns":1}],"seed_played":"-8526866322890441616","potions_obtained":[{"floor":1,"key":"SpeedPotion"},{"floor":6,"key":"Ancient Potion"},{"floor":10,"key":"Explosive Potion"},{"floor":16,"key":"DuplicationPotion"},{"floor":18,"key":"PowerPotion"}],"is_trial":false,"path_per_floor":["M","$","M","$","?","E","?","?","T","M","E","R","M","M","R","B",null,"M","M","M","M","M","R","E"],"character_chosen":"WATCHER","items_purchased":["LikeWater","ClearTheMind"],"campfire_rested":0,"item_purchase_floors":[2,4],"current_hp_per_floor":[72,72,72,72,72,72,72,61,61,55,43,43,43,35,35,14,72,67,67,51,35,17,17,0,0],"gold":362,"neow_bonus":"THREE_ENEMY_KILL","is_daily":false,"chose_seed":false,"campfire_upgraded":3,"win_rate":0.0,"timestamp":1609447113,"path_taken":["M","$","M","$","?","E","?","?","T","?","E","R","M","M","R","BOSS","M","M","M","M","M","R","E"],"items_purchased_type":["Card","Card"],"build_version":"2020-12-22","purchased_purges":0,"victory":false,"max_hp_per_floor":[72,72,72,72,72,72,72,72,72,72,72,72,72,72,72,72,72,72,72,72,72,72,72,72,72],"card_choices":[{"not_picked":["Protect","SashWhip"],"picked":"WaveOfTheHand","floor":1},{"not_picked":["Indignation","SashWhip"],"picked":"Crescendo","floor":3},{"not_picked":["TalkToTheHand","SignatureMove"],"picked":"Consecrate","floor":6},{"not_picked":["FollowUp","Prostrate"],"picked":"ForeignInfluence","floor":10},{"not_picked":["Wallop","Prostrate"],"picked":"FlurryOfBlows","floor":11},{"not_picked":["Protect","CrushJoints"],"picked":"SandsOfTime","floor":13},{"not_picked":["Nirvana","Weave"],"picked":"FlurryOfBlows","floor":14},{"not_picked":["Brilliance","Establishment"],"picked":"LessonLearned","floor":16},{"not_picked":["Protect","Wallop"],"picked":"EmptyBody","floor":18},{"not_picked":["PathToVictory+1","BowlingBash+1"],"picked":"Evaluate","floor":19},{"not_picked":["Halt","EmptyMind"],"picked":"Study+1","floor":20},{"not_picked":["Perseverance","Meditate"],"picked":"FlurryOfBlows+1","floor":21},{"not_picked":["CarveReality","ClearTheMind"],"picked":"LessonLearned","floor":22}],"player_experience":99517,"relics_obtained":[{"floor":6,"key":"Potion Belt"},{"floor":9,"key":"Vajra"},{"floor":11,"key":"Bottled Tornado"}],"event_choices":[{"damage_healed":0,"gold_gain":0,"cards_transformed":["Strike_P"],"player_choice":"Change","damage_taken":0,"max_hp_gain":0,"max_hp_loss":0,"event_name":"Living Wall","floor":5,"gold_loss":0,"cards_obtained":["Judgement"]},{"damage_healed":0,"gold_gain":0,"player_choice":"Box","damage_taken":0,"relics_obtained":["Ancient Tea Set"],"max_hp_gain":0,"max_hp_loss":0,"event_name":"Big Fish","floor":7,"gold_loss":0,"cards_obtained":["Regret"]},{"damage_healed":0,"gold_gain":75,"player_choice":"Gather Gold","damage_taken":11,"max_hp_gain":0,"max_hp_loss":0,"event_name":"World of Goop","floor":8,"gold_loss":0}],"is_beta":false,"boss_relics":[{"not_picked":["Snecko Eye","Cursed Key"],"picked":"Coffee Dripper"}],"items_purged_floors":[],"is_endless":false,"potions_floor_spawned":[1,6,10,16,18],"killed_by":"Slavers","ascension_level":0}}