{"host":"51fyd6gkml7xavq8","time":1609454680,"event":{"mods":["BaseMod","BetterRewards","Colored Map","Energized Spire","Infinite Spire","Minty Spire (QoL Compilation)","Replay The Spire","Shop Mod","Spicy Shops","StSLib","The Blue Laboratory","[IsaacMod]????"],"gold_per_floor":[138,13,64,102,157,157,222,288,336,54,29,65,65,121,121,242,242,285,252,252,252,295,295,358,433,433,391,429,471,516,560,560,682,682,692,151,165,215,215,245,245,272,322,322,372,372,388,414,414,433,433],"floor_reached":50,"playtime":3765,"items_purged":["Bash","Strike_R","Defend_R","HandOfGreed+1","Strike_R"],"score":1070,"play_id":"be607bd9-96ed-4cb8-9758-c0d4d2329ecd","local_time":"20201231194440","is_ascension_mode":true,"campfire_choices":[{"data":"HandOfGreed","floor":6.0,"key":"SMITH"},{"data":"Metallicize","floor":13,"key":"SMITH"},{"data":"Metallicize","floor":15,"key":"SMITH"},{"data":"ReplayTheSpireMod:Chaos Vortex","floor":23,"key":"SMITH"},{"data":"Metallicize","floor":32,"key":"SMITH"},{"data":"EpicFetus","floor":41,"key":"SMITH"},{"data":"Metallicize","floor":44,"key":"SMITH"},{"data":"Inflame","floor":49,"key":"SMITH"}],"circlet_count":0,"master_deck":["Strike_R+1","Strike_R","Strike_R+1","Defend_R","Defend_R","Defend_R","Metallicize+1","Disarm","Metallicize+1","Metallicize+1","EpicFetus+1","Metallicize+1","ReplayTheSpireMod:Chaos Vortex+1","Mayhem","Mayhem","Barricade","Inflame+1","The Bomb","BettingIsNotGood","Inflame+1","Disarm+1","Berserk+1","Writhe"],"relics":["Burning Blood","HushsDoor","MerchantsRug","SteamSale","Vajra","Anchor","Toy Ornithopter","Nunchaku","Blue Doll","Divine Protection","SlaversCollar","ReplayTheSpireMod:Ring of Collecting","Ring of Panic","ReplayTheSpireMod:Ring of Challenge","Pen Nib","White Beast Statue","ReplayTheSpireMod:Shallot","Replay:PocketPolymizer","Gremlin Food","Replay:Bandana","Ring of Greed","Bag of Marbles","Tiny Chest","Golden Egg","Self Forming Clay"],"acts_visited":["Exordium","TheCity","TheBeyond"],"potions_floor_usage":[7,8,16,24,33,33,42,45,47,47,47,50,50],"damage_taken":[{"damage":0.0,"enemies":"Cultist","floor":1.0,"turns":4.0},{"damage":0.0,"enemies":"Small Slimes","floor":3.0,"turns":3.0},{"damage":0.0,"enemies":"Jaw Worm","floor":4.0,"turns":2.0},{"damage":9.0,"enemies":"Exordium Wildlife","floor":5.0,"turns":5.0},{"damage":0,"enemies":"Exordium Thugs","floor":7,"turns":3},{"damage":0,"enemies":"Large Slime","floor":8,"turns":5},{"damage":1,"enemies":"Blue Slaver","floor":12,"turns":4},{"damage":0,"enemies":"Lagavulin","floor":14,"turns":7},{"damage":6,"enemies":"The Guardian","floor":16,"turns":11},{"damage":8,"enemies":"Chosen","floor":18,"turns":5},{"damage":15,"enemies":"2 Thieves","floor":19,"turns":5},{"damage":0,"enemies":"Chosen and Byrds","floor":22,"turns":7},{"damage":40,"enemies":"Gremlin Leader","floor":24,"turns":8},{"damage":0,"enemies":"Sentry and Sphere","floor":25,"turns":6},{"damage":0,"enemies":"Snake Plant","floor":28,"turns":5},{"damage":0,"enemies":"Centurion and Healer","floor":29,"turns":8},{"damage":0,"enemies":"Cultist and Chosen","floor":30,"turns":4},{"damage":2,"enemies":"3 Cultists","floor":31,"turns":6},{"damage":0,"enemies":"Collector","floor":33,"turns":9},{"damage":0,"enemies":"Orb Walker","floor":35,"turns":5},{"damage":2,"enemies":"3 Shapes","floor":37,"turns":6},{"damage":0,"enemies":"Mind Bloom Boss Battle","floor":38,"turns":9},{"damage":0,"enemies":"R_Hoarder","floor":40,"turns":8},{"damage":55,"enemies":"Reptomancer","floor":42,"turns":6},{"damage":25,"enemies":"Giant Head","floor":45,"turns":9},{"damage":0,"enemies":"Spire Growth","floor":47,"turns":6},{"damage":1,"enemies":"Sphere and 2 Shapes","floor":48,"turns":6},{"damage":137,"enemies":"Awakened One","floor":50,"turns":6}],"seed_played":"-816304143841797393","potions_obtained":[{"floor":1.0,"key":"Energy Potion"},{"floor":3.0,"key":"DistilledChaos"},{"floor":5.0,"key":"infinitespire:BlackPotion"},{"floor":14,"key":"BloodPotion"},{"floor":16,"key":"FairyPotion"},{"floor":18,"key":"blueLaboratory:EmptyBottle"},{"floor":24,"key":"Swift Potion"},{"floor":28,"key":"blueLaboratory:LouseDecoction"},{"floor":31,"key":"blueLaboratory:SmithPotion"},{"floor":37,"key":"blueLaboratory:PolymorphPotion"},{"floor":38,"key":"LiquidBronze"},{"floor":40,"key":"blueLaboratory:TrueEctoplasm"},{"floor":42,"key":"SpeedPotion"},{"floor":45,"key":"EntropicBrew"},{"floor":47,"key":"SteroidPotion"},{"floor":48,"key":"Regen Potion"}],"is_trial":false,"path_per_floor":["M","$","M","M","M","R","M","M","T","$","$","M","R","E","R","B",null,"M","M","?","?","M","R","E","M","T","$","M","M","M","M","R","B",null,"M","$","M","?","?","E","R","E","T","R","E","?","M","M","R","B"],"character_chosen":"IRONCLAD","items_purchased":["MerchantsRug","SteamSale","Metallicize","Vajra","Omamori","Anchor","BookOfRevelations","HandOfGreed","Toy Ornithopter","Blue Doll","DollysMirror","Metallicize","EpicFetus","Metallicize","Mayhem","White Beast Statue","Inflame","ReplayTheSpireMod:Shallot"],"campfire_rested":0,"item_purchase_floors":[0,0,0,0,0,0,0,0,2,10,10,10,10,11,27,36,36,36],"current_hp_per_floor":[38,38,44,50,47,47,58,69,69,69,69,74,74,80,80,80,80,78,69,69,48,54,54,25,31,31,31,37,43,49,53,53,69,80,80,80,80,80,70,80,80,31,31,31,17,17,43,48,48,0,0],"gold":433,"neow_bonus":"","is_daily":false,"chose_seed":false,"campfire_upgraded":8,"win_rate":0.0,"timestamp":1609454680,"path_taken":["M","$","M","M","M","R","M","M","T","?","$","M","R","E","R","BOSS","M","M","?","?","M","R","E","M","T","$","?","M","M","M","R","BOSS","M","$","M","?","?","E","R","E","T","R","E","?","M","?","R","BOSS"],"items_purchased_type":["Relic","Relic","Card","Relic","Relic","Relic","Relic","Card","Relic","Relic","Relic","Card","Card","Card","Card","Relic","Card","Relic"],"build_version":"2020-12-22","purchased_purges":5,"victory":false,"max_hp_per_floor":[80,80,80,80,80,80,80,80,80,80,80,80,80,80,80,80,80,80,80,80,80,80,80,80,80,80,80,80,80,80,80,80,80,80,80,80,80,80,80,80,80,80,80,80,80,80,80,80,80,80,80],"card_choices":[{"not_picked":["Flex","Pommel Strike","Heavy Blade"],"picked":"SKIP","floor":1.0},{"not_picked":["Sword Boomerang","Flex","Clothesline"],"picked":"SKIP","floor":3.0},{"not_picked":["Pummel","Sword Boomerang","Pommel Strike"],"picked":"SKIP","floor":4.0},{"not_picked":["Massacre","Spot Weakness","Twin Strike"],"picked":"SKIP","floor":5.0},{"not_picked":["Clash","Run Through"],"picked":"Disarm","floor":7},{"not_picked":["Wild Strike","Body Slam","Reckless Charge"],"picked":"SKIP","floor":8},{"not_picked":["Headbutt","Feed","Fire Breathing"],"picked":"SKIP","floor":12},{"not_picked":["Life Link","Cleave","Flex"],"picked":"SKIP","floor":14},{"not_picked":["Body Slam","Flame Barrier","Sword Boomerang"],"picked":"SKIP","floor":18},{"not_picked":["Headbutt+1","Burning Pact+1","Searing Blow+1"],"picked":"SKIP","floor":19},{"not_picked":["infinitespire:Fortify","infinitespire:Gouge"],"picked":"ReplayTheSpireMod:Chaos Vortex","floor":21},{"not_picked":["Burning Pact+1","Rampage","Thunderclap+1"],"picked":"SKIP","floor":22},{"not_picked":["Havoc","Bludgeon","Flame Barrier"],"picked":"SKIP","floor":24},{"not_picked":["ReplayTheSpireMod:Strike From Hell","Replay:Undeath\u0027s Touch","Anger"],"picked":"SKIP","floor":25},{"not_picked":["True Grit+1","ReplayTheSpireMod:Limb From Limb+1","Sever Soul"],"picked":"SKIP","floor":28},{"not_picked":["Sentinel","Cleave+1","ReplayReversal"],"picked":"SKIP","floor":29},{"not_picked":["Clash","Body Slam","Pommel Strike+1"],"picked":"SKIP","floor":30},{"not_picked":["ReplayTheSpireMod:Strike From Hell","Double Tap","Wild Strike"],"picked":"SKIP","floor":31},{"not_picked":["Juggernaut","Limit Break"],"picked":"Barricade","floor":33},{"not_picked":["Feel No Pain","Twin Strike+1","Clothesline"],"picked":"SKIP","floor":35},{"not_picked":["Warcry","Anger+1","Havoc"],"picked":"SKIP","floor":37},{"not_picked":["Good Instincts","Replay:Sssssssssshield"],"picked":"The Bomb","floor":39},{"not_picked":["Mind Blast","ReplayTheSpireMod:Uncanny Aura"],"picked":"BettingIsNotGood","floor":39},{"not_picked":["Pommel Strike","Anger","Wild Strike+1"],"picked":"SKIP","floor":40},{"not_picked":["Thunderclap+1","Fire Breathing"],"picked":"Inflame+1","floor":42},{"not_picked":["ReplayTheSpireMod:Stacked","Inflame"],"picked":"Disarm+1","floor":45},{"not_picked":["Thunderclap+1","Shrug It Off+1"],"picked":"Berserk","floor":47},{"not_picked":["Sentinel","Armaments","ReplayTheSpireMod:Stacked+1"],"picked":"SKIP","floor":48}],"player_experience":446069,"relics_obtained":[{"floor":9,"key":"Nunchaku"},{"floor":14,"key":"Divine Protection"},{"floor":20,"key":"ReplayTheSpireMod:Ring of Collecting"},{"floor":20,"key":"Ring of Panic"},{"floor":24,"key":"Whetstone"},{"floor":26,"key":"ReplayTheSpireMod:Ring of Challenge"},{"floor":26,"key":"Pen Nib"},{"floor":38,"key":"Replay:PocketPolymizer"},{"floor":40,"key":"Gremlin Food"},{"floor":42,"key":"Replay:Bandana"},{"floor":43,"key":"Ring of Greed"},{"floor":43,"key":"Bag of Marbles"},{"floor":43,"key":"Tiny Chest"},{"floor":43,"key":"Golden Egg"},{"floor":45,"key":"Self Forming Clay"}],"event_choices":[{"damage_healed":0,"gold_gain":0,"player_choice":"Fight","damage_taken":0,"max_hp_gain":0,"max_hp_loss":0,"event_name":"MindBloom","floor":38,"gold_loss":0},{"damage_healed":0,"gold_gain":0,"player_choice":"Memory 3","damage_taken":10,"max_hp_gain":0,"max_hp_loss":0,"event_name":"SensoryStone","floor":39,"gold_loss":0},{"damage_healed":0,"gold_gain":0,"player_choice":"Ignored","damage_taken":0,"max_hp_gain":0,"max_hp_loss":0,"event_name":"Tomb of Lord Red Mask","floor":46,"gold_loss":0}],"is_beta":false,"boss_relics":[{"not_picked":["Black Star","Coffee Dripper"],"picked":"SlaversCollar"},{"not_picked":[]},{"not_picked":["energizedSpire:MagnifyingGlass","Abe\u0027s Treasure","ChampionBelt"]}],"items_purged_floors":[0,2,10,36,36],"is_endless":false,"potions_floor_spawned":[1,3,5,14,16,18,24,28,31,37,38,40,42,45,47,48],"killed_by":"Awakened One","ascension_level":4}}