{"host":"i0s8vbixp24k5aul","time":1609451641,"event":{"mods":["2.2 Compatiblity","Act Like it!","Aspiration","BaseMod","Better Note","Better Third Choice","Better Vampires","BetterUpgradePreview","Colorless Booster Pack","Dota2Spire","GifTheSpireLib","Halation","Hermit","Hubris","Jedi Mod","Minty Spire (QoL Compilation)","Optimize The Spire","StSLib","The Animator","TheWitcher","vexMod","??????REMEMod"],"gold_per_floor":[114,72,72,83,100,100,100,134,134,134,134,134],"floor_reached":11,"playtime":1392,"items_purged":[],"score":117,"play_id":"6b7b0e38-0039-4c8e-958e-15c53d1ccd12","local_time":"20210101005401","is_ascension_mode":true,"campfire_choices":[{"floor":6,"key":"REST"}],"circlet_count":0,"master_deck":["AscendersBane","Strike_G","Strike_G","Strike_G","Strike_G","Strike_G","Defend_G","Defend_G","Defend_G","Defend_G","Defend_G","Survivor","Neutralize","Tools of the Trade","SnafuTest:SwordDance","Catalyst","Apotheosis+1","Tactician","Finisher","Bullet Time","Blade Dance"],"relics":["Ring of the Snake","REME_ComplimentaryCards","betterThird:SlimedRelic","hubris:AstralHammer","halation:WeightlessCrab"],"acts_visited":["Exordium"],"potions_floor_usage":[5],"damage_taken":[{"damage":4,"enemies":"2 Louse","floor":1,"turns":3},{"damage":12,"enemies":"Small Slimes","floor":4,"turns":3},{"damage":0,"enemies":"Cultist","floor":5,"turns":4},{"damage":30,"enemies":"3 Sentries","floor":8,"turns":9},{"damage":33,"enemies":"Lagavulin","floor":11,"turns":5}],"seed_played":"-5248217745696945436","potions_obtained":[{"floor":1,"key":"LiquidMemories"}],"is_trial":false,"path_per_floor":["M","?","?","M","M","R","?","E","T","?","E"],"character_chosen":"THE_SILENT","items_purchased":[],"campfire_rested":1,"item_purchase_floors":[],"current_hp_per_floor":[59,48,48,36,36,57,57,27,27,27,0,0],"gold":134,"neow_bonus":"ONE_RANDOM_RARE_CARD","is_daily":false,"chose_seed":false,"campfire_upgraded":0,"win_rate":0.0,"timestamp":1609451641,"path_taken":["M","?","?","M","M","R","?","E","T","?","E"],"items_purchased_type":[],"build_version":"2020-12-22","purchased_purges":0,"victory":false,"max_hp_per_floor":[70,70,70,70,70,70,70,70,70,70,70,70],"card_choices":[{"not_picked":["Backflip","Sucker Punch"],"picked":"Catalyst","floor":1},{"not_picked":["Prepared","hubris:SlightOfHand"],"picked":"Tactician","floor":4},{"not_picked":["Outmaneuver","hubris:TrickCloak"],"picked":"Finisher","floor":5},{"not_picked":["Dagger Throw","jedi:collectorvenom"],"picked":"Bullet Time","floor":8}],"player_experience":760975,"relics_obtained":[{"floor":8,"key":"hubris:AstralHammer"},{"floor":9,"key":"halation:WeightlessCrab"}],"event_choices":[{"damage_healed":0,"gold_gain":0,"player_choice":"Slimed","damage_taken":11,"max_hp_gain":0,"max_hp_loss":0,"event_name":"betterThird:BetterGoop","floor":2,"gold_loss":42},{"damage_healed":48,"gold_gain":0,"player_choice":"Embrace","damage_taken":0,"max_hp_gain":0,"max_hp_loss":70,"event_name":"betterThird:BetterShining","floor":3,"gold_loss":0}],"is_beta":false,"boss_relics":[],"items_purged_floors":[],"is_endless":false,"potions_floor_spawned":[1],"killed_by":"Lagavulin","ascension_level":13}}