{"host":"6azrrw3tf7wb0f4b","time":1609402129,"event":{"mods":["BaseMod","DeckTracker","Minty Spire (QoL Compilation)","SuperFastMode"],"gold_per_floor":[117,117,117,117,117,117,132,146,146,182,106,137,151,169,169,290,290,304,320,320,340,340,364,364,400,400,279,320,320,345,363,363,488,488,509,216,279,279,304,304,230,230,230],"floor_reached":42,"playtime":957,"items_purged":["Nirvana","MasterReality"],"score":691,"play_id":"bec36140-ae1d-4824-b427-56f433055fb2","local_time":"20201231170849","is_ascension_mode":true,"campfire_choices":[{"data":"CutThroughFate","floor":6.0,"key":"SMITH"},{"data":"BattleHymn","floor":15.0,"key":"SMITH"},{"floor":24.0,"key":"REST"},{"floor":29.0,"key":"REST"},{"data":"Vengeance","floor":32,"key":"SMITH"},{"data":"Apotheosis","floor":40,"key":"SMITH"}],"circlet_count":0,"master_deck":["AscendersBane","Eruption+1","Vigilance","CutThroughFate+1","BattleHymn+1","Swivel","WheelKick","Wallop","Vengeance+1","Ragnarok+1","ClearTheMind+1","Halt","Protect","Adaptation","Crescendo","LikeWater","Establishment","WaveOfTheHand","Indignation","Swivel","ClearTheMind","MasterReality","Protect","Apotheosis+1","SashWhip+1","SandsOfTime","InnerPeace"],"relics":["PureWater","Happy Flower","Golden Idol","Lantern","StrikeDummy","Unceasing Top","Oddly Smooth Stone","Sozu","Pen Nib","Meat on the Bone","Thread and Needle","Pandora\u0027s Box","Turnip"],"acts_visited":["Exordium","TheCity","TheBeyond"],"potions_floor_usage":[],"damage_taken":[{"damage":5.0,"enemies":"2 Louse","floor":1.0,"turns":3.0},{"damage":0.0,"enemies":"Cultist","floor":7.0,"turns":2.0},{"damage":2.0,"enemies":"Jaw Worm","floor":8.0,"turns":3.0},{"damage":10.0,"enemies":"3 Sentries","floor":10.0,"turns":7.0},{"damage":10.0,"enemies":"Gremlin Nob","floor":12.0,"turns":3.0},{"damage":3.0,"enemies":"Exordium Wildlife","floor":13.0,"turns":3.0},{"damage":3.0,"enemies":"Red Slaver","floor":14.0,"turns":3.0},{"damage":9.0,"enemies":"Hexaghost","floor":16.0,"turns":7.0},{"damage":14.0,"enemies":"2 Thieves","floor":18.0,"turns":3.0},{"damage":0.0,"enemies":"Chosen","floor":19.0,"turns":3.0},{"damage":9.0,"enemies":"Centurion and Healer","floor":21.0,"turns":4.0},{"damage":3.0,"enemies":"Cultist and Chosen","floor":23.0,"turns":4.0},{"damage":14.0,"enemies":"Gremlin Leader","floor":25.0,"turns":4.0},{"damage":27.0,"enemies":"Slavers","floor":28.0,"turns":3.0},{"damage":0.0,"enemies":"Snecko","floor":30.0,"turns":2.0},{"damage":16,"enemies":"Snake Plant","floor":31,"turns":3},{"damage":28,"enemies":"Champ","floor":33,"turns":9},{"damage":40,"enemies":"3 Darklings","floor":35,"turns":4},{"damage":0,"enemies":"Mind Bloom Boss Battle","floor":37,"turns":6},{"damage":0,"enemies":"Orb Walker","floor":39,"turns":3},{"damage":55,"enemies":"Reptomancer","floor":42,"turns":2}],"seed_played":"1887137104638732074","potions_obtained":[{"floor":7.0,"key":"PowerPotion"},{"floor":10.0,"key":"PowerPotion"},{"floor":13.0,"key":"Swift Potion"},{"floor":16.0,"key":"Weak Potion"}],"is_trial":false,"path_per_floor":["M","?","?","?","T","R","M","M","T","E","$","E","M","M","R","B",null,"M","M","?","M","?","M","R","E","T","$","E","R","M","M","R","B",null,"M","$","?","?","M","R","$","E"],"character_chosen":"WATCHER","items_purchased":["Nirvana","Crescendo","Apotheosis","InnerPeace"],"campfire_rested":2,"item_purchase_floors":[11,27,36,41],"current_hp_per_floor":[60,65,62,62,62,62,62,60,60,50,50,40,37,34,34,25,60,46,46,46,37,37,34,55,41,41,41,26,47,47,43,43,27,60,32,32,44,44,44,44,44,0,0],"gold":230,"neow_bonus":"UPGRADE_CARD","is_daily":false,"chose_seed":false,"campfire_upgraded":4,"win_rate":0.0,"timestamp":1609402129,"path_taken":["M","?","?","?","?","R","M","M","T","E","?","E","M","?","R","BOSS","M","M","?","?","?","M","R","E","T","?","E","R","?","M","R","BOSS","M","$","?","?","?","R","$","E"],"items_purchased_type":["Card","Card","Card","Card"],"build_version":"2020-12-22","purchased_purges":2,"victory":false,"max_hp_per_floor":[72,77,77,71,71,71,71,71,71,71,71,71,71,71,71,71,71,71,71,71,71,71,71,71,71,71,71,71,71,71,71,71,71,71,71,71,71,71,71,71,71,71,71],"card_choices":[{"not_picked":["FollowUp","SignatureMove"],"picked":"CutThroughFate","floor":1.0},{"not_picked":["CutThroughFate","FollowUp"],"picked":"BattleHymn","floor":7.0},{"not_picked":["Evaluate","EmptyMind"],"picked":"Swivel","floor":8.0},{"not_picked":["Nirvana","Vengeance"],"picked":"WheelKick","floor":10.0},{"not_picked":["SignatureMove","EmptyFist","PathToVictory"],"picked":"SKIP","floor":12.0},{"not_picked":["TalkToTheHand","Consecrate"],"picked":"Wallop","floor":13.0},{"not_picked":["Halt","PathToVictory"],"picked":"Vengeance","floor":14.0},{"not_picked":["Devotion","Omniscience"],"picked":"Ragnarok","floor":16.0},{"not_picked":["FlyingSleeves","JustLucky"],"picked":"ClearTheMind+1","floor":18.0},{"not_picked":["ThirdEye","CrushJoints+1","ReachHeaven"],"picked":"SKIP","floor":19.0},{"not_picked":["WaveOfTheHand+1","ForeignInfluence"],"picked":"Halt","floor":21.0},{"not_picked":["ClearTheMind","BowlingBash+1"],"picked":"Protect","floor":23.0},{"not_picked":["EmptyBody","Brilliance"],"picked":"Adaptation","floor":25.0},{"not_picked":["FollowUp+1","Adaptation","PathToVictory+1"],"picked":"SKIP","floor":28.0},{"not_picked":["FlyingSleeves+1","BowlingBash","Worship"],"picked":"SKIP","floor":30.0},{"not_picked":["Evaluate","SandsOfTime"],"picked":"LikeWater","floor":31},{"not_picked":["Brilliance","DeusExMachina"],"picked":"Establishment","floor":33},{"not_picked":["Swivel","Weave+1","Evaluate+1"],"picked":"SKIP","floor":35},{"not_picked":["Halt+1","Protect"],"picked":"SashWhip+1","floor":37},{"not_picked":["EmptyBody+1","BattleHymn","SignatureMove+1"],"picked":"SKIP","floor":39}],"player_experience":655484,"relics_obtained":[{"floor":5.0,"key":"Lantern"},{"floor":9.0,"key":"StrikeDummy"},{"floor":10.0,"key":"Unceasing Top"},{"floor":12.0,"key":"Oddly Smooth Stone"},{"floor":25.0,"key":"Pen Nib"},{"floor":26.0,"key":"Meat on the Bone"},{"floor":28.0,"key":"Thread and Needle"},{"floor":37,"key":"Turnip"}],"event_choices":[{"damage_healed":0.0,"max_hp_gain":5.0,"max_hp_loss":0.0,"gold_gain":0.0,"event_name":"Big Fish","player_choice":"Donut","floor":2.0,"gold_loss":0.0,"damage_taken":0.0},{"damage_healed":0.0,"max_hp_gain":0.0,"max_hp_loss":0.0,"gold_gain":0.0,"event_name":"Scrap Ooze","player_choice":"Success","floor":3.0,"gold_loss":0.0,"damage_taken":3.0,"relics_obtained":["Happy Flower"]},{"damage_healed":0.0,"max_hp_gain":0.0,"max_hp_loss":6.0,"gold_gain":0.0,"event_name":"Golden Idol","player_choice":"Lose Max HP","floor":4.0,"gold_loss":0.0,"damage_taken":0.0,"relics_obtained":["Golden Idol"]},{"damage_healed":0.0,"max_hp_gain":0.0,"max_hp_loss":0.0,"gold_gain":0.0,"event_name":"Upgrade Shrine","player_choice":"Upgraded","floor":20.0,"gold_loss":0.0,"damage_taken":0.0,"cards_upgraded":["Ragnarok"]},{"damage_healed":0.0,"max_hp_gain":0.0,"max_hp_loss":0.0,"gold_gain":0.0,"event_name":"Vampires","player_choice":"Ignored","floor":22.0,"gold_loss":0.0,"damage_taken":0.0},{"damage_healed":0,"gold_gain":0,"player_choice":"Fight","damage_taken":0,"max_hp_gain":0,"max_hp_loss":0,"event_name":"MindBloom","floor":37,"gold_loss":0},{"damage_healed":0,"gold_gain":0,"cards_transformed":["ReachHeaven"],"player_choice":"Transformed","damage_taken":0,"max_hp_gain":0,"max_hp_loss":0,"event_name":"Transmorgrifier","floor":38,"gold_loss":0,"cards_obtained":["SandsOfTime"]}],"is_beta":false,"boss_relics":[{"not_picked":["Philosopher\u0027s Stone","Runic Dome"],"picked":"Sozu"},{"not_picked":["Empty Cage","HolyWater"],"picked":"Pandora\u0027s Box"}],"items_purged_floors":[27,36],"is_endless":false,"potions_floor_spawned":[7,10,13,16,18,30,31,37],"killed_by":"Reptomancer","ascension_level":11}}