{"host":"sc1hixkxd1yg22vf","time":1609431804,"event":{"mods":["AchievementEnabler","BaseMod","Bestiary","Colored Map","Hermit","Minty Spire (QoL Compilation)","Quick Restart","StSLib"],"gold_per_floor":[117,292,292,165,175,208,208,223,223,173,189,210,236,253,253,357,357,375,392,409,424,699,734,734,751,751,762,136,146,159,190,190,292,292,309,322,0,0,0,0],"floor_reached":39,"playtime":1701,"items_purged":["hermit:Strike_Hermit","hermit:Strike_Hermit"],"score":485,"play_id":"854c33c8-d99c-46aa-ab2b-9ed9419bcb2c","local_time":"20201231115324","is_ascension_mode":false,"campfire_choices":[{"data":"hermit:Adapt","floor":7.0,"key":"SMITH"},{"data":"hermit:Desperado","floor":15.0,"key":"SMITH"},{"data":"hermit:Determination","floor":24,"key":"SMITH"},{"data":"hermit:Determination","floor":32,"key":"SMITH"}],"circlet_count":0,"master_deck":["hermit:Strike_Hermit","hermit:Strike_Hermit","hermit:Defend_Hermit","hermit:Defend_Hermit","hermit:Snapshot","hermit:Covet","hermit:Malice","Doubt","Pain","hermit:SprayPray","hermit:Adapt+1","hermit:Determination+1","hermit:Midnight","hermit:Desperado+1","hermit:Dissolve","hermit:Misfire","hermit:Brawl","hermit:Desperado","Regret","hermit:Manifest","hermit:Coalescence","hermit:Manifest","hermit:Grudge","hermit:Manifest","hermit:Determination+1","hermit:Reprieve"],"relics":["hermit:Momento","NeowsBlessing","WarpedTongs","Meat on the Bone","Art of War","Odd Mushroom","Pen Nib","Coffee Dripper","Pantograph","HornCleat","Anchor","Strange Spoon","Centennial Puzzle","Calipers","Cursed Key","Red Mask"],"acts_visited":["Exordium","TheCity","TheBeyond"],"potions_floor_usage":[23,39],"damage_taken":[{"damage":0.0,"enemies":"2 Louse","floor":1.0,"turns":1.0},{"damage":0.0,"enemies":"Cultist","floor":5.0,"turns":1.0},{"damage":0.0,"enemies":"Gremlin Nob","floor":6.0,"turns":1.0},{"damage":0.0,"enemies":"Small Slimes","floor":8.0,"turns":4.0},{"damage":0.0,"enemies":"Looter","floor":11.0,"turns":3.0},{"damage":4.0,"enemies":"The Mushroom Lair","floor":12.0,"turns":3.0},{"damage":15.0,"enemies":"Lagavulin","floor":13.0,"turns":6.0},{"damage":5.0,"enemies":"Red Slaver","floor":14.0,"turns":2.0},{"damage":15.0,"enemies":"Slime Boss","floor":16.0,"turns":8.0},{"damage":7.0,"enemies":"Shell Parasite","floor":18.0,"turns":5.0},{"damage":1.0,"enemies":"Spheric Guardian","floor":19.0,"turns":3.0},{"damage":23.0,"enemies":"Centurion and Healer","floor":20.0,"turns":7.0},{"damage":11.0,"enemies":"Snake Plant","floor":21.0,"turns":4.0},{"damage":56,"enemies":"Slavers","floor":23,"turns":6},{"damage":12,"enemies":"Sentry and Sphere","floor":25,"turns":6},{"damage":15,"enemies":"3 Cultists","floor":27,"turns":6},{"damage":0,"enemies":"Snecko","floor":29,"turns":4},{"damage":0,"enemies":"Centurion and Healer","floor":30,"turns":6},{"damage":4,"enemies":"Book of Stabbing","floor":31,"turns":7},{"damage":27,"enemies":"Collector","floor":33,"turns":7},{"damage":9,"enemies":"3 Shapes","floor":35,"turns":4},{"damage":2,"enemies":"Orb Walker","floor":36,"turns":3},{"damage":74,"enemies":"2 Orb Walkers","floor":39,"turns":5}],"seed_played":"-5691338319074902730","potions_obtained":[{"floor":1.0,"key":"Ancient Potion"},{"floor":12.0,"key":"Regen Potion"},{"floor":13.0,"key":"Fire Potion"},{"floor":14.0,"key":"PowerPotion"},{"floor":16.0,"key":"FairyPotion"},{"floor":18.0,"key":"EssenceOfSteel"},{"floor":21.0,"key":"Explosive Potion"},{"floor":25,"key":"FearPotion"},{"floor":30,"key":"SneckoOil"},{"floor":35,"key":"Energy Potion"},{"floor":36,"key":"Dexterity Potion"}],"is_trial":false,"path_per_floor":["M","?","?","$","M","E","R","M","T","?","M","?","E","M","R","B",null,"M","M","M","M","?","E","R","M","T","M","$","M","M","E","R","B",null,"M","M","?","?","?"],"character_chosen":"HERMIT","items_purchased":["hermit:SprayPray","Anchor","Strange Spoon","Centennial Puzzle","hermit:Grudge"],"campfire_rested":0,"item_purchase_floors":[4,28,28,28,28],"current_hp_per_floor":[75,75,75,75,75,75,75,75,75,75,75,71,56,51,51,51,75,68,67,44,45,45,34,34,34,34,31,31,43,43,39,39,49,75,66,64,64,64,0,0],"gold":0,"neow_bonus":"THREE_ENEMY_KILL","is_daily":false,"chose_seed":false,"campfire_upgraded":4,"win_rate":0.0,"timestamp":1609431804,"path_taken":["M","?","?","$","?","E","R","M","T","?","M","?","E","M","R","BOSS","M","M","M","M","?","E","R","M","T","M","$","M","?","E","R","BOSS","M","M","?","?","?"],"items_purchased_type":["Card","Relic","Relic","Relic","Card"],"build_version":"2020-12-22","purchased_purges":2,"victory":false,"max_hp_per_floor":[75,75,75,75,75,75,75,75,75,75,75,75,75,75,75,75,75,75,75,75,75,75,75,75,75,75,75,75,75,75,75,75,75,75,75,75,75,75,75,75],"card_choices":[{"not_picked":["hermit:Enervate","hermit:CursedWeapon"],"picked":"hermit:Malice","floor":1.0},{"not_picked":["hermit:Headshot","hermit:HoleUp","hermit:BodyArmor"],"picked":"SKIP","floor":5.0},{"not_picked":["hermit:Manifest","hermit:DeadMansHand"],"picked":"hermit:Adapt","floor":6.0},{"not_picked":["hermit:HoleUp","hermit:Gestalt","hermit:NoHoldsBarred"],"picked":"SKIP","floor":8.0},{"not_picked":["hermit:Enervate","hermit:Coalescence"],"picked":"hermit:Determination","floor":11.0},{"not_picked":["hermit:WideOpen","hermit:GhostlyPresence"],"picked":"hermit:Midnight","floor":12.0},{"not_picked":["hermit:Glare","hermit:ItchyTrigger"],"picked":"hermit:Desperado","floor":13.0},{"not_picked":["hermit:FullyLoaded","hermit:Shortfuse","hermit:CalledShot"],"picked":"SKIP","floor":14.0},{"not_picked":["hermit:OverwhelmingPower","hermit:HeroicBravado"],"picked":"hermit:Dissolve","floor":16.0},{"not_picked":["hermit:CalledShot","hermit:NoHoldsBarred+1"],"picked":"hermit:Misfire","floor":18.0},{"not_picked":["hermit:Quickdraw+1","hermit:Feint","hermit:Roulette"],"picked":"SKIP","floor":19.0},{"not_picked":["hermit:GoldenBullet+1","hermit:Coalescence"],"picked":"hermit:Brawl","floor":20.0},{"not_picked":["hermit:PistolWhip","hermit:TakeCover"],"picked":"hermit:Desperado","floor":21.0},{"not_picked":["hermit:Roulette","hermit:LowProfile"],"picked":"hermit:Manifest","floor":23},{"not_picked":["hermit:Adapt","hermit:FullyLoaded"],"picked":"hermit:Coalescence","floor":25},{"not_picked":["hermit:WideOpen","hermit:PistolWhip"],"picked":"hermit:Manifest","floor":27},{"not_picked":["hermit:CalledShot","hermit:Ricochet","hermit:EyeOfTheStorm"],"picked":"SKIP","floor":29},{"not_picked":["hermit:GoldenBullet","hermit:Malice"],"picked":"hermit:Manifest","floor":30},{"not_picked":["hermit:BodyArmor","hermit:Deadeye"],"picked":"hermit:Determination","floor":31},{"not_picked":["hermit:BlackWind","hermit:RoundhouseKick"],"picked":"hermit:Reprieve","floor":33},{"not_picked":["hermit:Feint+1","hermit:TrackingShot+1","hermit:ItchyTrigger"],"picked":"SKIP","floor":35},{"not_picked":["hermit:Headshot","hermit:Coalescence+1","hermit:FlashPowder+1"],"picked":"SKIP","floor":36}],"player_experience":58745,"relics_obtained":[{"floor":6.0,"key":"Meat on the Bone"},{"floor":9.0,"key":"Art of War"},{"floor":12.0,"key":"Odd Mushroom"},{"floor":13.0,"key":"Pen Nib"},{"floor":23,"key":"Pantograph"},{"floor":26,"key":"HornCleat"},{"floor":31,"key":"Calipers"}],"event_choices":[{"damage_healed":0.0,"max_hp_gain":0.0,"max_hp_loss":0.0,"gold_gain":175.0,"event_name":"betterThird:BetterSerpent","player_choice":"AGREE","floor":2.0,"gold_loss":0.0,"damage_taken":117.0},{"damage_healed":0.0,"max_hp_gain":0.0,"max_hp_loss":0.0,"gold_gain":0.0,"event_name":"Accursed Blacksmith","player_choice":"Rummage","floor":3.0,"gold_loss":0.0,"damage_taken":0.0,"relics_obtained":["WarpedTongs"],"cards_obtained":["Pain"]},{"cards_removed":["hermit:Defend_Hermit"],"damage_healed":0.0,"max_hp_gain":0.0,"max_hp_loss":0.0,"gold_gain":0.0,"event_name":"The Cleric","player_choice":"Card Removal","floor":10.0,"gold_loss":50.0,"damage_taken":0.0},{"damage_healed":0.0,"max_hp_gain":0.0,"max_hp_loss":0.0,"gold_gain":0.0,"event_name":"Mushrooms","player_choice":"Fought Mushrooms","floor":12.0,"gold_loss":0.0,"damage_taken":0.0},{"damage_healed":0,"gold_gain":275,"player_choice":"Desecrate","damage_taken":0,"max_hp_gain":0,"max_hp_loss":0,"event_name":"Golden Shrine","floor":22,"gold_loss":0,"cards_obtained":["Regret"]},{"damage_healed":0,"gold_gain":0,"player_choice":"Paid","damage_taken":0,"relics_obtained":["Red Mask"],"max_hp_gain":0,"max_hp_loss":0,"event_name":"Tomb of Lord Red Mask","floor":37,"gold_loss":322},{"cards_removed":["hermit:Defend_Hermit"],"damage_healed":0,"gold_gain":0,"player_choice":"Removed Skill","damage_taken":0,"max_hp_gain":0,"max_hp_loss":0,"event_name":"Falling","floor":38,"gold_loss":0},{"damage_healed":0,"gold_gain":0,"player_choice":"Fight","damage_taken":0,"max_hp_gain":0,"max_hp_loss":0,"event_name":"Mysterious Sphere","floor":39,"gold_loss":0}],"is_beta":false,"boss_relics":[{"not_picked":["Empty Cage","Snecko Eye"],"picked":"Coffee Dripper"},{"not_picked":["Philosopher\u0027s Stone","Pandora\u0027s Box"],"picked":"Cursed Key"}],"items_purged_floors":[4,28],"is_endless":false,"potions_floor_spawned":[1,12,13,14,16,18,21,25,30,33,35,36],"killed_by":"2 Orb Walkers","ascension_level":0}}