{"host":"foq4mrde4mssg7vt","time":1609438924,"event":{"mods":["AchievementEnabler","BaseMod","Colored Map","Colored Powertips","Highlight Path","Minty Spire (QoL Compilation)","Relic Stats","everything is the same but u backflip on backflip"],"gold_per_floor":[115,127,145,145,145,179,196,227,227,244,244,185,70,88,88,162,162,181,181,194,14,14,14,29,49,49,49,49],"floor_reached":27,"playtime":801,"items_purged":[],"score":428,"play_id":"ba79cb16-10af-43a8-a14c-452c5639cbe5","local_time":"20210101022204","is_ascension_mode":true,"campfire_choices":[{"floor":11.0,"key":"REST"},{"floor":15.0,"key":"REST"},{"floor":23,"key":"REST"}],"circlet_count":0,"master_deck":["AscendersBane","Strike_P","Strike_P","Strike_P","Defend_P","Defend_P","Defend_P","Defend_P","Eruption","Vigilance","FollowUp","FlyingSleeves","Consecrate","BowlingBash","FlurryOfBlows","FearNoEvil","ClearTheMind","DevaForm+1","SandsOfTime","Judgement","LikeWater+1","TalkToTheHand"],"relics":["Busted Crown","Bronze Scales","Frozen Egg 2","Juzu Bracelet","Mummified Hand","Snecko Eye","CultistMask","InkBottle"],"acts_visited":["Exordium","TheCity"],"potions_floor_usage":[16,16,18,25,27,27],"damage_taken":[{"damage":1.0,"enemies":"Cultist","floor":1.0,"turns":5.0},{"damage":0.0,"enemies":"Small Slimes","floor":2.0,"turns":2.0},{"damage":0.0,"enemies":"Jaw Worm","floor":3.0,"turns":3.0},{"damage":16.0,"enemies":"Gremlin Nob","floor":6.0,"turns":3.0},{"damage":24.0,"enemies":"Exordium Thugs","floor":7.0,"turns":4.0},{"damage":20.0,"enemies":"3 Sentries","floor":8.0,"turns":6.0},{"damage":1.0,"enemies":"Red Slaver","floor":10.0,"turns":2.0},{"damage":10.0,"enemies":"Gremlin Gang","floor":14.0,"turns":3.0},{"damage":21,"enemies":"Slime Boss","floor":16,"turns":7},{"damage":5,"enemies":"2 Thieves","floor":18,"turns":2},{"damage":23,"enemies":"Chosen","floor":20,"turns":5},{"damage":22,"enemies":"Shelled Parasite and Fungi","floor":24,"turns":3},{"damage":8,"enemies":"Snecko","floor":25,"turns":5},{"damage":24,"enemies":"3 Cultists","floor":27,"turns":3}],"seed_played":"-3160374944870693311","potions_obtained":[{"floor":3.0,"key":"Regen Potion"},{"floor":8.0,"key":"Block Potion"},{"floor":10.0,"key":"AttackPotion"},{"floor":14.0,"key":"LiquidMemories"},{"floor":16,"key":"Block Potion"},{"floor":24,"key":"Weak Potion"},{"floor":25,"key":"Fruit Juice"}],"is_trial":false,"path_per_floor":["M","M","M","?","?","E","M","E","T","M","R","$","$","M","R","B",null,"M","?","M","$","?","R","M","M","T","M"],"character_chosen":"WATCHER","items_purchased":["BowlingBash","FlurryOfBlows","FearNoEvil","LikeWater+1","TalkToTheHand","BlessingOfTheForge"],"campfire_rested":3,"item_purchase_floors":[12,13,13,21,21,21],"current_hp_per_floor":[60,60,60,55,55,39,27,7,7,6,26,26,26,16,36,15,55,50,50,27,27,27,47,25,17,17,0,0],"gold":49,"neow_bonus":"BOSS_RELIC","is_daily":false,"chose_seed":false,"campfire_upgraded":0,"win_rate":0.0,"timestamp":1609438924,"path_taken":["M","M","M","?","?","E","M","E","T","M","R","?","$","M","R","BOSS","M","?","M","$","?","R","M","M","T","M"],"items_purchased_type":["Card","Card","Card","Card","Card","Potion"],"build_version":"2020-12-22","purchased_purges":0,"victory":false,"max_hp_per_floor":[68,68,68,68,68,68,68,68,68,68,68,68,68,68,68,68,68,68,68,68,68,68,68,68,68,68,73,73],"relic_stats":{"Busted Crown":26,"counters":[14,53],"Mummified Hand":[13],"Bronze Scales":[87],"Snecko Eye":[19,30,32,36],"Juzu Bracelet":1,"obtain_stats":[{"Busted Crown":0,"Mummified Hand":9,"Bronze Scales":4,"Snecko Eye":17,"CultistMask":22,"Juzu Bracelet":8,"PureWater":0,"Frozen Egg 2":6,"InkBottle":26},{"Busted Crown":0,"Mummified Hand":6,"Bronze Scales":3,"Snecko Eye":9,"CultistMask":11,"Juzu Bracelet":6,"PureWater":0,"Frozen Egg 2":4,"InkBottle":13},{"Busted Crown":0,"Mummified Hand":23,"Bronze Scales":10,"Snecko Eye":35,"CultistMask":42,"Juzu Bracelet":23,"PureWater":0,"Frozen Egg 2":13,"InkBottle":50}],"InkBottle":[0]},"card_choices":[{"not_picked":[],"picked":"FollowUp","floor":1.0},{"not_picked":[],"picked":"FlyingSleeves","floor":2.0},{"not_picked":["Halt"],"picked":"SKIP","floor":3.0},{"not_picked":["WaveOfTheHand"],"picked":"SKIP","floor":6.0},{"not_picked":["Study+1"],"picked":"SKIP","floor":7.0},{"not_picked":[],"picked":"Consecrate","floor":8.0},{"not_picked":["FlyingSleeves"],"picked":"SKIP","floor":10.0},{"not_picked":[],"picked":"ClearTheMind","floor":14.0},{"not_picked":[],"picked":"DevaForm+1","floor":16},{"not_picked":[],"picked":"SandsOfTime","floor":18},{"not_picked":["JustLucky"],"picked":"SKIP","floor":20},{"not_picked":["WreathOfFlame"],"picked":"SKIP","floor":24},{"not_picked":["ThirdEye"],"picked":"SKIP","floor":25}],"player_experience":348445,"relics_obtained":[{"floor":6.0,"key":"Frozen Egg 2"},{"floor":8.0,"key":"Juzu Bracelet"},{"floor":9.0,"key":"Mummified Hand"},{"floor":26,"key":"InkBottle"}],"event_choices":[{"damage_healed":0.0,"max_hp_gain":0.0,"max_hp_loss":0.0,"gold_gain":0.0,"event_name":"Scrap Ooze","player_choice":"Success","floor":4.0,"gold_loss":0.0,"damage_taken":5.0,"relics_obtained":["Bronze Scales"]},{"damage_healed":0.0,"max_hp_gain":0.0,"max_hp_loss":0.0,"gold_gain":0.0,"event_name":"Shining Light","player_choice":"Ignored","floor":5.0,"gold_loss":0.0,"damage_taken":0.0},{"damage_healed":0,"gold_gain":0,"cards_transformed":["Strike_P"],"player_choice":"Transformed","damage_taken":0,"max_hp_gain":0,"max_hp_loss":0,"event_name":"Transmorgrifier","floor":19,"gold_loss":0,"cards_obtained":["Judgement"]},{"damage_healed":0,"gold_gain":0,"player_choice":"Trade","damage_taken":0,"relics_obtained":["CultistMask"],"max_hp_gain":0,"max_hp_loss":0,"event_name":"FaceTrader","floor":22,"gold_loss":0}],"is_beta":false,"boss_relics":[{"not_picked":["VioletLotus","Ectoplasm"],"picked":"Snecko Eye"}],"items_purged_floors":[],"is_endless":false,"potions_floor_spawned":[3,8,10,14,16,24,25],"killed_by":"3 Cultists","ascension_level":18}}