{"host":"i0s8vbixp24k5aul","time":1609444946,"event":{"mods":["2.2 Compatiblity","Act Like it!","Aspiration","BaseMod","Better Note","Better Third Choice","Better Vampires","BetterUpgradePreview","Colorless Booster Pack","Dota2Spire","GifTheSpireLib","Halation","Hermit","Hubris","Jedi Mod","Minty Spire (QoL Compilation)","Optimize The Spire","StSLib","The Animator","TheWitcher","vexMod","??????REMEMod"],"gold_per_floor":[113,129,129,129,144,144,76,76,76,120,140,221,261,300,300,411,411,431,32,32,46,64,64,91,110,110,110,110,35,35,63,63,176,176,206,57,70,70,85,85,85,131,131,131,157,157,197,217,217,227],"floor_reached":51,"playtime":5381,"items_purged":["SnafuTest:DefaultCommonAttack"],"score":702,"play_id":"d546e429-f076-439b-adc3-43713a5f95d3","local_time":"20201231230226","is_ascension_mode":true,"campfire_choices":[{"data":"SnafuTest:AssassinOfKings","floor":6,"key":"SMITH"},{"data":"SnafuTest:ConciliatoryPresence","floor":8,"key":"SMITH"},{"data":"SnafuTest:MelitelesCare","floor":15,"key":"SMITH"},{"data":"SnafuTest:SpellLivingArmor","floor":23,"key":"SMITH"},{"floor":28,"key":"REST"},{"floor":32,"key":"REST"},{"floor":40,"key":"REST"},{"floor":44,"key":"REST"},{"data":"SnafuTest:PowerCrimsonRitual","floor":46,"key":"SMITH"},{"floor":49,"key":"REST"}],"circlet_count":0,"master_deck":["SnafuTest:DefaultCommonAttack+1","SnafuTest:DefaultCommonAttack","SnafuTest:BountyHunt","SnafuTest:DefaultCommonSkill","SnafuTest:DefaultCommonSkill","SnafuTest:DefaultCommonSkill","SnafuTest:SignAard+1","animator:GoblinSlayer","SnafuTest:SpellLivingArmor+1","SnafuTest:PowerProbingFeint+1","SnafuTest:AssassinOfKings+1","SnafuTest:ConciliatoryPresence+1","SnafuTest:ArmoredSortie+1","SnafuTest:Kick+1","SnafuTest:SwordDance+1","SnafuTest:MelitelesCare+1","SnafuTest:Decapitate+1","SnafuTest:SpellLifeDrain+1","SnafuTest:BombMoonDust+1","SnafuTest:PowerTrialOfGrasses+1","SnafuTest:SwordDance+1","SnafuTest:CareTaker+1","SnafuTest:LastWish","SnafuTest:PowerCrimsonRitual+1","SnafuTest:OtherWorld","Forethought"],"relics":["SnafuTest:UnstableMutagenRelic","REME_ComplimentaryCards","NeowsBlessing","jedi:matchstick","Molten Egg 2","Ginger","halation:Prosthetics","Dota2Spire:Desolator","Vajra","Singing Bowl","hubris:Towel","aspiration:DefectSkillbook","Strawberry","Happy Flower","aspiration:AnachronicSnailShell","SnafuTest:IgniRelic"],"acts_visited":["Exordium","TheCity","TheBeyond"],"potions_floor_usage":[13,24,33,37,39,50,50],"damage_taken":[{"damage":0,"enemies":"2 Louse","floor":1,"turns":1},{"damage":0,"enemies":"Cultist","floor":2,"turns":1},{"damage":0,"enemies":"Jaw Worm","floor":5,"turns":1},{"damage":14,"enemies":"Lagavulin","floor":10,"turns":7},{"damage":0,"enemies":"Looter","floor":11,"turns":3},{"damage":11,"enemies":"Gremlin Nob","floor":13,"turns":3},{"damage":2,"enemies":"Gremlin Gang","floor":14,"turns":3},{"damage":20,"enemies":"The Guardian","floor":16,"turns":11},{"damage":18,"enemies":"Shell Parasite","floor":18,"turns":5},{"damage":3,"enemies":"Chosen","floor":21,"turns":5},{"damage":0,"enemies":"Snecko","floor":22,"turns":3},{"damage":26,"enemies":"Snake Plant","floor":24,"turns":6},{"damage":12,"enemies":"Centurion and Healer","floor":25,"turns":4},{"damage":29,"enemies":"Shelled Parasite and Fungi","floor":30,"turns":5},{"damage":7,"enemies":"Cultist and Chosen","floor":31,"turns":4},{"damage":20,"enemies":"Champ","floor":33,"turns":6},{"damage":33,"enemies":"3 Darklings","floor":35,"turns":6},{"damage":11,"enemies":"Orb Walker","floor":37,"turns":3},{"damage":0,"enemies":"Transient","floor":39,"turns":5},{"damage":49,"enemies":"Reptomancer","floor":42,"turns":8},{"damage":5,"enemies":"Spire Growth","floor":45,"turns":3},{"damage":42,"enemies":"Giant Head","floor":47,"turns":7},{"damage":6,"enemies":"Sphere and 2 Shapes","floor":48,"turns":3},{"damage":45,"enemies":"hubris:GrandSnecko","floor":50,"turns":9}],"seed_played":"1067899216605576758","potions_obtained":[{"floor":10,"key":"Ancient Potion"},{"floor":11,"key":"FairyPotion"},{"floor":14,"key":"Energy Potion"},{"floor":16,"key":"EssenceOfSteel"},{"floor":25,"key":"SteroidPotion"},{"floor":33,"key":"SkillPotion"},{"floor":45,"key":"Dota2Spire:HealingSalve"},{"floor":48,"key":"Ancient Potion"}],"is_trial":false,"path_per_floor":["M","M","?","?","M","R","$","R","T","E","M","T","E","M","R","B",null,"M","$","?","M","M","R","M","M","T","?","R","$","M","M","R","B",null,"M","$","M","$","M","R","?","E","T","R","M","R","E","M","R","B",null],"character_chosen":"THE_WITCHER","items_purchased":["SnafuTest:ConciliatoryPresence","Dota2Spire:Desolator","Vajra","Strawberry"],"campfire_rested":5,"item_purchase_floors":[7,19,19,36],"current_hp_per_floor":[75,75,75,75,75,75,75,75,75,61,61,61,50,48,48,49,40,22,22,22,30,36,36,28,31,31,31,40,40,28,32,42,37,42,22,29,24,24,39,51,51,19,19,34,42,42,23,19,36,30],"gold":227,"neow_bonus":"THREE_ENEMY_KILL","is_daily":false,"chose_seed":false,"campfire_upgraded":5,"win_rate":0.0,"timestamp":1609444946,"path_taken":["M","M","?","?","M","R","$","R","T","E","?","?","E","M","R","BOSS","M","$","?","M","M","R","M","?","T","?","R","?","?","?","R","BOSS","M","$","M","$","M","R","?","E","T","R","?","R","E","M","R","BOSS"],"items_purchased_type":["Card","Relic","Relic","Relic"],"build_version":"2020-12-22","purchased_purges":1,"victory":true,"max_hp_per_floor":[75,75,75,75,75,75,75,75,75,75,75,75,75,75,75,75,40,40,40,40,40,40,40,40,40,40,40,40,40,42,42,42,42,42,44,51,51,51,51,51,51,53,53,53,55,55,57,59,59,59],"card_choices":[{"not_picked":["SnafuTest:Shooting","SnafuTest:PayHappyHour"],"picked":"SnafuTest:SpellLivingArmor","floor":1},{"not_picked":["SnafuTest:Portal","SnafuTest:BombNorthernWind"],"picked":"SnafuTest:PowerProbingFeint","floor":2},{"not_picked":["SnafuTest:SmashingSlash","SnafuTest:MercilessReaper"],"picked":"SnafuTest:AssassinOfKings","floor":5},{"not_picked":["SnafuTest:QueensGuard","SnafuTest:PowerVainGlory"],"picked":"SnafuTest:ArmoredSortie+1","floor":10},{"not_picked":["SnafuTest:ExcessiveLevies","SnafuTest:BombMoonDust"],"picked":"SnafuTest:Kick+1","floor":11},{"not_picked":["SnafuTest:SpellTortoise+1","SnafuTest:WeddingDance"],"picked":"SnafuTest:SwordDance+1","floor":13},{"not_picked":["SnafuTest:PowerAlwaysAWay","SnafuTest:Portal"],"picked":"SnafuTest:MelitelesCare","floor":14},{"not_picked":["SnafuTest:DecisiveOpportunity+1","SnafuTest:MagePersecution+1"],"picked":"SnafuTest:Decapitate+1","floor":16},{"not_picked":["SnafuTest:BombNorthernWind+1","SnafuTest:PowerAlwaysOnRoads+1"],"picked":"SnafuTest:SpellLifeDrain+1","floor":18},{"not_picked":["SnafuTest:PowerMartialMagical+1","SnafuTest:BattleCry"],"picked":"SnafuTest:BombMoonDust+1","floor":21},{"not_picked":["SnafuTest:SpellTelekinesis+1","SnafuTest:QueensGuard+1"],"picked":"SnafuTest:PowerTrialOfGrasses+1","floor":22},{"not_picked":["SnafuTest:PowerCounterAttack","SnafuTest:PowerTrialOfGrasses"],"picked":"SnafuTest:SwordDance+1","floor":24},{"not_picked":["SnafuTest:GetPaid","SnafuTest:PowerTrialOfGrasses"],"picked":"SnafuTest:PaySmithWorkshop+1","floor":25},{"not_picked":["SnafuTest:ShoulderSlam+1","SnafuTest:BombDevilsPuffball+1","SnafuTest:SignAard+1"],"picked":"Singing Bowl","floor":30},{"not_picked":["SnafuTest:SpellLivingArmor+1","SnafuTest:PayWeaponSmith"],"picked":"SnafuTest:CareTaker+1","floor":31},{"not_picked":["SnafuTest:PayExoticTreasure","SnafuTest:GraveDancingPaleFire"],"picked":"SnafuTest:LastWish","floor":33},{"not_picked":["SnafuTest:CalculatingAmbition","Ball Lightning+1","SnafuTest:ShieldUp","SnafuTest:BattleCry"],"picked":"Singing Bowl","floor":35},{"not_picked":["Defragment","jedi:BurstFrost+1","Genetic Algorithm"],"picked":"SnafuTest:PowerCrimsonRitual","floor":37},{"not_picked":["REME_Whirling+1","Undo","Cold Snap+1"],"picked":"SnafuTest:OtherWorld","floor":39},{"not_picked":["Heatsinks","Darkness","Beam Cell+1","jedi:locknload+1"],"picked":"Singing Bowl","floor":42},{"not_picked":["SnafuTest:BombDevilsPuffball+1","Force Field+1","Reinforced Body+1","Cold Snap+1"],"picked":"Singing Bowl","floor":45},{"not_picked":["SnafuTest:SpellBlindFury+1","SnafuTest:SuddenPuncture+1","SnafuTest:PowerMartialMagical+1","Leap"],"picked":"Singing Bowl","floor":47},{"not_picked":["SnafuTest:BombSamum+1","SnafuTest:Kick+1","SnafuTest:BombDevilsPuffball+1","SnafuTest:WitchHunt+1"],"picked":"Singing Bowl","floor":48}],"player_experience":755321,"relics_obtained":[{"floor":9,"key":"jedi:matchstick"},{"floor":10,"key":"Molten Egg 2"},{"floor":13,"key":"Ginger"},{"floor":26,"key":"Singing Bowl"},{"floor":42,"key":"Happy Flower"},{"floor":43,"key":"aspiration:AnachronicSnailShell"},{"floor":47,"key":"SnafuTest:IgniRelic"}],"event_choices":[{"damage_healed":0,"gold_gain":0,"player_choice":"Grow","damage_taken":0,"max_hp_gain":0,"max_hp_loss":0,"event_name":"Living Wall","floor":3,"gold_loss":0,"cards_upgraded":["SnafuTest:PowerProbingFeint"]},{"damage_healed":0,"gold_gain":0,"player_choice":"Upgraded","damage_taken":0,"max_hp_gain":0,"max_hp_loss":0,"event_name":"Upgrade Shrine","floor":4,"gold_loss":0,"cards_upgraded":["SnafuTest:SignAard"]},{"cards_removed":["SnafuTest:MelitelesCare"],"damage_healed":0,"gold_gain":0,"player_choice":"Give","damage_taken":0,"max_hp_gain":0,"max_hp_loss":0,"event_name":"betterNote:BetterNote","floor":20,"gold_loss":0,"cards_obtained":["None"]},{"damage_healed":0,"gold_gain":0,"player_choice":"1 cards matched","damage_taken":0,"max_hp_gain":0,"max_hp_loss":0,"event_name":"Match and Keep!","floor":41,"gold_loss":0,"cards_obtained":["Forethought"]}],"is_beta":false,"boss_relics":[{"not_picked":["Empty Cage","Fusion Hammer"],"picked":"halation:Prosthetics"},{"not_picked":["aspiration:SecretTechniqueScroll","vexMod:RockOfEvil"],"picked":"aspiration:DefectSkillbook"}],"items_purged_floors":[29],"is_endless":false,"potions_floor_spawned":[10,11,14,16,18,22,25,30,33,35,45,48],"ascension_level":1}}