{"host":"akjsb4vg7478j4ls","time":1609442541,"event":{"mods":["BaseMod","Colored Powertips","Minty Spire (QoL Compilation)","Rare Cards Sparkle"],"gold_per_floor":[114,130,130,305,323,349,360,360,360],"floor_reached":8,"playtime":562,"items_purged":[],"score":58,"play_id":"bfc3878f-81a8-442e-bd98-0731098d2af1","local_time":"20201231172221","is_ascension_mode":false,"campfire_choices":[],"circlet_count":0,"master_deck":["Strike_R","Strike_R","Strike_R","Strike_R","Defend_R","Defend_R","Defend_R","Defend_R","Bash","Ghostly Armor","Demon Form","Combust","Doubt","Armaments","Wild Strike","Heavy Blade"],"relics":["Black Star","Mummified Hand","Eternal Feather"],"acts_visited":["Exordium"],"potions_floor_usage":[5],"damage_taken":[{"damage":1,"enemies":"Jaw Worm","floor":1,"turns":6},{"damage":1,"enemies":"2 Louse","floor":2,"turns":3},{"damage":0,"enemies":"Cultist","floor":5,"turns":5},{"damage":44,"enemies":"Lagavulin","floor":6,"turns":10},{"damage":15,"enemies":"Exordium Wildlife","floor":7,"turns":5},{"damage":19,"enemies":"3 Sentries","floor":8,"turns":2}],"seed_played":"8229177515518289466","potions_obtained":[{"floor":2,"key":"AttackPotion"},{"floor":7,"key":"Weak Potion"}],"is_trial":false,"path_per_floor":["M","M","?","?","M","E","M","E"],"character_chosen":"IRONCLAD","items_purchased":[],"campfire_rested":0,"item_purchase_floors":[],"current_hp_per_floor":[79,78,78,78,78,34,19,0,0],"gold":360,"neow_bonus":"BOSS_RELIC","is_daily":false,"chose_seed":false,"campfire_upgraded":0,"win_rate":0.0,"timestamp":1609442541,"path_taken":["M","M","?","?","M","E","M","E"],"items_purchased_type":[],"build_version":"2020-12-22","purchased_purges":0,"victory":false,"max_hp_per_floor":[80,80,80,80,80,80,80,80,80],"card_choices":[{"not_picked":["Body Slam","Anger"],"picked":"Ghostly Armor","floor":1},{"not_picked":["Pummel","Shrug It Off"],"picked":"Demon Form","floor":2},{"not_picked":["Havoc","Bloodletting"],"picked":"Armaments","floor":5},{"not_picked":["Searing Blow","Metallicize"],"picked":"Wild Strike","floor":6},{"not_picked":["Thunderclap","Clash"],"picked":"Heavy Blade","floor":7}],"player_experience":63270,"relics_obtained":[{"floor":6,"key":"Mummified Hand"},{"floor":6,"key":"Eternal Feather"}],"event_choices":[{"damage_healed":0,"gold_gain":0,"cards_transformed":["Strike_R"],"player_choice":"Change","damage_taken":0,"max_hp_gain":0,"max_hp_loss":0,"event_name":"Living Wall","floor":3,"gold_loss":0,"cards_obtained":["Combust"]},{"damage_healed":0,"gold_gain":175,"player_choice":"AGREE","damage_taken":0,"max_hp_gain":0,"max_hp_loss":0,"event_name":"Liars Game","floor":4,"gold_loss":0,"cards_obtained":["Doubt"]}],"is_beta":false,"boss_relics":[],"items_purged_floors":[],"is_endless":false,"potions_floor_spawned":[2,7],"killed_by":"3 Sentries","ascension_level":0}}