{"host":"8w77ry71wnq5rafu","time":1609379995,"event":{"mods":["AchievementEnabler","BaseMod","ChefMod","Colored Map","Hermit","Highlight Path","Key Reminder","Minty Spire (QoL Compilation)","Permanent Neow","Random Character Button","Rare Cards Sparkle","StSLib","The Edgeheg","The IronCluck","The Problem Sleuth","The Senshi","Unceasing Turn Reminder","egg","everything is the same but u backflip on backflip","slay the spire mod where everything is the same but ironclad has a cowboy hat","thorton"],"gold_per_floor":[114,128,128,6,81,113,63,95,177,237,237,237],"floor_reached":11,"playtime":636,"items_purged":["Strike_R"],"score":130,"play_id":"f991e595-76e1-4e17-b788-015fd846da88","local_time":"20201230185955","is_ascension_mode":true,"campfire_choices":[],"circlet_count":0,"master_deck":["AscendersBane","Strike_R","Strike_R+1","Strike_R+1","Defend_R","Defend_R","Defend_R","Defend_R","Bash","Corruption","Hemokinesis","Evolve","Headbutt","Reaper","Cleave","Shrug It Off"],"relics":["Burning Blood","MealTicket","Whetstone","Pear","InkBottle","StrikeDummy"],"acts_visited":["Exordium"],"potions_floor_usage":[6,11],"damage_taken":[{"damage":13,"enemies":"Jaw Worm","floor":1,"turns":4},{"damage":7,"enemies":"Small Slimes","floor":2,"turns":4},{"damage":29,"enemies":"Lagavulin","floor":6,"turns":6},{"damage":41,"enemies":"3 Sentries","floor":8,"turns":9},{"damage":27,"enemies":"3 Sentries","floor":10,"turns":6},{"damage":25,"enemies":"Gremlin Nob","floor":11,"turns":3}],"seed_played":"3027316041555712200","potions_obtained":[{"floor":1,"key":"BlessingOfTheForge"},{"floor":10,"key":"Weak Potion"}],"is_trial":false,"path_per_floor":["M","M","?","$","?","E","?","E","T","?","E"],"character_chosen":"IRONCLAD","items_purchased":["Headbutt"],"campfire_rested":0,"item_purchase_floors":[4],"current_hp_per_floor":[65,64,61,72,61,38,38,25,25,16,0,0],"gold":237,"neow_bonus":"THREE_RARE_CARDS","is_daily":false,"chose_seed":false,"campfire_upgraded":0,"win_rate":0.0,"timestamp":1609379995,"path_taken":["M","M","?","$","?","E","?","E","T","?","E"],"items_purchased_type":["Card"],"build_version":"2020-12-22","purchased_purges":1,"victory":false,"max_hp_per_floor":[72,72,72,72,72,72,72,82,82,82,82,82],"card_choices":[{"not_picked":["Reaper","Juggernaut"],"picked":"Corruption","floor":0},{"not_picked":["Heavy Blade","Warcry"],"picked":"Hemokinesis","floor":1},{"not_picked":["Perfected Strike","Body Slam"],"picked":"Evolve","floor":2},{"not_picked":["Perfected Strike","Flame Barrier"],"picked":"Reaper","floor":6},{"not_picked":["Clash","Sword Boomerang"],"picked":"Cleave","floor":8},{"not_picked":["Sever Soul","Blood for Blood"],"picked":"Shrug It Off","floor":10}],"player_experience":473125,"relics_obtained":[{"floor":6,"key":"Whetstone"},{"floor":8,"key":"Pear"},{"floor":9,"key":"InkBottle"}],"event_choices":[{"damage_healed":0,"gold_gain":0,"player_choice":"Success","damage_taken":3,"relics_obtained":["MealTicket"],"max_hp_gain":0,"max_hp_loss":0,"event_name":"Scrap Ooze","floor":3,"gold_loss":0},{"damage_healed":0,"gold_gain":75,"player_choice":"Gather Gold","damage_taken":11,"max_hp_gain":0,"max_hp_loss":0,"event_name":"World of Goop","floor":5,"gold_loss":0},{"cards_removed":["Strike_R"],"damage_healed":0,"gold_gain":0,"player_choice":"Card Removal","damage_taken":0,"max_hp_gain":0,"max_hp_loss":0,"event_name":"The Cleric","floor":7,"gold_loss":50},{"damage_healed":0,"gold_gain":0,"player_choice":"Searched \u00272\u0027 times","damage_taken":0,"relics_obtained":["StrikeDummy"],"max_hp_gain":0,"max_hp_loss":0,"event_name":"Dead Adventurer","floor":10,"gold_loss":0}],"is_beta":false,"boss_relics":[],"items_purged_floors":[4],"is_endless":false,"potions_floor_spawned":[1,10],"killed_by":"Gremlin Nob","ascension_level":13}}