{"host":"78zdngn0u28jm0pp","time":1609386603,"event":{"mods":["BaseMod","Jorbs\u0027s Wanderer Trilogy","Minty Spire (QoL Compilation)","Permanent Neow","Quick Restart","Relic Stats","StSLib","Unceasing Turn Reminder"],"gold_per_floor":[109,126,136,10,85,85,97,130,130,130,3,16,66,100,100,174,174,194,210,210,160,171,203,215,244,244,276,276,276],"floor_reached":28,"playtime":1136,"items_purged":[],"score":576,"play_id":"c48a4f04-cd80-4e81-a131-9fc3afbfbdac","local_time":"20201230205003","is_ascension_mode":true,"campfire_choices":[{"data":"Noxious Fumes","floor":6.0,"key":"SMITH"},{"floor":10.0,"key":"REST"},{"floor":15.0,"key":"REST"}],"circlet_count":0,"master_deck":["AscendersBane","Strike_G+1","Strike_G+1","Strike_G+1","Strike_G+1","Strike_G+1","Defend_G+1","Defend_G+1","Defend_G+1","Defend_G+1","Defend_G+1","Survivor","Neutralize","Slice","Noxious Fumes+1","Backstab","Blade Dance","Dash","Glass Knife","Tools of the Trade","Leg Sweep","Corpse Explosion","Bane","Dodge and Roll","Dagger Spray","Blade Dance","Footwork+1","Cloak And Dagger","Cloak And Dagger+1"],"relics":["Ring of the Snake","NeowsBlessing","Potion Belt","PreservedInsect","Kunai","Coffee Dripper","Bag of Preparation","Oddly Smooth Stone","Ninja Scroll","HornCleat"],"acts_visited":["Exordium","TheCity"],"potions_floor_usage":[27],"damage_taken":[{"damage":0.0,"enemies":"Cultist","floor":1.0,"turns":1.0},{"damage":0.0,"enemies":"Small Slimes","floor":2.0,"turns":1.0},{"damage":0.0,"enemies":"Jaw Worm","floor":3.0,"turns":1.0},{"damage":1.0,"enemies":"Red Slaver","floor":7.0,"turns":3.0},{"damage":30.0,"enemies":"Gremlin Nob","floor":8.0,"turns":4.0},{"damage":0.0,"enemies":"2 Fungi Beasts","floor":12.0,"turns":3.0},{"damage":5.0,"enemies":"3 Sentries","floor":14.0,"turns":6.0},{"damage":10.0,"enemies":"Slime Boss","floor":16.0,"turns":9.0},{"damage":10.0,"enemies":"2 Thieves","floor":18.0,"turns":3.0},{"damage":4.0,"enemies":"Spheric Guardian","floor":19.0,"turns":3.0},{"damage":15.0,"enemies":"Centurion and Healer","floor":22.0,"turns":6.0},{"damage":1.0,"enemies":"Slavers","floor":23.0,"turns":3.0},{"damage":15.0,"enemies":"Snake Plant","floor":24.0,"turns":4.0},{"damage":5.0,"enemies":"Book of Stabbing","floor":25.0,"turns":5.0},{"damage":4,"enemies":"Slavers","floor":27,"turns":4},{"damage":9,"enemies":"Shelled Parasite and Fungi","floor":28,"turns":1}],"seed_played":"-5184112348117781824","potions_obtained":[{"floor":3.0,"key":"Ancient Potion"},{"floor":8.0,"key":"CultistPotion"},{"floor":12.0,"key":"SpeedPotion"},{"floor":24.0,"key":"Fire Potion"},{"floor":25.0,"key":"AttackPotion"},{"floor":27,"key":"FearPotion"}],"is_trial":false,"path_per_floor":["M","M","M","$","?","R","M","E","T","R","$","M","?","E","R","B",null,"M","M","?","?","M","E","M","E","T","E","M"],"character_chosen":"THE_SILENT","items_purchased":["Backstab","Blade Dance","Glass Knife","Fire Potion"],"campfire_rested":2,"item_purchase_floors":[4,4,11,11],"current_hp_per_floor":[59,59,59,59,48,48,47,17,17,36,36,36,30,25,44,34,58,48,44,44,44,29,28,13,8,8,4,0,0],"gold":276,"neow_bonus":"THREE_ENEMY_KILL","is_daily":false,"chose_seed":false,"campfire_upgraded":1,"win_rate":0.0,"timestamp":1609386603,"path_taken":["M","M","?","$","?","R","M","E","T","R","$","M","?","E","R","BOSS","M","M","?","?","M","E","M","E","T","E","?"],"items_purchased_type":["Card","Card","Card","Potion"],"build_version":"2020-12-22","purchased_purges":0,"victory":false,"max_hp_per_floor":[66,66,66,66,66,66,66,66,66,66,66,66,66,66,66,66,66,66,66,66,66,66,66,66,66,66,66,66,66],"relic_stats":{"counters":[16,57],"PreservedInsect":158,"Bag of Preparation":[4],"Kunai":[26],"obtain_stats":[{"Potion Belt":8,"HornCleat":27,"NeowsBlessing":0,"Ninja Scroll":26,"Oddly Smooth Stone":25,"PreservedInsect":9,"Coffee Dripper":17,"Bag of Preparation":23,"Kunai":14,"Ring of the Snake":0},{"Potion Belt":5,"HornCleat":15,"NeowsBlessing":0,"Ninja Scroll":14,"Oddly Smooth Stone":14,"PreservedInsect":5,"Coffee Dripper":8,"Bag of Preparation":12,"Kunai":7,"Ring of the Snake":0},{"Potion Belt":10,"HornCleat":56,"NeowsBlessing":0,"Ninja Scroll":52,"Oddly Smooth Stone":52,"PreservedInsect":10,"Coffee Dripper":28,"Bag of Preparation":43,"Kunai":19,"Ring of the Snake":0}],"Ring of the Snake":[32]},"card_choices":[{"not_picked":["Outmaneuver","Blur"],"picked":"Slice","floor":1.0},{"not_picked":["Deadly Poison","Sucker Punch","Underhanded Strike"],"picked":"SKIP","floor":2.0},{"not_picked":["Underhanded Strike","Slice"],"picked":"Noxious Fumes","floor":3.0},{"not_picked":["Outmaneuver","Reflex"],"picked":"Dash","floor":7.0},{"not_picked":["Reflex","Concentrate","Sucker Punch"],"picked":"SKIP","floor":8.0},{"not_picked":["Finisher","Quick Slash"],"picked":"Tools of the Trade","floor":12.0},{"not_picked":["Prepared","Blade Dance"],"picked":"Leg Sweep","floor":14.0},{"not_picked":["Storm of Steel","A Thousand Cuts"],"picked":"Corpse Explosion","floor":16.0},{"not_picked":["Flying Knee","Underhanded Strike"],"picked":"Bane","floor":18.0},{"not_picked":["Skewer","Reflex"],"picked":"Dodge and Roll","floor":19.0},{"not_picked":["Riddle With Holes","Flechettes"],"picked":"Dagger Spray","floor":22.0},{"not_picked":["Infinite Blades","Calculated Gamble"],"picked":"Blade Dance","floor":23.0},{"not_picked":["Backflip+1","Flying Knee+1"],"picked":"Footwork+1","floor":24.0},{"not_picked":["Phantasmal Killer","Dodge and Roll"],"picked":"Cloak And Dagger","floor":25.0},{"not_picked":["Well Laid Plans","Backflip+1"],"picked":"Cloak And Dagger+1","floor":27}],"player_experience":745233,"relics_obtained":[{"floor":8.0,"key":"Potion Belt"},{"floor":9.0,"key":"PreservedInsect"},{"floor":14.0,"key":"Kunai"},{"floor":23.0,"key":"Bag of Preparation"},{"floor":25.0,"key":"Oddly Smooth Stone"},{"floor":26,"key":"Ninja Scroll"},{"floor":27,"key":"HornCleat"}],"event_choices":[{"damage_healed":0.0,"max_hp_gain":0.0,"max_hp_loss":0.0,"gold_gain":75.0,"event_name":"World of Goop","player_choice":"Gather Gold","floor":5.0,"gold_loss":0.0,"damage_taken":11.0},{"damage_healed":0.0,"max_hp_gain":0.0,"max_hp_loss":0.0,"gold_gain":50.0,"event_name":"FaceTrader","player_choice":"Touch","floor":13.0,"gold_loss":0.0,"damage_taken":6.0},{"damage_healed":0.0,"max_hp_gain":0.0,"max_hp_loss":0.0,"gold_gain":0.0,"event_name":"Back to Basics","player_choice":"Simplicity","floor":20.0,"gold_loss":0.0,"damage_taken":0.0,"cards_upgraded":["Strike_G","Strike_G","Strike_G","Strike_G","Strike_G","Defend_G","Defend_G","Defend_G","Defend_G","Defend_G"]},{"damage_healed":0.0,"max_hp_gain":0.0,"max_hp_loss":0.0,"gold_gain":0.0,"event_name":"The Joust","player_choice":"Bet on Owner","floor":21.0,"gold_loss":50.0,"damage_taken":0.0}],"is_beta":false,"boss_relics":[{"not_picked":["Empty Cage","Fusion Hammer"],"picked":"Coffee Dripper"}],"items_purged_floors":[],"is_endless":false,"potions_floor_spawned":[3,8,12,24,25,27],"killed_by":"Shelled Parasite and Fungi","ascension_level":20}}