{"host":"ujyomg7d1f18u2we","time":1609449925,"event":{"mods":["AchievementEnabler","AlwaysNeverKeys","Aspiration","BaseMod","Colored Map","DeckTracker","Gremlin Skip","Highlight Path","Hubris","Minty Spire (QoL Compilation)","Quick Restart","Random Character Button","StSLib"],"gold_per_floor":[118,118,130,80,80,109,109,142,166,182,182,182,182,200,200,200,200],"floor_reached":16,"playtime":320,"items_purged":[],"score":108,"play_id":"9ef130f8-b838-4368-b9ba-9ae202ecc0ca","local_time":"20201231182525","is_ascension_mode":false,"campfire_choices":[{"data":"Bash","floor":11,"key":"SMITH"},{"data":"Flame Barrier","floor":15,"key":"SMITH"}],"circlet_count":0,"master_deck":["Strike_R","Strike_R","Strike_R","Strike_R","Defend_R","Defend_R","Defend_R","Defend_R","Bash+1","Flame Barrier+1","Pommel Strike"],"relics":["Burning Blood","aspiration:Nostalgia","PureWater","Self Forming Clay","hubris:SlimyHat","hubris:Towel"],"acts_visited":["Exordium"],"potions_floor_usage":[6,6,14],"damage_taken":[{"damage":4,"enemies":"Small Slimes","floor":1,"turns":4},{"damage":11,"enemies":"Jaw Worm","floor":3,"turns":3},{"damage":5,"enemies":"Lagavulin","floor":6,"turns":6},{"damage":30,"enemies":"Gremlin Nob","floor":8,"turns":5},{"damage":0,"enemies":"2 Louse","floor":10,"turns":3},{"damage":6,"enemies":"Exordium Wildlife","floor":14,"turns":4},{"damage":46,"enemies":"Slime Boss","floor":16,"turns":10}],"seed_played":"-3254884720853330887","potions_obtained":[{"floor":1,"key":"DistilledChaos"},{"floor":3,"key":"BlessingOfTheForge"},{"floor":10,"key":"BloodPotion"}],"is_trial":false,"path_per_floor":["M","?","M","?","?","E","$","E","T","M","R","?","?","M","R","B"],"character_chosen":"IRONCLAD","items_purchased":[],"campfire_rested":0,"item_purchase_floors":[],"current_hp_per_floor":[80,85,80,80,80,81,81,57,57,63,63,63,63,80,80,34,34],"gold":200,"neow_bonus":"NOSTALGIA","is_daily":false,"chose_seed":false,"campfire_upgraded":2,"win_rate":0.0,"timestamp":1609449925,"path_taken":["M","?","M","?","?","E","$","E","T","?","R","?","?","M","R","BOSS"],"items_purchased_type":[],"build_version":"2020-12-22","purchased_purges":0,"victory":false,"max_hp_per_floor":[80,85,85,85,85,85,85,85,85,85,85,85,85,85,85,85,85],"card_choices":[{"not_picked":["Flex","Sentinel"],"picked":"Flame Barrier","floor":1},{"not_picked":["Anger","Iron Wave","Sever Soul"],"picked":"SKIP","floor":3},{"not_picked":["Havoc","Battle Trance","Wild Strike"],"picked":"SKIP","floor":6},{"not_picked":["Anger","Warcry"],"picked":"Pommel Strike","floor":8},{"not_picked":["Iron Wave","Disarm","True Grit"],"picked":"SKIP","floor":10},{"not_picked":["Second Wind","Hemokinesis","hubris:SharpeningStone"],"picked":"SKIP","floor":14}],"player_experience":1569119,"relics_obtained":[{"floor":6,"key":"Self Forming Clay"},{"floor":9,"key":"hubris:SlimyHat"}],"event_choices":[{"damage_healed":0,"gold_gain":0,"player_choice":"Donut","damage_taken":0,"max_hp_gain":5,"max_hp_loss":0,"event_name":"Big Fish","floor":2,"gold_loss":0},{"cards_removed":["Strike_R"],"damage_healed":0,"gold_gain":0,"player_choice":"Card Removal","damage_taken":0,"max_hp_gain":0,"max_hp_loss":0,"event_name":"The Cleric","floor":4,"gold_loss":50},{"damage_healed":0,"gold_gain":0,"player_choice":"Ignored","damage_taken":0,"max_hp_gain":0,"max_hp_loss":0,"event_name":"Golden Wing","floor":5,"gold_loss":0},{"damage_healed":0,"gold_gain":0,"player_choice":"Ignored","damage_taken":0,"max_hp_gain":0,"max_hp_loss":0,"event_name":"NoteForYourself","floor":13,"gold_loss":0}],"is_beta":false,"boss_relics":[],"items_purged_floors":[],"is_endless":false,"potions_floor_spawned":[1,3,10],"killed_by":"Slime Boss","ascension_level":0}}