{"host":"aewhn2fld106mlky","time":1609436155,"event":{"mods":["Act Like it!","BaseMod","Downfall","GungeonMod","Koishi","KomeijiMod","Minty Spire (QoL Compilation)","Quick Restart","Relic Stats","Spicy Shops","StSLib","The Jungle","The Mystic"],"gold_per_floor":[170,14,26,43,43,43,118,118,197,223,223,257,257,268,268,372,372,389,203,203,216,228,228,257,277,304,321,371,384,294,306,306,408,408,420,434,434,434,317,317,330,330,356,369,369,369,137,137,137,137],"floor_reached":51,"playtime":2133,"items_purged":["Defend_Remirira"],"score":825,"play_id":"48759da2-acd4-4617-975a-b2d01374ecbe","local_time":"20210101013555","is_ascension_mode":false,"campfire_choices":[{"data":"Scratch","floor":6.0,"key":"SMITH"},{"floor":8.0,"key":"DIG"},{"floor":13.0,"key":"DIG"},{"data":"PartStrengthen","floor":15.0,"key":"SMITH"},{"floor":23.0,"key":"DIG"},{"floor":32.0,"key":"DIG"},{"data":"MiserableFate_Remiria","floor":40.0,"key":"SMITH"},{"data":"DoubleEdge","floor":42,"key":"SMITH"},{"floor":45,"key":"DIG"},{"floor":49,"key":"DIG"}],"circlet_count":0,"master_deck":["Strike_Remiria+1","Strike_Remiria+1","Defend_Remirira+1","Defend_Remirira+1","Absorbed+1","Scratch+1","Impregnable+1","VampireClaw+1","Cripple+1","DoubleEdge+1","MiserableFate_Remiria+1","CruelSlaughter+1","PartStrengthen+1","BathedInBlood+1","YoungDemonLord+1","BloodySuit+1","DemonsDinnerFork_Remiria+1","ThirstForBlood+1","BloodCoagulation+1","Rewrite+1","FateConcerto+1","ChainGang+1","Enlightenment+1","Madness+1","Madness+1","BathedInBlood+1","Apotheosis+1"],"relics":["ThirstyCrossSpe","NeowsBlessing","Shovel","Orichalcum","Question Card","DemoMod:GreenGuonStone","Bag of Preparation","Mango","Calling Bell","DemoMod:GundromedaStrain","Toxic Egg 2","Happy Flower","Membership Card","Boot","Potion Belt","Lantern","Dream Catcher","theJungle:ParSnip","Vajra","Astrolabe","War Paint","Meat on the Bone","DemoMod:WhiteGuonStone","Pen Nib","Bag of Marbles"],"acts_visited":["Exordium","Exordium","TheBeyond"],"potions_floor_usage":[48,50,50,50],"damage_taken":[{"damage":0.0,"enemies":"Jaw Worm","floor":1.0,"turns":1.0},{"damage":0.0,"enemies":"2 Louse","floor":3.0,"turns":1.0},{"damage":0.0,"enemies":"Small Slimes","floor":4.0,"turns":1.0},{"damage":5.0,"enemies":"Lagavulin","floor":10.0,"turns":5.0},{"damage":0.0,"enemies":"3 Sentries","floor":12.0,"turns":8.0},{"damage":0.0,"enemies":"2 Fungi Beasts","floor":14.0,"turns":3.0},{"damage":12.0,"enemies":"Slime Boss","floor":16.0,"turns":7.0},{"damage":14.0,"enemies":"theJungle:5_Spyders","floor":18.0,"turns":6.0},{"damage":0.0,"enemies":"theJungle:GiantWrat","floor":21.0,"turns":5.0},{"damage":0.0,"enemies":"theJungle:Lyon","floor":22.0,"turns":4.0},{"damage":22.0,"enemies":"theJungle:Cassacara","floor":24.0,"turns":5.0},{"damage":18.0,"enemies":"theJungle:JungleHuntersEncounter","floor":25.0,"turns":4.0},{"damage":10.0,"enemies":"Snake Plant","floor":27.0,"turns":5.0},{"damage":6.0,"enemies":"theJungle:SlimyTreeVines","floor":29.0,"turns":5.0},{"damage":23.0,"enemies":"theJungle:2_Flameangoes","floor":31.0,"turns":4.0},{"damage":21.0,"enemies":"theJungle:QueenSpyder","floor":33.0,"turns":9.0},{"damage":17.0,"enemies":"3 Darklings","floor":35.0,"turns":4.0},{"damage":12.0,"enemies":"3 Shapes","floor":36.0,"turns":1.0},{"damage":2,"enemies":"3 Darklings","floor":41,"turns":2},{"damage":0,"enemies":"Transient","floor":44,"turns":5},{"damage":62,"enemies":"Transient","floor":48,"turns":11},{"damage":63,"enemies":"Awakened One","floor":50,"turns":10}],"seed_played":"5260191373125809575","potions_obtained":[{"floor":4.0,"key":"PowerPotion"},{"floor":10.0,"key":"Ancient Potion"},{"floor":14.0,"key":"Fire Potion"},{"floor":16.0,"key":"Block Potion"},{"floor":18.0,"key":"Fire Potion"},{"floor":21.0,"key":"Swift Potion"},{"floor":27.0,"key":"LiquidMemories"},{"floor":29.0,"key":"Regen Potion"},{"floor":33.0,"key":"Weak Potion"},{"floor":44,"key":"FearPotion"}],"is_trial":false,"path_per_floor":["M","$","M","M","?","R","?","R","T","E","?","E","R","M","R","B",null,"M","$","?","M","M","R","E","M","T","M","?","M","?","M","R","B",null,"M","M","?","?","$","R","M","R","T","M","R","?","$","?","R","B",null],"character_chosen":"RemiriaScarlet","items_purchased":["Shovel","Membership Card","Boot","BathedInBlood","DemoMod:WhiteGuonStone","Apotheosis+1","Pen Nib"],"campfire_rested":0,"item_purchase_floors":[2,19,19,39,47,47,47],"current_hp_per_floor":[100,100,100,100,100,100,89,89,89,84,77,77,91,91,91,83,114,100,100,95,95,95,95,82,78,78,68,52,51,51,40,40,48,119,115,103,103,88,88,88,86,86,86,86,86,86,86,119,119,68],"gold":137,"neow_bonus":"THREE_ENEMY_KILL","is_daily":false,"chose_seed":false,"campfire_upgraded":4,"win_rate":0.0,"timestamp":1609436155,"path_taken":["M","$","M","M","?","R","?","R","T","E","?","E","R","M","R","BOSS","M","$","?","M","M","R","E","M","T","M","?","M","?","M","R","BOSS","M","M","?","?","$","R","M","R","T","M","R","?","$","?","R","BOSS"],"items_purchased_type":["Relic","Relic","Relic","Card","Relic","Card","Relic"],"build_version":"2020-12-22","purchased_purges":1,"victory":true,"max_hp_per_floor":[100,100,100,100,100,100,100,100,100,100,100,100,114,114,114,114,114,114,114,119,119,119,119,119,119,119,119,119,119,119,119,119,119,119,119,119,119,119,119,119,119,119,119,119,119,119,119,119,119,119],"relic_stats":{"Happy Flower":[26],"counters":[22,105],"Astrolabe":["BloodCoagulation","Rewrite","FateConcerto"],"Pen Nib":[5],"Bag of Preparation":[34],"Orichalcum":[222],"War Paint":["Impregnable"],"Question Card":31,"Boot":[8],"Dream Catcher":0,"Shovel":6,"obtain_stats":[{"DemoMod:GreenGuonStone":10,"Lantern":24,"Vajra":32,"Mango":13,"DemoMod:GlassGuonStoneRelic":4,"Bag of Preparation":12,"DemoMod:WhiteGuonStone":47,"Boot":19,"Dream Catcher":26,"Shovel":2,"Toxic Egg 2":17,"Potion Belt":23,"NeowsBlessing":0,"Happy Flower":17,"DemoMod:WeirdEgg":32,"Astrolabe":34,"Pen Nib":47,"Orichalcum":8,"War Paint":43,"Question Card":9,"Calling Bell":17,"ThirstyCrossSpe":0,"DemoMod:GundromedaStrain":17,"Bag of Marbles":49,"Membership Card":19,"theJungle:ParSnip":30,"Meat on the Bone":45},{"DemoMod:GreenGuonStone":4,"Lantern":11,"Vajra":15,"Mango":5,"DemoMod:GlassGuonStoneRelic":3,"Bag of Preparation":5,"DemoMod:WhiteGuonStone":20,"Boot":8,"Dream Catcher":12,"Shovel":1,"Toxic Egg 2":7,"Potion Belt":10,"NeowsBlessing":0,"Happy Flower":7,"DemoMod:WeirdEgg":15,"Astrolabe":16,"Pen Nib":20,"Orichalcum":3,"War Paint":19,"Question Card":3,"Calling Bell":7,"ThirstyCrossSpe":0,"DemoMod:GundromedaStrain":7,"Bag of Marbles":21,"Membership Card":8,"theJungle:ParSnip":14,"Meat on the Bone":20},{"DemoMod:GreenGuonStone":8,"Lantern":46,"Vajra":63,"Mango":16,"DemoMod:GlassGuonStoneRelic":3,"Bag of Preparation":16,"DemoMod:WhiteGuonStone":84,"Boot":32,"Dream Catcher":50,"Shovel":1,"Toxic Egg 2":26,"Potion Belt":41,"NeowsBlessing":0,"Happy Flower":26,"DemoMod:WeirdEgg":63,"Astrolabe":72,"Pen Nib":84,"Orichalcum":3,"War Paint":79,"Question Card":3,"Calling Bell":26,"ThirstyCrossSpe":0,"DemoMod:GundromedaStrain":26,"Bag of Marbles":95,"Membership Card":32,"theJungle:ParSnip":59,"Meat on the Bone":84}],"Meat on the Bone":24},"card_choices":[{"not_picked":["BloodCollect","Feint"],"picked":"Impregnable","floor":1.0},{"not_picked":["ServantFlier","Offensive"],"picked":"VampireClaw","floor":3.0},{"not_picked":["BloodCollect","Paradox"],"picked":"Cripple","floor":4.0},{"not_picked":["FateConcerto","FierceSweep","StigmaNizer"],"picked":"Warpath","floor":10.0},{"not_picked":["FastHealing","ScarletNetherworld","Feint"],"picked":"PartStrengthen","floor":12.0},{"not_picked":["ServantFlier","Feint","Cripple"],"picked":"DoubleEdge","floor":14.0},{"not_picked":["FitfulNightmare","Reaper_Remiria","ScarletDestiny"],"picked":"MiserableFate_Remiria","floor":16.0},{"not_picked":["VampireKiss_Remiria","CurseofVladTepes","ServantFlier+1"],"picked":"CruelSlaughter+1","floor":18.0},{"not_picked":["StigmaNizer","TricksterDevil+1","BloodySuit+1"],"picked":"PartStrengthen+1","floor":21.0},{"not_picked":["BloodCleaner","HeartBreak_Remiria","BodyStrengthen+1"],"picked":"BathedInBlood","floor":22.0},{"not_picked":["LifeBreak","NightDance+1","Cripple"],"picked":"YoungDemonLord+1","floor":24.0},{"not_picked":["DamonLordCradle_Remiria+1","Cripple+1","VampireClaw+1"],"picked":"BloodySuit+1","floor":25.0},{"not_picked":["Tearing","BloodCleaner","DoubleEdge"],"picked":"DemonsDinnerFork_Remiria+1","floor":27.0},{"not_picked":["FierceSweep","DemonsDinnerFork_Remiria+1","SeparateFleshBlood"],"picked":"ThirstForBlood+1","floor":29.0},{"not_picked":["Warpath+1","FateEnsemble+1","Feint+1","BloodPact+1"],"picked":"SKIP","floor":31.0},{"not_picked":["RedtheNightlessCastle","BloodCoagulation","FateConcerto+1"],"picked":"AllTheWorldInNightmare+1","floor":33.0},{"not_picked":["TricksterDevil+1","ThePrice+1","BloodCollect+1","Exsanguinate+1"],"picked":"SKIP","floor":35.0},{"not_picked":["RocketKickup+1","StigmaNizer+1","FastHealing+1"],"picked":"ChainGang+1","floor":36.0},{"not_picked":["GradualImprovement","HandOfGreed","Dramatic Entrance"],"picked":"Enlightenment+1","floor":37.0},{"not_picked":["RocketKickup+1","Warpath+1","LifeBreak+1","BodyStrengthen+1"],"picked":"SKIP","floor":41},{"not_picked":["StigmaNizer+1","RocketKickup+1","BathedInBlood","NaturallyHealing"],"picked":"SKIP","floor":44}],"player_experience":32953,"relics_obtained":[{"floor":8.0,"key":"Orichalcum"},{"floor":9.0,"key":"Question Card"},{"floor":10.0,"key":"DemoMod:GreenGuonStone"},{"floor":12.0,"key":"Bag of Preparation"},{"floor":13.0,"key":"Mango"},{"floor":17.0,"key":"DemoMod:GundromedaStrain"},{"floor":17.0,"key":"Toxic Egg 2"},{"floor":17.0,"key":"Happy Flower"},{"floor":23.0,"key":"Potion Belt"},{"floor":24.0,"key":"Lantern"},{"floor":26.0,"key":"Dream Catcher"},{"floor":32.0,"key":"DemoMod:WeirdEgg"},{"floor":43,"key":"War Paint"},{"floor":45,"key":"Meat on the Bone"},{"floor":49,"key":"Bag of Marbles"}],"event_choices":[{"damage_healed":0.0,"max_hp_gain":0.0,"max_hp_loss":0.0,"gold_gain":0.0,"event_name":"The Cleric","player_choice":"Leave","floor":5.0,"gold_loss":0.0,"damage_taken":0.0},{"damage_healed":0.0,"max_hp_gain":0.0,"max_hp_loss":0.0,"gold_gain":75.0,"event_name":"World of Goop","player_choice":"Gather Gold","floor":7.0,"gold_loss":0.0,"damage_taken":11.0},{"cards_removed":["Strike_Remiria"],"damage_healed":0.0,"max_hp_gain":0.0,"max_hp_loss":0.0,"gold_gain":0.0,"event_name":"Golden Wing","player_choice":"Card Removal","floor":11.0,"gold_loss":0.0,"damage_taken":7.0},{"damage_healed":0.0,"max_hp_gain":0.0,"max_hp_loss":0.0,"gold_gain":0.0,"event_name":"SensoryStone","player_choice":"Memory 1","floor":37.0,"gold_loss":0.0,"damage_taken":0.0},{"damage_healed":0.0,"max_hp_gain":0.0,"max_hp_loss":0.0,"gold_gain":0.0,"event_name":"Winding Halls","player_choice":"Embrace Madness","floor":38.0,"gold_loss":0.0,"damage_taken":15.0,"cards_obtained":["Madness","Madness"]}],"is_beta":false,"boss_relics":[{"not_picked":["Coffee Dripper","Cursed Key"],"picked":"Calling Bell"},{"not_picked":["Sozu","Velvet Choker"],"picked":"Astrolabe"}],"items_purged_floors":[2],"is_endless":false,"potions_floor_spawned":[4,10,14,16,18,21,27,29,33,44,48],"ascension_level":0}}