{"host":"37dk0reb6x0du8wx","time":1609413319,"event":{"mods":["BaseMod","Colored Map","DeckTracker","Minty Spire (QoL Compilation)","Quick Restart","StSLib","SuperFastMode","The Dragon Tamer"],"gold_per_floor":[111,123,54,4,4,31,31,60,111,136,136,167,167,184,184,280,280,295,314,340,357,357,357,368,396,420,420,360,377,377,377,377,474,474,489,489,509,113,113,113,127,138,138,138,138,38,58,77,77,77],"floor_reached":51,"playtime":1265,"items_purged":["Defend_B","Defend_B"],"score":854,"play_id":"593be1d3-7861-43a5-8a82-f2c75e8c793b","local_time":"20201231201519","is_ascension_mode":true,"campfire_choices":[{"data":"Defragment","floor":7,"key":"SMITH"},{"floor":15,"key":"REST"},{"floor":23,"key":"REST"},{"floor":27,"key":"REST"},{"floor":30,"key":"REST"},{"floor":32,"key":"REST"},{"data":"Zap","floor":40,"key":"SMITH"},{"floor":44,"key":"REST"},{"floor":49,"key":"REST"}],"circlet_count":0,"master_deck":["Defend_B","Defend_B","Zap+1","Dualcast","Conserve Battery","Defragment+1","Ball Lightning","Consume+1","Redo+1","Double Energy+1","Reinforced Body+1","Leap+1","Self Repair+1","Madness+1"],"relics":["Cracked Core","NeowsBlessing","Regal Pillow","Bottled Tornado","Du-Vu Doll","Juzu Bracelet","Toxic Egg 2","Bag of Preparation","Philosopher\u0027s Stone","Art of War","Red Mask","Pen Nib","MutagenicStrength","Inserter","Incense Burner","Orichalcum"],"acts_visited":["Exordium","TheCity","TheBeyond"],"potions_floor_usage":[10,12,25,25,29,33,50,50],"damage_taken":[{"damage":0,"enemies":"Jaw Worm","floor":1,"turns":1},{"damage":0,"enemies":"Small Slimes","floor":2,"turns":1},{"damage":9,"enemies":"3 Sentries","floor":6,"turns":2},{"damage":6,"enemies":"Gremlin Nob","floor":8,"turns":3},{"damage":16,"enemies":"Lagavulin","floor":10,"turns":6},{"damage":13,"enemies":"Gremlin Nob","floor":12,"turns":3},{"damage":0,"enemies":"Cultist","floor":14,"turns":3},{"damage":28,"enemies":"Hexaghost","floor":16,"turns":8},{"damage":25,"enemies":"Shell Parasite","floor":18,"turns":5},{"damage":9,"enemies":"3 Byrds","floor":19,"turns":4},{"damage":15,"enemies":"Snecko","floor":21,"turns":4},{"damage":14,"enemies":"Snake Plant","floor":24,"turns":3},{"damage":30,"enemies":"Masked Bandits","floor":25,"turns":5},{"damage":30,"enemies":"Shelled Parasite and Fungi","floor":29,"turns":4},{"damage":45,"enemies":"Collector","floor":33,"turns":11},{"damage":2,"enemies":"Orb Walker","floor":35,"turns":4},{"damage":7,"enemies":"3 Shapes","floor":37,"turns":3},{"damage":5,"enemies":"Writhing Mass","floor":41,"turns":5},{"damage":8,"enemies":"Jaw Worm Horde","floor":42,"turns":5},{"damage":19,"enemies":"Spire Growth","floor":47,"turns":5},{"damage":20,"enemies":"Maw","floor":48,"turns":7},{"damage":51,"enemies":"Time Eater","floor":50,"turns":10}],"seed_played":"-1889582121148097093","potions_obtained":[{"floor":6,"key":"LiquidMemories"},{"floor":8,"key":"SpeedPotion"},{"floor":12,"key":"Swift Potion"},{"floor":14,"key":"Block Potion"},{"floor":18,"key":"Swift Potion"},{"floor":29,"key":"Explosive Potion"},{"floor":36,"key":"Dexterity Potion"},{"floor":36,"key":"SneckoOil"},{"floor":36,"key":"CultistPotion"}],"is_trial":false,"path_per_floor":["M","M","$","?","?","E","R","E","T","E","?","E","?","M","R","B",null,"M","M","T","M","?","R","M","?","T","R","?","M","R","?","R","B",null,"M","?","M","$","?","R","M","M","T","R","?","$","M","M","R","B",null],"character_chosen":"DEFECT","items_purchased":["Defragment","Incense Burner","Leap+1"],"campfire_rested":7,"item_purchase_floors":[3,38,38],"current_hp_per_floor":[75,75,75,75,63,54,54,48,48,32,32,19,19,19,56,28,75,50,41,41,26,12,51,37,7,7,46,46,16,55,55,80,35,80,78,78,71,71,71,71,66,58,58,76,76,76,67,57,76,25],"gold":77,"neow_bonus":"THREE_ENEMY_KILL","is_daily":false,"chose_seed":false,"campfire_upgraded":2,"win_rate":0.0,"timestamp":1609413319,"path_taken":["M","M","$","?","?","E","R","E","T","E","?","E","?","M","R","BOSS","M","M","?","M","?","R","M","?","T","R","?","M","R","?","R","BOSS","M","?","M","$","?","R","M","M","T","R","?","$","M","M","R","BOSS"],"items_purchased_type":["Card","Relic","Card"],"build_version":"2020-12-22","purchased_purges":2,"victory":true,"max_hp_per_floor":[75,75,75,75,75,75,75,75,75,75,75,75,75,75,75,75,75,75,75,75,75,80,80,80,80,80,80,80,80,80,80,80,80,80,80,80,80,80,76,76,76,76,76,76,76,76,76,76,76,76],"card_choices":[{"not_picked":["Streamline","Hologram"],"picked":"Conserve Battery","floor":1},{"not_picked":["Double Energy","Glacier","Steam Power"],"picked":"SKIP","floor":2},{"not_picked":["Core Surge","Reprogram"],"picked":"Ball Lightning","floor":6},{"not_picked":["Beam Cell","Compile Driver","Fusion"],"picked":"SKIP","floor":8},{"not_picked":["Self Repair","Go for the Eyes"],"picked":"Consume+1","floor":10},{"not_picked":["White Noise+1","Cold Snap"],"picked":"Redo+1","floor":12},{"not_picked":["Steam+1","Static Discharge","Cold Snap"],"picked":"SKIP","floor":14},{"not_picked":["Cold Snap","Rebound"],"picked":"Double Energy+1","floor":18},{"not_picked":["Beam Cell","Compile Driver","Heatsinks"],"picked":"SKIP","floor":19},{"not_picked":["Meteor Strike","Steam Power+1","Coolheaded+1"],"picked":"SKIP","floor":21},{"not_picked":["Compile Driver","Turbo+1","Glacier+1"],"picked":"SKIP","floor":24},{"not_picked":["Force Field+1","Stack+1"],"picked":"Reinforced Body+1","floor":29},{"not_picked":["Cold Snap","Compile Driver+1","Conserve Battery+1"],"picked":"SKIP","floor":35},{"not_picked":["Darkness+1","Beam Cell","Sunder"],"picked":"SKIP","floor":37},{"not_picked":["Capacitor","Streamline+1","Storm+1"],"picked":"SKIP","floor":41},{"not_picked":["Double Energy+1","Reprogram+1"],"picked":"Self Repair+1","floor":42},{"not_picked":["Mind Blast","Purity+1"],"picked":"Madness+1","floor":45},{"not_picked":["Turbo+1","FTL","Streamline+1"],"picked":"SKIP","floor":47},{"not_picked":["Conserve Battery+1","Reprogram+1","Steam+1"],"picked":"SKIP","floor":48}],"player_experience":105420,"relics_obtained":[{"floor":6,"key":"Bottled Tornado"},{"floor":8,"key":"Du-Vu Doll"},{"floor":9,"key":"Juzu Bracelet"},{"floor":10,"key":"Toxic Egg 2"},{"floor":12,"key":"Bag of Preparation"},{"floor":20,"key":"Art of War"},{"floor":25,"key":"Red Mask"},{"floor":26,"key":"Pen Nib"},{"floor":43,"key":"Orichalcum"}],"event_choices":[{"cards_removed":["Strike_B"],"damage_healed":0,"gold_gain":0,"player_choice":"Card Removal","damage_taken":0,"max_hp_gain":0,"max_hp_loss":0,"event_name":"The Cleric","floor":4,"gold_loss":50},{"damage_healed":0,"gold_gain":0,"player_choice":"Success","damage_taken":12,"relics_obtained":["Regal Pillow"],"max_hp_gain":0,"max_hp_loss":0,"event_name":"Scrap Ooze","floor":5,"gold_loss":0},{"cards_removed":["Strike_B"],"damage_healed":0,"gold_gain":0,"player_choice":"Forget","damage_taken":0,"max_hp_gain":0,"max_hp_loss":0,"event_name":"Living Wall","floor":11,"gold_loss":0},{"cards_removed":["Strike_B"],"damage_healed":0,"gold_gain":0,"player_choice":"Purged","damage_taken":0,"max_hp_gain":0,"max_hp_loss":0,"event_name":"Purifier","floor":13,"gold_loss":0},{"damage_healed":0,"gold_gain":0,"player_choice":"Shed Blood","damage_taken":19,"max_hp_gain":5,"max_hp_loss":0,"event_name":"Forgotten Altar","floor":22,"gold_loss":0},{"damage_healed":0,"gold_gain":0,"player_choice":"Fought Bandits","damage_taken":0,"max_hp_gain":0,"max_hp_loss":0,"event_name":"Masked Bandits","floor":25,"gold_loss":0},{"cards_removed":["Strike_B"],"damage_healed":0,"gold_gain":0,"player_choice":"Single Remove","damage_taken":0,"max_hp_gain":0,"max_hp_loss":0,"event_name":"Designer","floor":28,"gold_loss":60},{"damage_healed":0,"gold_gain":0,"player_choice":"Inject Mutagens","damage_taken":0,"relics_obtained":["MutagenicStrength"],"max_hp_gain":0,"max_hp_loss":0,"event_name":"Drug Dealer","floor":31,"gold_loss":0},{"damage_healed":0,"gold_gain":0,"player_choice":"Got Potions","damage_taken":0,"max_hp_gain":0,"max_hp_loss":0,"event_name":"Lab","floor":36,"gold_loss":0},{"damage_healed":0,"gold_gain":0,"player_choice":"Max HP","damage_taken":0,"max_hp_gain":0,"max_hp_loss":4,"event_name":"Winding Halls","floor":39,"gold_loss":0},{"damage_healed":0,"gold_gain":0,"player_choice":"Memory 1","damage_taken":0,"max_hp_gain":0,"max_hp_loss":0,"event_name":"SensoryStone","floor":45,"gold_loss":0}],"is_beta":false,"boss_relics":[{"not_picked":["Black Star","Velvet Choker"],"picked":"Philosopher\u0027s Stone"},{"not_picked":["Tiny House","Astrolabe"],"picked":"Inserter"}],"items_purged_floors":[38,46],"is_endless":false,"potions_floor_spawned":[6,8,12,14,18,21,29,37,41,47],"ascension_level":1}}