{"host":"6p0attdrtjqaih7v","time":1609446240,"event":{"mods":["2.2 Compatiblity","AchievementEnabler","Bard","BaseMod","Better Skull","Better Third Choice","Colored Powertips","Hermit","Highlight Path","Jorbs\u0027s Wanderer Trilogy","Key Reminder","Minty Spire (QoL Compilation)","Permanent Neow","Quick Restart","Random Character Button","Relic Stats","Replay The Spire","StSLib","The Construct"],"gold_per_floor":[109,109,127,139,152,172,152,152,152,187,187,207,237,256,256,333,333,343,343,21,32,57,89,89,116,116,131,131,157,157,218,218,218,218],"floor_reached":33,"playtime":1671,"items_purged":["hermit:Strike_Hermit"],"score":606,"play_id":"432bcfdd-07ca-41bd-9a4f-304513284248","local_time":"20201231152400","is_ascension_mode":true,"campfire_choices":[{"data":"hermit:WideOpen","floor":8,"key":"SMITH"},{"data":"hermit:Snapshot","floor":11,"key":"SMITH"},{"data":"hermit:FlashPowder","floor":15,"key":"SMITH"},{"data":"hermit:Determination","floor":24,"key":"SMITH"},{"floor":30,"key":"REST"},{"floor":32,"key":"REST"}],"circlet_count":0,"master_deck":["AscendersBane","hermit:Strike_Hermit","hermit:Strike_Hermit","hermit:Strike_Hermit","hermit:Defend_Hermit","hermit:Defend_Hermit","hermit:Defend_Hermit","hermit:Snapshot+1","hermit:Covet","hermit:BodyArmor","hermit:Snipe","hermit:Enervate","hermit:BodyArmor","hermit:WideOpen+1","hermit:CursedWeapon","hermit:HeroicBravado","hermit:LoneWolf","hermit:FlashPowder+1","hermit:DeadOrAlive+1","hermit:Headshot","hermit:Determination+1","hermit:Headshot","hermit:PistolWhip","Doubt","hermit:Headshot","Decay","hermit:Scavenge+1","hermit:Determination"],"relics":["Velvet Choker","Unceasing Top","hermit:Spyglass","Shovel","Cursed Key","ClockworkSouvenir","Blue Doll","Sundial","Matryoshka","Anchor"],"acts_visited":["Exordium","TheCity"],"potions_floor_usage":[6,10,13,16,16,25,27,31],"damage_taken":[{"damage":2,"enemies":"Jaw Worm","floor":1,"turns":3},{"damage":1,"enemies":"Cultist","floor":3,"turns":3},{"damage":4,"enemies":"Small Slimes","floor":4,"turns":3},{"damage":8,"enemies":"3 Louse","floor":5,"turns":3},{"damage":9,"enemies":"Exordium Thugs","floor":6,"turns":4},{"damage":9,"enemies":"Lagavulin","floor":10,"turns":7},{"damage":4,"enemies":"Exordium Wildlife","floor":12,"turns":4},{"damage":8,"enemies":"3 Sentries","floor":13,"turns":9},{"damage":2,"enemies":"2 Fungi Beasts","floor":14,"turns":3},{"damage":9,"enemies":"The Guardian","floor":16,"turns":16},{"damage":4,"enemies":"3 Byrds","floor":18,"turns":7},{"damage":3,"enemies":"Shell Parasite","floor":21,"turns":4},{"damage":10,"enemies":"Cultist and Chosen","floor":22,"turns":5},{"damage":3,"enemies":"Centurion and Healer","floor":23,"turns":4},{"damage":3,"enemies":"Gremlin Leader","floor":25,"turns":6},{"damage":2,"enemies":"Snecko","floor":27,"turns":3},{"damage":21,"enemies":"Replay:Snechameleon","floor":29,"turns":5},{"damage":18,"enemies":"Slavers","floor":31,"turns":4},{"damage":35,"enemies":"Automaton","floor":33,"turns":4}],"seed_played":"-7048478616581221088","potions_obtained":[{"floor":1,"key":"Dexterity Potion"},{"floor":3,"key":"PowerPotion"},{"floor":7,"key":"EntropicBrew"},{"floor":22,"key":"Elixir"},{"floor":23,"key":"AttackPotion"},{"floor":25,"key":"hermit:Tonic"},{"floor":29,"key":"Energy Potion"}],"is_trial":false,"path_per_floor":["M","?","M","M","M","M","?","R","T","E","R","M","E","M","R","B",null,"M","?","$","M","M","M","R","E","T","M","?","E","R","E","R","B"],"character_chosen":"HERMIT","items_purchased":["hermit:Determination","ClockworkSouvenir"],"campfire_rested":2,"item_purchase_floors":[20,20],"current_hp_per_floor":[62,62,61,57,49,40,40,40,40,31,31,27,19,17,17,8,55,51,51,51,48,38,35,35,32,32,30,30,9,30,12,33,0,0],"gold":218,"neow_bonus":"BOSS_RELIC","is_daily":false,"chose_seed":false,"campfire_upgraded":4,"win_rate":0.0,"timestamp":1609446240,"path_taken":["M","?","?","M","M","?","?","R","T","E","R","?","E","M","R","BOSS","M","?","?","M","M","M","R","E","T","M","?","E","R","E","R","BOSS"],"items_purchased_type":["Card","Relic"],"build_version":"2020-12-22","purchased_purges":1,"victory":false,"max_hp_per_floor":[71,71,71,71,71,71,71,71,71,71,71,71,71,71,71,71,71,71,71,71,71,71,71,71,71,71,71,71,71,71,71,71,71,71],"relic_stats":{"Shovel":0,"counters":[19,97],"Sundial":[0],"Cursed Key":1,"obtain_stats":[{"Anchor":31,"Shovel":13,"Matryoshka":29,"Sundial":26,"Velvet Choker":0,"Blue Doll":25,"Cursed Key":17,"hermit:Momento":0,"Unceasing Top":9,"hermit:Spyglass":10,"ClockworkSouvenir":20},{"Anchor":18,"Shovel":8,"Matryoshka":17,"Sundial":15,"Velvet Choker":0,"Blue Doll":15,"Cursed Key":10,"hermit:Momento":0,"Unceasing Top":5,"hermit:Spyglass":6,"ClockworkSouvenir":11},{"Anchor":93,"Shovel":36,"Matryoshka":89,"Sundial":81,"Velvet Choker":0,"Blue Doll":81,"Cursed Key":55,"hermit:Momento":0,"Unceasing Top":16,"hermit:Spyglass":23,"ClockworkSouvenir":62}],"Unceasing Top":[25]},"card_choices":[{"not_picked":["hermit:Showdown","hermit:HoleUp"],"picked":"hermit:BodyArmor","floor":1},{"not_picked":["hermit:Misfire","hermit:Feint"],"picked":"hermit:Snipe","floor":3},{"not_picked":["hermit:Deadeye","hermit:Coalescence"],"picked":"hermit:Enervate","floor":4},{"not_picked":["hermit:FullyLoaded","hermit:ItchyTrigger"],"picked":"hermit:BodyArmor","floor":5},{"not_picked":["hermit:Headshot","hermit:Dive"],"picked":"hermit:WideOpen","floor":6},{"not_picked":["hermit:LoneWolf","hermit:Spite"],"picked":"hermit:CursedWeapon","floor":10},{"not_picked":["hermit:EyeOfTheStorm","hermit:SprayPray"],"picked":"hermit:HeroicBravado","floor":12},{"not_picked":["hermit:Headshot","hermit:Manifest"],"picked":"hermit:LoneWolf","floor":13},{"not_picked":["hermit:HighCaliber","hermit:Ricochet"],"picked":"hermit:FlashPowder","floor":14},{"not_picked":["hermit:OverwhelmingPower","hermit:FinalCanter"],"picked":"hermit:DeadOrAlive","floor":16},{"not_picked":["hermit:Ricochet","hermit:Dive"],"picked":"hermit:Headshot","floor":18},{"not_picked":["hermit:Virtue","hermit:Glare","hermit:WideOpen"],"picked":"SKIP","floor":21},{"not_picked":["hermit:Scavenge","hermit:Coalescence"],"picked":"hermit:Headshot","floor":22},{"not_picked":["hermit:CursedWeapon","hermit:LowProfile"],"picked":"hermit:PistolWhip","floor":23},{"not_picked":["hermit:CalledShot","hermit:CursedWeapon","hermit:Maintenance"],"picked":"SKIP","floor":25},{"not_picked":["hermit:Malice","hermit:WideOpen"],"picked":"hermit:Headshot","floor":27},{"not_picked":["hermit:Malice","hermit:GhostlyPresence"],"picked":"hermit:Scavenge+1","floor":29},{"not_picked":["hermit:TrackingShot","hermit:Misfire"],"picked":"hermit:Determination","floor":31}],"player_experience":934203,"relics_obtained":[{"floor":9,"key":"Unceasing Top"},{"floor":10,"key":"hermit:Spyglass"},{"floor":13,"key":"Shovel"},{"floor":25,"key":"Blue Doll"},{"floor":26,"key":"Sundial"},{"floor":29,"key":"Matryoshka"},{"floor":31,"key":"Anchor"}],"event_choices":[{"cards_removed":["hermit:Defend_Hermit"],"damage_healed":0,"gold_gain":0,"player_choice":"Offered Basic","damage_taken":0,"max_hp_gain":0,"max_hp_loss":0,"event_name":"Bonfire Elementals","floor":2,"gold_loss":0},{"damage_healed":0,"gold_gain":0,"player_choice":"Bought 1 Potion","damage_taken":0,"max_hp_gain":0,"max_hp_loss":0,"event_name":"The Woman in Blue","floor":7,"gold_loss":0},{"damage_healed":0,"gold_gain":0,"player_choice":"Upgraded","damage_taken":0,"max_hp_gain":0,"max_hp_loss":0,"event_name":"Upgrade Shrine","floor":19,"gold_loss":0,"cards_upgraded":["hermit:DeadOrAlive"]},{"damage_healed":0,"gold_gain":0,"player_choice":"Smashed Altar","damage_taken":0,"max_hp_gain":0,"max_hp_loss":0,"event_name":"Forgotten Altar","floor":28,"gold_loss":0,"cards_obtained":["Decay"]}],"is_beta":false,"boss_relics":[{"not_picked":["ChewingGum","Sozu"],"picked":"Cursed Key"}],"items_purged_floors":[20],"is_endless":false,"potions_floor_spawned":[1,3,5,13,14,22,23,25,29],"killed_by":"Automaton","ascension_level":18}}