{"host":"Zion","time":1609381613,"event":{"mods":["AchievementEnabler","BaseMod","Colored Map","DeckTracker","Minty Spire (QoL Compilation)","Quick Restart","Rare Cards Sparkle"],"gold_per_floor":[119,69,69,89,20,51,51,81,104,132,152,162,162,182,182,281,281,296,246,296,308,308,323,351,370,370,370,390,409,69,99,99,196,196,216,216,132,150,170,170,199,219,246,301,332,282,282,313,313,313,313,313,109,139,139],"floor_reached":56,"playtime":4139,"items_purged":["Strike_R","Strike_R+1","Defend_R","Defend_R","Defend_R"],"score":1839,"play_id":"8c0eebbe-1ca4-41df-b138-5e52f75183a9","local_time":"20201231112653","is_ascension_mode":true,"campfire_choices":[{"data":"Bash","floor":7.0,"key":"SMITH"},{"data":"Inflame","floor":13.0,"key":"SMITH"},{"data":"Shrug It Off","floor":15.0,"key":"SMITH"},{"data":"Immolate","floor":27.0,"key":"SMITH"},{"data":"Second Wind","floor":32.0,"key":"SMITH"},{"data":"Battle Trance","floor":40.0,"key":"SMITH"},{"floor":47,"key":"RECALL"},{"floor":49,"key":"DIG"},{"data":"Power Through","floor":52,"key":"SMITH"}],"circlet_count":0,"master_deck":["Defend_R","Bash+1","Inflame+1","Shrug It Off+1","Second Wind+1","Pommel Strike+1","Reaper","Battle Trance+1","Immolate+1","Dual Wield","Power Through+1","Demon Form","Feel No Pain","Barricade","Body Slam+1"],"relics":["Black Blood","NeowsBlessing","Anchor","Smiling Mask","Whetstone","StrikeDummy","CaptainsWheel","HornCleat","Incense Burner","Juzu Bracelet","Velvet Choker","Shovel","Thread and Needle","Sundial","Meat on the Bone","Oddly Smooth Stone","TheAbacus","Letter Opener"],"acts_visited":["Exordium","TheCity","TheBeyond","TheEnding"],"potions_floor_usage":[55],"damage_taken":[{"damage":0.0,"enemies":"Cultist","floor":1.0,"turns":1.0},{"damage":0.0,"enemies":"2 Louse","floor":4.0,"turns":1.0},{"damage":0.0,"enemies":"3 Sentries","floor":6.0,"turns":2.0},{"damage":14.0,"enemies":"Lagavulin","floor":8.0,"turns":7.0},{"damage":0.0,"enemies":"3 Sentries","floor":10.0,"turns":7.0},{"damage":0.0,"enemies":"Jaw Worm","floor":11.0,"turns":2.0},{"damage":0.0,"enemies":"Red Slaver","floor":12.0,"turns":4.0},{"damage":6.0,"enemies":"Exordium Thugs","floor":14.0,"turns":4.0},{"damage":16.0,"enemies":"The Guardian","floor":16.0,"turns":10.0},{"damage":25.0,"enemies":"3 Byrds","floor":18.0,"turns":4.0},{"damage":17.0,"enemies":"Spheric Guardian","floor":21.0,"turns":4.0},{"damage":8.0,"enemies":"Snake Plant","floor":23.0,"turns":4.0},{"damage":51.0,"enemies":"Book of Stabbing","floor":24.0,"turns":7.0},{"damage":18.0,"enemies":"3 Cultists","floor":25.0,"turns":4.0},{"damage":0.0,"enemies":"Cultist and Chosen","floor":28.0,"turns":4.0},{"damage":20.0,"enemies":"Shelled Parasite and Fungi","floor":29.0,"turns":6.0},{"damage":41.0,"enemies":"Gremlin Leader","floor":31.0,"turns":5.0},{"damage":31.0,"enemies":"Champ","floor":33.0,"turns":14.0},{"damage":1.0,"enemies":"3 Shapes","floor":35.0,"turns":5.0},{"damage":11.0,"enemies":"Orb Walker","floor":38.0,"turns":5.0},{"damage":39.0,"enemies":"Spire Growth","floor":39.0,"turns":8.0},{"damage":89,"enemies":"Giant Head","floor":41,"turns":10},{"damage":12,"enemies":"3 Darklings","floor":42,"turns":3},{"damage":16,"enemies":"2 Orb Walkers","floor":44,"turns":7},{"damage":6,"enemies":"Nemesis","floor":45,"turns":7},{"damage":0,"enemies":"Giant Head","floor":48,"turns":8},{"damage":0,"enemies":"Awakened One","floor":50,"turns":25},{"damage":0,"enemies":"Shield and Spear","floor":54,"turns":12},{"damage":27,"enemies":"The Heart","floor":55,"turns":8}],"seed_played":"9156194620748885648","potions_obtained":[{"floor":4.0,"key":"Energy Potion"},{"floor":6.0,"key":"LiquidBronze"},{"floor":14.0,"key":"ColorlessPotion"},{"floor":16.0,"key":"Explosive Potion"},{"floor":18.0,"key":"GamblersBrew"},{"floor":28.0,"key":"SmokeBomb"},{"floor":29.0,"key":"Fire Potion"},{"floor":33.0,"key":"PowerPotion"},{"floor":36.0,"key":"FairyPotion"},{"floor":36.0,"key":"EntropicBrew"},{"floor":54,"key":"Dexterity Potion"}],"is_trial":false,"path_per_floor":["M","?","?","M","$","E","R","E","T","E","M","M","R","M","R","B",null,"M","$","?","M","?","M","E","M","T","R","M","M","$","E","R","B",null,"M","?","$","M","M","R","E","M","T","?","E","$","R","E","R","B",null,"R","$","E","B",null],"character_chosen":"IRONCLAD","items_purchased":["Second Wind","Incense Burner","Feel No Pain","TheAbacus"],"campfire_rested":0,"item_purchase_floors":[5,30,37,53],"current_hp_per_floor":[78,78,78,80,80,80,80,72,72,78,80,80,80,80,80,80,80,80,80,80,80,80,80,41,56,56,56,80,72,72,64,64,55,74,80,80,80,80,78,78,67,67,67,63,80,80,80,80,80,80,80,80,80,80,80],"gold":139,"neow_bonus":"THREE_ENEMY_KILL","is_daily":false,"chose_seed":false,"campfire_upgraded":7,"win_rate":0.0,"timestamp":1609381613,"path_taken":["M","?","?","M","$","E","R","E","T","E","M","M","R","M","R","BOSS","M","$","?","?","?","M","E","M","T","R","M","M","$","E","R","BOSS","M","?","$","M","M","R","E","M","T","?","E","$","R","E","R","BOSS","R","$","E","BOSS"],"items_purchased_type":["Card","Relic","Card","Relic"],"build_version":"2020-12-18","purchased_purges":5,"victory":true,"max_hp_per_floor":[80,80,80,80,80,80,80,80,80,80,80,80,80,80,80,80,80,80,80,80,80,80,80,80,80,80,80,80,80,80,80,80,80,80,80,80,80,80,80,80,80,80,80,80,80,80,80,80,80,80,80,80,80,80,80],"card_choices":[{"not_picked":["Body Slam","Havoc"],"picked":"Inflame","floor":1.0},{"not_picked":["Body Slam","Perfected Strike"],"picked":"Shrug It Off","floor":4.0},{"not_picked":["Warcry","Headbutt"],"picked":"Pommel Strike","floor":6.0},{"not_picked":["Body Slam","Warcry","Armaments"],"picked":"SKIP","floor":8.0},{"not_picked":["Disarm","True Grit"],"picked":"Reaper","floor":10.0},{"not_picked":["Anger","Sentinel","Cleave"],"picked":"SKIP","floor":11.0},{"not_picked":["Thunderclap","Combust"],"picked":"Battle Trance","floor":12.0},{"not_picked":["Clothesline","Dropkick","Feel No Pain"],"picked":"SKIP","floor":14.0},{"not_picked":["Fiend Fire","Bludgeon"],"picked":"Immolate","floor":16.0},{"not_picked":["Clash","Rupture","Warcry"],"picked":"SKIP","floor":18.0},{"not_picked":["Havoc","Body Slam+1","Warcry"],"picked":"SKIP","floor":21.0},{"not_picked":["Spot Weakness","Flex","Sword Boomerang"],"picked":"SKIP","floor":23.0},{"not_picked":["Body Slam","Havoc"],"picked":"Dual Wield","floor":24.0},{"not_picked":["Clash","Thunderclap","Fire Breathing"],"picked":"SKIP","floor":25.0},{"not_picked":["Anger+1","Armaments+1"],"picked":"Power Through","floor":28.0},{"not_picked":["Clash","Whirlwind","Armaments"],"picked":"SKIP","floor":29.0},{"not_picked":["Burning Pact","Havoc","Entrench"],"picked":"SKIP","floor":31.0},{"not_picked":["Immolate","Juggernaut"],"picked":"Demon Form","floor":33.0},{"not_picked":["Thunderclap+1","Wild Strike","Heavy Blade"],"picked":"SKIP","floor":35.0},{"not_picked":["Body Slam","Twin Strike+1","Thunderclap"],"picked":"SKIP","floor":38.0},{"not_picked":["Perfected Strike+1","Clash","Armaments"],"picked":"SKIP","floor":39.0},{"not_picked":["Rupture+1","Bludgeon","Cleave+1"],"picked":"SKIP","floor":41},{"not_picked":["Pommel Strike+1","Ghostly Armor+1","Infernal Blade+1"],"picked":"SKIP","floor":42},{"not_picked":["Headbutt","Iron Wave"],"picked":"Barricade","floor":45},{"not_picked":["Bloodletting+1","Sever Soul","Iron Wave"],"picked":"SKIP","floor":48},{"not_picked":["Twin Strike","Pommel Strike+1"],"picked":"Body Slam+1","floor":54}],"player_experience":202240,"relics_obtained":[{"floor":6.0,"key":"Anchor"},{"floor":8.0,"key":"Smiling Mask"},{"floor":9.0,"key":"Whetstone"},{"floor":10.0,"key":"StrikeDummy"},{"floor":24.0,"key":"CaptainsWheel"},{"floor":26.0,"key":"HornCleat"},{"floor":31.0,"key":"Juzu Bracelet"},{"floor":41,"key":"Shovel"},{"floor":44,"key":"Thread and Needle"},{"floor":45,"key":"Sundial"},{"floor":48,"key":"Meat on the Bone"},{"floor":49,"key":"Oddly Smooth Stone"},{"floor":54,"key":"Letter Opener"}],"event_choices":[{"cards_removed":["Strike_R"],"damage_healed":0.0,"max_hp_gain":0.0,"max_hp_loss":0.0,"gold_gain":0.0,"event_name":"The Cleric","player_choice":"Card Removal","floor":2.0,"gold_loss":50.0,"damage_taken":0.0},{"cards_removed":["Strike_R"],"damage_healed":0.0,"max_hp_gain":0.0,"max_hp_loss":0.0,"gold_gain":0.0,"event_name":"Living Wall","player_choice":"Forget","floor":3.0,"gold_loss":0.0,"damage_taken":0.0},{"damage_healed":0.0,"max_hp_gain":0.0,"max_hp_loss":0.0,"gold_gain":100.0,"event_name":"The Joust","player_choice":"Bet on Murderer","floor":20.0,"gold_loss":50.0,"damage_taken":0.0},{"cards_removed":["Strike_R"],"damage_healed":0.0,"max_hp_gain":0.0,"max_hp_loss":0.0,"gold_gain":0.0,"event_name":"Back to Basics","player_choice":"Elegance","floor":22.0,"gold_loss":0.0,"damage_taken":0.0},{"damage_healed":0.0,"max_hp_gain":0.0,"max_hp_loss":0.0,"gold_gain":0.0,"event_name":"Lab","player_choice":"Got Potions","floor":36.0,"gold_loss":0.0,"damage_taken":0.0},{"damage_healed":0,"gold_gain":0,"player_choice":"Fight","damage_taken":0,"max_hp_gain":0,"max_hp_loss":0,"event_name":"Mysterious Sphere","floor":44,"gold_loss":0}],"is_beta":true,"boss_relics":[{"not_picked":["Philosopher\u0027s Stone","SacredBark"],"picked":"Black Blood"},{"not_picked":["Runic Cube","Tiny House"],"picked":"Velvet Choker"}],"items_purged_floors":[19,30,37,46,53],"is_endless":false,"potions_floor_spawned":[4,6,14,16,18,28,29,33,35,45,48,54],"ascension_level":6}}