{"host":"acpsw8r33r8788yr","time":1609436091,"event":{"mods":["BaseMod","Better Altar","Better Skull","Better Third Choice","BetterRewards","Colored Map","Downfall","Hermit","Highlight Path","Hubris","Minty Spire (QoL Compilation)","Quick Restart","Replay The Spire","Robot Space Explorer","Shop Mod","StSLib","SuperFastMode","The Animator","The Bug Knight","The Construct","The Cursed","The Disciple","The Jungle","The Runesmith","The Senshi"],"gold_per_floor":[0,18,468,468,106,106,131,131,131,131,131,159,193,213,213,213,225,329,329,329,339,357,377,377,477,477,37,37,37,37],"floor_reached":28,"playtime":2127,"items_purged":["Slimebound:Icky","Regret","hubris:Disease"],"score":233,"play_id":"78f1aa98-333d-48e0-94ef-31c536141cf0","local_time":"20201231093451","is_ascension_mode":true,"campfire_choices":[{"data":"Guardian:TwinSlam","floor":1,"key":"SMITH"},{"floor":9,"key":"REST"},{"data":"hubris:EnhanceAbility","floor":11,"key":"SMITH"},{"floor":15,"key":"REST"},{"floor":20,"key":"DIG"}],"circlet_count":0,"master_deck":["Guardian:CurlUp","Guardian:TwinSlam+1","Guardian:ConstructionForm+1","Guardian:WalkerClaw+1","Slimebound:Icky","Slimebound:Icky","Guardian:Gem_Red","Guardian:Gem_Synthetic","Guardian:Recover","hubris:EnhanceAbility+1","expansioncontent:Collect","Guardian:ShieldSpikes","Guardian:Incinerate","Guardian:FloatingOrbs","Guardian:StasisField","Guardian:TimeBomb","Guardian:Emergency","Guardian:Gem_White","Guardian:RollAttack","Guardian:Orbwalk","Guardian:DonusPower","Guardian:StasisField","Guardian:Orbwalk","Guardian:Emergency","Guardian:DecasProtection","Shame","Guardian:ExploitGems","Guardian:FloatingOrbs","Guardian:Suspension","Guardian:Gem_Red","expansioncontent:YouAreMine","expansioncontent:DashGenerateEvil+1"],"relics":["Guardian:ModeShifter","Guardian:PickAxe","WingedGreaves","hubris:MysteriousPyramids","theSenshi:SailorFukuRelic","hubris:CrystalStatue","downfall:BrokenWingStatue","Pandora\u0027s Box","Blue Doll","theJungle:SneckoAutograph","downfall:GremlinSack","Replay:WaspNest","Frozen Eye","ReplayTheSpireMod:TigerMarble"],"acts_visited":["Exordium","theJungle:Jungle"],"potions_floor_usage":[18],"damage_taken":[{"damage":0,"enemies":"Small Slimes","floor":2,"turns":7},{"damage":11,"enemies":"Small Slimes","floor":4,"turns":9},{"damage":0,"enemies":"downfall:FleeingMerchant","floor":5,"turns":4},{"damage":20,"enemies":"Lagavulin","floor":12,"turns":8},{"damage":5,"enemies":"Gremlin Nob","floor":13,"turns":8},{"damage":3,"enemies":"Jaw Worm","floor":14,"turns":3},{"damage":0,"enemies":"2 Louse","floor":17,"turns":2},{"damage":24,"enemies":"downfall:Defect","floor":18,"turns":7},{"damage":0,"enemies":"theJungle:5_Spyders","floor":21,"turns":8},{"damage":0,"enemies":"theJungle:GiantWrat","floor":22,"turns":5},{"damage":38,"enemies":"theJungle:2_Snecko_Cultists","floor":23,"turns":8},{"damage":35,"enemies":"theJungle:2_Snecko_Cultists","floor":25,"turns":8},{"damage":0,"enemies":"downfall:FleeingMerchant","floor":27,"turns":4},{"damage":16,"enemies":"theJungle:Snecko_Cultist_And_Trap","floor":28,"turns":3}],"seed_played":"-5819581940232409716","potions_obtained":[{"floor":13,"key":"Elixir"},{"floor":14,"key":"Adrenaline Potion"}],"is_trial":false,"path_per_floor":["R","M","?","?","$","?","T","$","R","?","R","E","E","M","R","?","M","B",null,"R_BF","M","M","M","?","?","T","$","M"],"character_chosen":"GUARDIAN","items_purchased":["hubris:EnhanceAbility","expansioncontent:Collect","WingedGreaves","hubris:MysteriousPyramids","ReplayTheSpireMod:TigerMarble","expansioncontent:DashGenerateEvil+1","Block Potion"],"campfire_rested":2,"item_purchase_floors":[5,5,8,8,27,27,27],"current_hp_per_floor":[80,80,80,57,57,57,57,17,41,41,41,21,16,13,37,37,37,13,80,80,80,80,42,42,7,7,7,0,0,0],"gold":37,"neow_bonus":"THREE_RARE_CARDS","is_daily":false,"chose_seed":false,"campfire_upgraded":2,"win_rate":0.0,"timestamp":1609436091,"path_taken":["R","M","?","?","$","?","T","?","R","?","R","E","E","?","R","?","M","BOSS","R_BF","M","M","M","?","?","T","$","?"],"items_purchased_type":["Card","Card","Relic","Relic","Relic","Card","Potion"],"build_version":"2020-12-22","purchased_purges":3,"victory":false,"max_hp_per_floor":[80,80,80,80,80,80,80,80,80,80,80,80,80,80,80,80,80,80,80,80,80,80,80,80,80,80,80,80,80,80],"card_choices":[{"not_picked":["Guardian:Gem_Synthetic","Guardian:GemFire"],"picked":"Guardian:ConstructionForm","floor":0},{"not_picked":["Guardian:GuardianWhirl","Guardian:PrismaticBarrier"],"picked":"Guardian:WalkerClaw","floor":2},{"not_picked":["Guardian:TemporalStrike","Guardian:TemporalShield"],"picked":"Guardian:Recover","floor":5},{"not_picked":["Guardian:PiercingHide","Guardian:Planning"],"picked":"Guardian:Incinerate","floor":12},{"not_picked":["Guardian:ChargeCore","Guardian:Suspension","Guardian:GemFire"],"picked":"SKIP","floor":13},{"not_picked":["Guardian:TemporalStrike","Guardian:GuardianWhirl"],"picked":"Guardian:Gem_Purple","floor":14},{"not_picked":["Guardian:RollAttack","Guardian:TemporalStrike"],"picked":"Guardian:FloatingOrbs","floor":17},{"not_picked":["Guardian:Gem_Orange","Guardian:AncientConstruct"],"picked":"Guardian:StasisField","floor":18},{"not_picked":["Guardian:TemporalShield","Guardian:MultiBeam+1"],"picked":"Guardian:Orbwalk","floor":21},{"not_picked":["Guardian:Gem_Cyan","Guardian:GuardianWhirl"],"picked":"Guardian:Emergency","floor":22},{"not_picked":["Guardian:Planning","Guardian:ChargeCore"],"picked":"Guardian:DecasProtection","floor":23},{"not_picked":["Guardian:ChargeCore","Guardian:Suspension","Guardian:VentSteam+1"],"picked":"SKIP","floor":27}],"player_experience":411873,"relics_obtained":[{"floor":12,"key":"theSenshi:SailorFukuRelic"},{"floor":13,"key":"hubris:CrystalStatue"},{"floor":20,"key":"Blue Doll"},{"floor":25,"key":"downfall:GremlinSack"},{"floor":26,"key":"Replay:WaspNest"}],"event_choices":[{"damage_healed":0,"gold_gain":0,"cards_transformed":["Guardian:Strike_Guardian"],"player_choice":"Transformed","damage_taken":0,"max_hp_gain":0,"max_hp_loss":0,"event_name":"Transmorgrifier","floor":10,"gold_loss":0,"cards_obtained":["Guardian:ShieldSpikes"]}],"is_beta":false,"boss_relics":[{"not_picked":["Replay:Drink Me","Replay:Fungal Core"],"picked":"Pandora\u0027s Box"}],"items_purged_floors":[5,8,27],"is_endless":false,"potions_floor_spawned":[4,13,14],"killed_by":"theJungle:Snecko_Cultist_And_Trap","ascension_level":1}}