{"host":"1hv1kueuvc4r3rdp","time":1609438002,"event":{"mods":["AchievementEnabler","BaseMod","DeckTracker","Highlight Path","Minty Spire (QoL Compilation)","Permanent Neow","StSLib"],"gold_per_floor":[116,129,94,114,84,118,118,151,201,214,214,226,241,256,256,256,256],"floor_reached":16,"playtime":960,"items_purged":[],"score":177,"play_id":"9d8dc15b-ba92-4f29-b6d0-f1b230b82b8f","local_time":"20201231120642","is_ascension_mode":true,"campfire_choices":[{"floor":7,"key":"REST"},{"floor":15,"key":"REST"}],"circlet_count":0,"master_deck":["AscendersBane","Strike_G","Strike_G","Strike_G","Strike_G","Strike_G","Defend_G","Defend_G","Defend_G","Defend_G","Defend_G","Survivor","Neutralize","Flying Knee","Quick Slash","Backflip","Dagger Spray","Infinite Blades","Blade Dance"],"relics":["Ring of the Snake","Bag of Marbles","White Beast Statue","Anchor","MealTicket"],"acts_visited":["Exordium"],"potions_floor_usage":[13,16],"damage_taken":[{"damage":11,"enemies":"Jaw Worm","floor":1,"turns":5},{"damage":0,"enemies":"2 Louse","floor":2,"turns":2},{"damage":4,"enemies":"Cultist","floor":4,"turns":3},{"damage":1,"enemies":"Looter","floor":5,"turns":4},{"damage":54,"enemies":"Gremlin Nob","floor":6,"turns":5},{"damage":63,"enemies":"Lagavulin","floor":8,"turns":9},{"damage":0,"enemies":"3 Louse","floor":10,"turns":2},{"damage":0,"enemies":"2 Fungi Beasts","floor":12,"turns":1},{"damage":0,"enemies":"Blue Slaver","floor":13,"turns":3},{"damage":0,"enemies":"3 Louse","floor":14,"turns":1},{"damage":25,"enemies":"Hexaghost","floor":16,"turns":14}],"seed_played":"1135570674146074938","potions_obtained":[{"floor":4,"key":"FairyPotion"},{"floor":6,"key":"PowerPotion"},{"floor":8,"key":"DuplicationPotion"},{"floor":13,"key":"Weak Potion"}],"is_trial":false,"path_per_floor":["M","M","?","M","M","E","R","E","T","M","?","M","M","M","R","B"],"character_chosen":"THE_SILENT","items_purchased":[],"campfire_rested":2,"item_purchase_floors":[],"current_hp_per_floor":[52,52,69,65,64,10,31,1,1,1,1,1,1,1,22,0,0],"gold":256,"neow_bonus":"RANDOM_COMMON_RELIC","is_daily":false,"chose_seed":false,"campfire_upgraded":0,"win_rate":0.0,"timestamp":1609438002,"path_taken":["M","M","?","M","M","E","R","E","T","M","?","?","M","M","R","BOSS"],"items_purchased_type":[],"build_version":"2020-12-22","purchased_purges":0,"victory":false,"max_hp_per_floor":[70,70,70,70,70,70,70,70,70,70,70,70,70,70,70,70,70],"card_choices":[{"not_picked":["Endless Agony","Backflip"],"picked":"Flying Knee","floor":1},{"not_picked":["Prepared","Accuracy"],"picked":"Quick Slash","floor":2},{"not_picked":["Dodge and Roll","Slice"],"picked":"Backflip","floor":4},{"not_picked":["Prepared","Dagger Throw","Deflect"],"picked":"SKIP","floor":5},{"not_picked":["Backflip","Bane"],"picked":"Dagger Spray","floor":6},{"not_picked":["Underhanded Strike","Phantasmal Killer","Prepared"],"picked":"SKIP","floor":8},{"not_picked":["Slice","Blade Dance"],"picked":"Infinite Blades","floor":10},{"not_picked":["Quick Slash","Finisher","Acrobatics"],"picked":"SKIP","floor":12},{"not_picked":["Underhanded Strike","Poisoned Stab","Bane"],"picked":"SKIP","floor":13},{"not_picked":["Sucker Punch","Poisoned Stab","Endless Agony"],"picked":"SKIP","floor":14}],"player_experience":1124231,"relics_obtained":[{"floor":6,"key":"White Beast Statue"},{"floor":8,"key":"Anchor"},{"floor":9,"key":"MealTicket"}],"event_choices":[{"damage_healed":17,"gold_gain":0,"player_choice":"Healed","damage_taken":0,"max_hp_gain":0,"max_hp_loss":0,"event_name":"The Cleric","floor":3,"gold_loss":35},{"damage_healed":0,"gold_gain":0,"player_choice":"1 cards matched","damage_taken":0,"max_hp_gain":0,"max_hp_loss":0,"event_name":"Match and Keep!","floor":11,"gold_loss":0,"cards_obtained":["Blade Dance"]}],"is_beta":false,"boss_relics":[],"items_purged_floors":[],"is_endless":false,"potions_floor_spawned":[4,6,8,10,12,13,14],"killed_by":"Hexaghost","ascension_level":11}}