{"host":"f6w7z8zvb0mi4wy9","time":1609437212,"event":{"mods":["BaseMod","Colored Map","Minty Spire (QoL Compilation)","READ ME - Guardian Mod","StSLib","SuperFastMode","The Bug Knight","The Disciple","The Jungle"],"gold_per_floor":[119,119,133,58,58,84,84,97,97,109,136,136,169,186,186,291,291,291,291,291,291,291,291,291,291,291,291,291],"floor_reached":27,"playtime":562,"items_purged":["Strike_B"],"score":390,"play_id":"d353e918-ec84-4f36-bd12-510284b4643f","local_time":"20210101025332","is_ascension_mode":true,"campfire_choices":[{"data":"Zap","floor":7.0,"key":"SMITH"},{"data":"Tempest","floor":12.0,"key":"SMITH"},{"data":"Beam Cell","floor":15.0,"key":"SMITH"},{"data":"Buffer","floor":24,"key":"SMITH"}],"circlet_count":0,"master_deck":["Strike_B","Strike_B","Defend_B","Defend_B","Defend_B","Defend_B","Zap+1","Dualcast+1","Tempest+1","Ball Lightning+1","Beam Cell+1","Doom and Gloom","Reboot","Skim","Buffer+1","Heatsinks","All For One","Meteor Strike","Capacitor"],"relics":["Cracked Core","NeowsBlessing","StrikeDummy","Meat on the Bone","Art of War","Mummified Hand","Ectoplasm","Gambling Chip","Nunchaku","Question Card"],"acts_visited":["Exordium","TheCity"],"potions_floor_usage":[21,27],"damage_taken":[{"damage":0.0,"enemies":"2 Louse","floor":1.0,"turns":1.0},{"damage":0.0,"enemies":"Cultist","floor":3.0,"turns":1.0},{"damage":0.0,"enemies":"3 Sentries","floor":6.0,"turns":1.0},{"damage":3.0,"enemies":"Small Slimes","floor":8.0,"turns":2.0},{"damage":17.0,"enemies":"Gremlin Gang","floor":10.0,"turns":3.0},{"damage":0.0,"enemies":"Gremlin Nob","floor":11.0,"turns":2.0},{"damage":13.0,"enemies":"Lagavulin","floor":13.0,"turns":3.0},{"damage":13.0,"enemies":"Exordium Thugs","floor":14.0,"turns":2.0},{"damage":0.0,"enemies":"Slime Boss","floor":16.0,"turns":5.0},{"damage":0.0,"enemies":"Chosen","floor":18.0,"turns":3.0},{"damage":0.0,"enemies":"3 Byrds","floor":19.0,"turns":3.0},{"damage":6,"enemies":"Shelled Parasite and Fungi","floor":21,"turns":2},{"damage":18,"enemies":"Gremlin Leader","floor":23,"turns":4},{"damage":10,"enemies":"Book of Stabbing","floor":25,"turns":3},{"damage":43,"enemies":"Slavers","floor":27,"turns":2}],"seed_played":"262555593545112844","potions_obtained":[{"floor":1.0,"key":"EssenceOfDarkness"},{"floor":11.0,"key":"SkillPotion"},{"floor":16.0,"key":"EssenceOfDarkness"},{"floor":21,"key":"SpeedPotion"},{"floor":25,"key":"Weak Potion"}],"is_trial":false,"path_per_floor":["M","?","M","$","?","E","R","M","T","M","E","R","E","M","R","B",null,"M","M","?","M","?","E","R","E","T","E"],"character_chosen":"DEFECT","items_purchased":[],"campfire_rested":0,"item_purchase_floors":[],"current_hp_per_floor":[75,75,75,75,60,60,60,57,57,40,40,40,39,38,38,38,75,75,75,75,69,69,51,51,41,41,0,0],"gold":291,"neow_bonus":"THREE_ENEMY_KILL","is_daily":false,"chose_seed":false,"campfire_upgraded":4,"win_rate":0.0,"timestamp":1609437212,"path_taken":["M","?","?","$","?","E","R","M","T","M","E","R","E","M","R","BOSS","M","M","?","?","?","E","R","E","T","E"],"items_purchased_type":[],"build_version":"2020-12-22","purchased_purges":1,"victory":false,"max_hp_per_floor":[75,75,75,75,75,75,75,75,75,75,75,75,75,75,75,75,75,75,75,75,75,75,75,75,75,75,75,75],"card_choices":[{"not_picked":["Darkness","Hello World"],"picked":"Tempest","floor":1.0},{"not_picked":["Beam Cell","Storm"],"picked":"Ball Lightning","floor":3.0},{"not_picked":["Coolheaded","Darkness"],"picked":"Beam Cell","floor":6.0},{"not_picked":["Reinforced Body","Streamline"],"picked":"Doom and Gloom","floor":8.0},{"not_picked":["Turbo","Beam Cell","Compile Driver"],"picked":"SKIP","floor":10.0},{"not_picked":["Heatsinks","Rebound"],"picked":"Reboot","floor":11.0},{"not_picked":["Redo","Go for the Eyes","Multi-Cast"],"picked":"SKIP","floor":13.0},{"not_picked":["Steam","Sweeping Beam"],"picked":"Skim","floor":14.0},{"not_picked":["Seek","Reboot"],"picked":"Buffer","floor":16.0},{"not_picked":["Streamline","Beam Cell","Gash+1"],"picked":"SKIP","floor":18.0},{"not_picked":["Undo+1","Redo"],"picked":"Heatsinks","floor":19.0},{"not_picked":["Turbo","Darkness","Scrape"],"picked":"SKIP","floor":21},{"not_picked":["Meteor Strike","Compile Driver+1","Redo"],"picked":"SKIP","floor":23},{"not_picked":["Compile Driver+1","Redo"],"picked":"Meteor Strike","floor":23},{"not_picked":["Sunder","Beam Cell"],"picked":"Capacitor","floor":25}],"player_experience":846499,"relics_obtained":[{"floor":6.0,"key":"StrikeDummy"},{"floor":9.0,"key":"Meat on the Bone"},{"floor":11.0,"key":"Art of War"},{"floor":13.0,"key":"Mummified Hand"},{"floor":23,"key":"Gambling Chip"},{"floor":25,"key":"Nunchaku"},{"floor":26,"key":"Question Card"}],"event_choices":[{"cards_removed":["Strike_B"],"damage_healed":0.0,"max_hp_gain":0.0,"max_hp_loss":0.0,"gold_gain":0.0,"event_name":"Purifier","player_choice":"Purged","floor":2.0,"gold_loss":0.0,"damage_taken":0.0},{"damage_healed":0.0,"max_hp_gain":0.0,"max_hp_loss":0.0,"gold_gain":0.0,"event_name":"Shining Light","player_choice":"Entered Light","floor":5.0,"gold_loss":0.0,"damage_taken":15.0,"cards_upgraded":["Dualcast","Ball Lightning"]},{"damage_healed":0,"gold_gain":0,"player_choice":"1 cards matched","damage_taken":0,"max_hp_gain":0,"max_hp_loss":0,"event_name":"Match and Keep!","floor":20,"gold_loss":0,"cards_obtained":["All For One"]},{"damage_healed":0,"gold_gain":99,"player_choice":"Stole From Cult","damage_taken":0,"max_hp_gain":0,"max_hp_loss":0,"event_name":"Nest","floor":22,"gold_loss":0}],"is_beta":false,"boss_relics":[{"not_picked":["Runic Dome","Busted Crown"],"picked":"Ectoplasm"}],"items_purged_floors":[4],"is_endless":false,"potions_floor_spawned":[1,11,16,21,25],"killed_by":"Slavers","ascension_level":1}}