{"host":"l60rmjjsfi0fipmi","time":1609428082,"event":{"mods":["BaseMod","Colored Map","DeckTracker","Highlight Path","Minty Spire (QoL Compilation)"],"gold_per_floor":[119,137,137,151,101,144,144,144,144,162,0,0,23,38,38,164,164,177,191,191,191],"floor_reached":20,"playtime":2734,"items_purged":[],"score":201,"play_id":"d693f8f1-596f-4c11-8b95-e18889dbb6c6","local_time":"20201231102122","is_ascension_mode":false,"campfire_choices":[{"floor":8,"key":"REST"},{"data":"Apotheosis","floor":15,"key":"SMITH"}],"circlet_count":0,"master_deck":["Strike_P","Strike_P","Strike_P","Defend_P","Defend_P","Defend_P","Eruption","Vigilance","Meditate","WindmillStrike","Worship","Tantrum","Protect","BowlingBash","Apotheosis+1","Indignation","Establishment","Perseverance","EmptyBody"],"relics":["PureWater","Golden Idol","Girya","HornCleat","SacredBark"],"acts_visited":["Exordium","TheCity"],"potions_floor_usage":[13,19],"damage_taken":[{"damage":0,"enemies":"2 Louse","floor":1,"turns":3},{"damage":0,"enemies":"Small Slimes","floor":2,"turns":2},{"damage":9,"enemies":"Jaw Worm","floor":4,"turns":4},{"damage":27,"enemies":"Lagavulin","floor":6,"turns":7},{"damage":5,"enemies":"Lots of Slimes","floor":10,"turns":4},{"damage":19,"enemies":"Gremlin Gang","floor":13,"turns":4},{"damage":0,"enemies":"Blue Slaver","floor":14,"turns":4},{"damage":28,"enemies":"Hexaghost","floor":16,"turns":13},{"damage":12,"enemies":"Shell Parasite","floor":18,"turns":6},{"damage":12,"enemies":"3 Byrds","floor":19,"turns":5},{"damage":43,"enemies":"Cultist and Chosen","floor":20,"turns":6}],"seed_played":"-5752844111844253571","potions_obtained":[{"floor":2,"key":"DistilledChaos"},{"floor":4,"key":"SkillPotion"},{"floor":10,"key":"Block Potion"},{"floor":13,"key":"SmokeBomb"},{"floor":16,"key":"EntropicBrew"},{"floor":18,"key":"LiquidBronze"}],"is_trial":false,"path_per_floor":["M","M","?","M","?","E","?","R","T","M","$","?","M","M","R","B",null,"M","M","M"],"character_chosen":"WATCHER","items_purchased":["Apotheosis"],"campfire_rested":1,"item_purchase_floors":[11],"current_hp_per_floor":[72,72,67,58,58,31,24,44,44,39,39,61,42,42,42,14,67,55,43,0,0],"gold":191,"neow_bonus":"THREE_CARDS","is_daily":false,"chose_seed":false,"campfire_upgraded":1,"win_rate":0.0,"timestamp":1609428082,"path_taken":["M","M","?","M","?","E","?","R","T","M","$","?","M","?","R","BOSS","M","M","?"],"items_purchased_type":["Card"],"build_version":"2020-12-22","purchased_purges":0,"victory":false,"max_hp_per_floor":[72,72,67,67,67,67,67,67,67,67,67,67,67,67,67,67,67,67,67,67,67],"card_choices":[{"not_picked":["FearNoEvil","EmptyFist"],"picked":"Meditate","floor":0},{"not_picked":["EmptyBody","ClearTheMind"],"picked":"WindmillStrike","floor":1},{"not_picked":["EmptyFist","WaveOfTheHand"],"picked":"Worship","floor":2},{"not_picked":["Nirvana","Weave"],"picked":"Tantrum","floor":4},{"not_picked":["SandsOfTime","MasterReality"],"picked":"Protect","floor":6},{"not_picked":["FollowUp","ClearTheMind"],"picked":"BowlingBash","floor":10},{"not_picked":["EmptyFist","Collect","PathToVictory"],"picked":"SKIP","floor":13},{"not_picked":["ThirdEye","TalkToTheHand"],"picked":"Indignation","floor":14},{"not_picked":["Brilliance","Devotion"],"picked":"Establishment","floor":16},{"not_picked":["Consecrate+1","Swivel"],"picked":"Perseverance","floor":18},{"not_picked":["Protect","CarveReality+1"],"picked":"EmptyBody","floor":19}],"player_experience":135462,"relics_obtained":[{"floor":6,"key":"Girya"},{"floor":9,"key":"HornCleat"}],"event_choices":[{"damage_healed":0,"gold_gain":0,"player_choice":"Lose Max HP","damage_taken":0,"relics_obtained":["Golden Idol"],"max_hp_gain":0,"max_hp_loss":5,"event_name":"Golden Idol","floor":3,"gold_loss":0},{"cards_removed":["Strike_P"],"damage_healed":0,"gold_gain":0,"player_choice":"Card Removal","damage_taken":0,"max_hp_gain":0,"max_hp_loss":0,"event_name":"The Cleric","floor":5,"gold_loss":50},{"cards_removed":["Defend_P"],"damage_healed":0,"gold_gain":0,"player_choice":"Card Removal","damage_taken":7,"max_hp_gain":0,"max_hp_loss":0,"event_name":"Golden Wing","floor":7,"gold_loss":0},{"damage_healed":22,"gold_gain":0,"player_choice":"Banana","damage_taken":0,"max_hp_gain":0,"max_hp_loss":0,"event_name":"Big Fish","floor":12,"gold_loss":0}],"is_beta":false,"boss_relics":[{"not_picked":["Runic Dome","Cursed Key"],"picked":"SacredBark"}],"items_purged_floors":[],"is_endless":false,"potions_floor_spawned":[2,4,10,13,16,18],"killed_by":"Cultist and Chosen","ascension_level":0}}