{"host":"a1eatafr7pisesky","time":1609428264,"event":{"mods":["BaseMod","Colored Map","DeckTracker","Highlight Path","Keyboard Shortcuts","Minty Spire (QoL Compilation)","Permanent Neow","Random Character Button","StSLib","SuperFastMode","everything is the same but u backflip on backflip"],"gold_per_floor":[111,36,53,65,65,65,104,104,157,202,202,247,247,268,268,397,397,413,438,186,111,145,145,20,62,86,86,111,111,143,158,158,287,287,311,335,41,70,70,70,111,135,160,180,180,180,180],"floor_reached":46,"playtime":1108,"items_purged":["Strike_R","Strike_R","Strike_R","Strike_R"],"score":810,"play_id":"b3a41a21-79fd-42e1-8190-5f3f587bdd31","local_time":"20210101002424","is_ascension_mode":true,"campfire_choices":[{"floor":6.0,"key":"REST"},{"floor":8.0,"key":"REST"},{"floor":11.0,"key":"REST"},{"data":"Feed","floor":13.0,"key":"SMITH"},{"data":"Whirlwind","floor":15.0,"key":"SMITH"},{"data":"Offering","floor":23.0,"key":"SMITH"},{"data":"Shrug It Off","floor":27.0,"key":"SMITH"},{"data":"Flex","floor":29.0,"key":"SMITH"},{"data":"Bash","floor":32.0,"key":"SMITH"},{"data":"Barricade","floor":40.0,"key":"SMITH"},{"data":"Impervious","floor":45,"key":"SMITH"}],"circlet_count":0,"master_deck":["AscendersBane","Defend_R","Defend_R","Defend_R","Defend_R","Bash+1","Shrug It Off+1","Thunderclap","Whirlwind+1","Feed+1","Offering+1","Cleave+1","Feel No Pain+1","Bloodletting+1","Flex+1","Blood for Blood+1","Barricade+1","Impervious+1","Power Through","Parasite"],"relics":["Burning Blood","Pocketwatch","Golden Idol","Orichalcum","CeramicFish","Bag of Marbles","Pantograph","Coffee Dripper","PreservedInsect","Blue Candle","Tiny Chest","Runic Pyramid","Bottled Tornado","Strawberry"],"acts_visited":["Exordium","TheCity","TheBeyond"],"potions_floor_usage":[41,41,42,44],"damage_taken":[{"damage":6.0,"enemies":"Cultist","floor":1.0,"turns":3.0},{"damage":14.0,"enemies":"2 Louse","floor":3.0,"turns":2.0},{"damage":13.0,"enemies":"Jaw Worm","floor":4.0,"turns":4.0},{"damage":49.0,"enemies":"Lagavulin","floor":7.0,"turns":8.0},{"damage":34.0,"enemies":"3 Sentries","floor":10.0,"turns":9.0},{"damage":2.0,"enemies":"Gremlin Nob","floor":12.0,"turns":3.0},{"damage":0.0,"enemies":"2 Fungi Beasts","floor":14.0,"turns":2.0},{"damage":46.0,"enemies":"Slime Boss","floor":16.0,"turns":9.0},{"damage":8.0,"enemies":"Chosen","floor":18.0,"turns":3.0},{"damage":11.0,"enemies":"Spheric Guardian","floor":19.0,"turns":3.0},{"damage":18.0,"enemies":"Snecko","floor":22.0,"turns":3.0},{"damage":19.0,"enemies":"Gremlin Leader","floor":25.0,"turns":4.0},{"damage":21.0,"enemies":"Snake Plant","floor":28.0,"turns":2.0},{"damage":20.0,"enemies":"Shelled Parasite and Fungi","floor":30.0,"turns":2.0},{"damage":11.0,"enemies":"Sentry and Sphere","floor":31.0,"turns":3.0},{"damage":38.0,"enemies":"Collector","floor":33.0,"turns":5.0},{"damage":36.0,"enemies":"3 Darklings","floor":35.0,"turns":3.0},{"damage":15.0,"enemies":"Orb Walker","floor":36.0,"turns":4.0},{"damage":9.0,"enemies":"Jaw Worm Horde","floor":38.0,"turns":1.0},{"damage":19,"enemies":"Giant Head","floor":41,"turns":5},{"damage":44,"enemies":"Writhing Mass","floor":42,"turns":8},{"damage":15,"enemies":"4 Shapes","floor":44,"turns":1},{"damage":10,"enemies":"Nemesis","floor":46,"turns":2}],"seed_played":"-1813437425425830985","potions_obtained":[{"floor":3.0,"key":"AttackPotion"},{"floor":4.0,"key":"PowerPotion"},{"floor":10.0,"key":"AttackPotion"},{"floor":16.0,"key":"Ancient Potion"},{"floor":19.0,"key":"SkillPotion"},{"floor":22.0,"key":"BloodPotion"},{"floor":31.0,"key":"Strength Potion"},{"floor":33.0,"key":"Dexterity Potion"},{"floor":41,"key":"PowerPotion"},{"floor":42,"key":"DuplicationPotion"}],"is_trial":false,"path_per_floor":["M","$","M","M","?","R","E","R","T","E","R","E","R","M","R","B",null,"M","M","$","?","M","R","$","E","T","R","M","R","M","M","R","B",null,"M","M","$","M","?","R","E","M","T","M","R","E"],"character_chosen":"IRONCLAD","items_purchased":["PreservedInsect","Impervious"],"campfire_rested":3,"item_purchase_floors":[20,37],"current_hp_per_floor":[72,72,64,57,39,60,17,38,38,10,31,35,35,45,45,34,69,67,66,66,66,58,58,58,45,45,45,34,34,24,43,43,40,88,58,53,53,54,54,54,45,11,18,9,9,0,0],"gold":180,"neow_bonus":"ONE_RARE_RELIC","is_daily":false,"chose_seed":false,"campfire_upgraded":8,"win_rate":0.0,"timestamp":1609428264,"path_taken":["M","$","?","M","?","R","E","R","T","E","R","E","R","M","R","BOSS","M","M","$","?","M","R","$","E","T","R","M","R","M","M","R","BOSS","M","M","$","M","?","R","E","M","T","M","R","E"],"items_purchased_type":["Relic","Card"],"build_version":"2020-12-22","purchased_purges":4,"victory":false,"max_hp_per_floor":[72,72,72,72,72,72,72,72,72,72,72,72,72,76,76,80,80,80,84,84,84,88,88,88,88,88,88,92,92,96,100,100,104,104,104,108,108,112,112,112,116,120,127,127,127,127,127],"card_choices":[{"not_picked":["Wild Strike","Iron Wave"],"picked":"Shrug It Off","floor":1.0},{"not_picked":["Clothesline","Perfected Strike","Dark Embrace"],"picked":"SKIP","floor":3.0},{"not_picked":["Clothesline","Sword Boomerang"],"picked":"Thunderclap","floor":4.0},{"not_picked":["Demon Form","Clash","Clothesline"],"picked":"SKIP","floor":7.0},{"not_picked":["Heavy Blade","Wild Strike"],"picked":"Whirlwind","floor":10.0},{"not_picked":["Perfected Strike","Twin Strike"],"picked":"Feed","floor":12.0},{"not_picked":["Thunderclap","Headbutt","Warcry"],"picked":"SKIP","floor":14.0},{"not_picked":["Immolate","Fiend Fire"],"picked":"Offering","floor":16.0},{"not_picked":["Rampage","Body Slam+1","Seeing Red+1"],"picked":"SKIP","floor":18.0},{"not_picked":["Perfected Strike+1","Iron Wave"],"picked":"Cleave+1","floor":19.0},{"not_picked":["Wild Strike+1","Body Slam"],"picked":"Feel No Pain+1","floor":22.0},{"not_picked":["Berserk","Rampage"],"picked":"Bloodletting+1","floor":25.0},{"not_picked":["Iron Wave","Warcry"],"picked":"Flex","floor":28.0},{"not_picked":["Uppercut","Cleave"],"picked":"Blood for Blood+1","floor":30.0},{"not_picked":["Warcry","Intimidate","Cleave"],"picked":"SKIP","floor":31.0},{"not_picked":["Immolate","Feed"],"picked":"Barricade","floor":33.0},{"not_picked":["Cleave+1","Havoc+1","Disarm+1"],"picked":"SKIP","floor":35.0},{"not_picked":["Spot Weakness","Warcry","Rampage+1"],"picked":"SKIP","floor":36.0},{"not_picked":["Body Slam+1","Thunderclap"],"picked":"Power Through","floor":38.0},{"not_picked":["Clothesline+1","Cleave+1","Rampage"],"picked":"SKIP","floor":41},{"not_picked":["Heavy Blade+1","Iron Wave+1","Dual Wield"],"picked":"SKIP","floor":42},{"not_picked":["Cleave+1","Spot Weakness","Clothesline+1"],"picked":"SKIP","floor":44}],"player_experience":277377,"relics_obtained":[{"floor":7.0,"key":"Orichalcum"},{"floor":9.0,"key":"CeramicFish"},{"floor":10.0,"key":"Bag of Marbles"},{"floor":12.0,"key":"Pantograph"},{"floor":25.0,"key":"Blue Candle"},{"floor":26.0,"key":"Tiny Chest"},{"floor":41,"key":"Bottled Tornado"},{"floor":43,"key":"Strawberry"}],"event_choices":[{"damage_healed":0.0,"max_hp_gain":0.0,"max_hp_loss":0.0,"gold_gain":0.0,"event_name":"Golden Idol","player_choice":"Take Damage","floor":5.0,"gold_loss":0.0,"damage_taken":18.0,"relics_obtained":["Golden Idol"]},{"cards_removed":["Strike_R"],"damage_healed":0.0,"max_hp_gain":0.0,"max_hp_loss":0.0,"gold_gain":0.0,"event_name":"Beggar","player_choice":"Gave Gold","floor":21.0,"gold_loss":75.0,"damage_taken":0.0},{"damage_healed":0.0,"max_hp_gain":0.0,"max_hp_loss":0.0,"gold_gain":0.0,"event_name":"Tomb of Lord Red Mask","player_choice":"Ignored","floor":39.0,"gold_loss":0.0,"damage_taken":0.0}],"is_beta":false,"boss_relics":[{"not_picked":["SacredBark","Pandora\u0027s Box"],"picked":"Coffee Dripper"},{"not_picked":["Snecko Eye","Sozu"],"picked":"Runic Pyramid"}],"items_purged_floors":[2,20,24,37],"is_endless":false,"potions_floor_spawned":[3,4,10,16,19,22,31,33,36,41,42],"killed_by":"Nemesis","ascension_level":11}}