{"host":"naxuom6ec8j3xbph","time":1609384720,"event":{"mods":["BaseMod","Colored Map","Colored Powertips","Highlight Path","Minty Spire (QoL Compilation)","Quick Restart","StSLib"],"gold_per_floor":[114,134,154,229,242,242,267,267,319,319,350,363,376,420,420,549,549,564,578,578,578,578],"floor_reached":21,"playtime":1361,"items_purged":[],"score":201,"play_id":"b20b1040-f7c7-422f-801f-cbf312dbc03a","local_time":"20201231111840","is_ascension_mode":false,"campfire_choices":[{"data":"Backflip","floor":6,"key":"SMITH"},{"data":"Bouncing Flask","floor":8,"key":"SMITH"},{"floor":15,"key":"REST"}],"circlet_count":0,"master_deck":["Strike_G","Strike_G","Strike_G","Strike_G","Defend_G","Defend_G","Defend_G","Defend_G","Defend_G","Survivor","Neutralize","Outmaneuver","Dash","Backflip+1","Predator","Bouncing Flask+1","Dagger Spray","Setup","Malaise","CurseOfTheBell","Backflip+1","RitualDagger"],"relics":["Ring of the Snake","Ninja Scroll","MealTicket","Golden Idol","Regal Pillow","StoneCalendar","Calling Bell","Smiling Mask","Pantograph","Thread and Needle"],"acts_visited":["Exordium","TheCity"],"potions_floor_usage":[5,7,7,14,16,21],"damage_taken":[{"damage":0,"enemies":"Jaw Worm","floor":1,"turns":5},{"damage":2,"enemies":"Small Slimes","floor":2,"turns":6},{"damage":0,"enemies":"2 Louse","floor":3,"turns":3},{"damage":0,"enemies":"Exordium Thugs","floor":5,"turns":5},{"damage":1,"enemies":"3 Sentries","floor":7,"turns":8},{"damage":11,"enemies":"Lagavulin","floor":11,"turns":5},{"damage":0,"enemies":"Large Slime","floor":12,"turns":4},{"damage":0,"enemies":"Blue Slaver","floor":13,"turns":3},{"damage":9,"enemies":"3 Sentries","floor":14,"turns":8},{"damage":15,"enemies":"The Guardian","floor":16,"turns":8},{"damage":0,"enemies":"Chosen","floor":18,"turns":5},{"damage":10,"enemies":"3 Byrds","floor":19,"turns":5},{"damage":1,"enemies":"Centurion and Healer","floor":21,"turns":4}],"seed_played":"8523265240607172579","potions_obtained":[{"floor":2,"key":"PowerPotion"},{"floor":3,"key":"FearPotion"},{"floor":5,"key":"PowerPotion"},{"floor":11,"key":"Weak Potion"},{"floor":14,"key":"BlessingOfTheForge"},{"floor":19,"key":"AttackPotion"}],"is_trial":false,"path_per_floor":["M","M","M","?","M","R","E","R","T","?","E","M","M","E","R","B",null,"M","M","?","M"],"character_chosen":"THE_SILENT","items_purchased":[],"campfire_rested":1,"item_purchase_floors":[],"current_hp_per_floor":[70,68,68,57,57,57,56,56,56,39,28,28,28,19,55,40,70,70,60,54,53,53],"gold":578,"neow_bonus":"REMOVE_CARD","is_daily":false,"chose_seed":false,"campfire_upgraded":2,"win_rate":0.0,"timestamp":1609384720,"path_taken":["M","M","M","?","M","R","E","R","T","?","E","M","M","E","R","BOSS","M","M","?","M"],"items_purchased_type":[],"build_version":"2020-12-22","purchased_purges":0,"victory":false,"max_hp_per_floor":[70,70,70,70,70,70,70,70,70,70,70,70,70,70,70,70,70,70,70,70,70,70],"card_choices":[{"not_picked":["Quick Slash","Masterful Stab"],"picked":"Outmaneuver","floor":1},{"not_picked":["Catalyst","Slice"],"picked":"Dash","floor":2},{"not_picked":["Underhanded Strike","Skewer"],"picked":"Backflip","floor":3},{"not_picked":["Slice","Underhanded Strike"],"picked":"Predator","floor":5},{"not_picked":["All Out Attack","Prepared"],"picked":"Bouncing Flask","floor":7},{"not_picked":["Leg Sweep","Venomology"],"picked":"Dagger Spray","floor":11},{"not_picked":["Backflip","Masterful Stab","Flying Knee"],"picked":"SKIP","floor":12},{"not_picked":["Dodge and Roll","Backflip"],"picked":"Setup","floor":13},{"not_picked":["Eviscerate","Concentrate","Outmaneuver"],"picked":"SKIP","floor":14},{"not_picked":["Bullet Time","Night Terror"],"picked":"Malaise","floor":16},{"not_picked":["PiercingWail","Choke+1"],"picked":"Backflip+1","floor":18},{"not_picked":["Expertise","Deflect","Blade Dance+1"],"picked":"SKIP","floor":19}],"player_experience":354611,"relics_obtained":[{"floor":7,"key":"Ninja Scroll"},{"floor":9,"key":"MealTicket"},{"floor":11,"key":"Regal Pillow"},{"floor":14,"key":"StoneCalendar"},{"floor":17,"key":"Smiling Mask"},{"floor":17,"key":"Pantograph"},{"floor":17,"key":"Thread and Needle"}],"event_choices":[{"damage_healed":0,"gold_gain":75,"player_choice":"Gather Gold","damage_taken":11,"max_hp_gain":0,"max_hp_loss":0,"event_name":"World of Goop","floor":4,"gold_loss":0},{"damage_healed":0,"gold_gain":0,"player_choice":"Take Damage","damage_taken":17,"relics_obtained":["Golden Idol"],"max_hp_gain":0,"max_hp_loss":0,"event_name":"Golden Idol","floor":10,"gold_loss":0},{"damage_healed":0,"gold_gain":0,"player_choice":"Joined the Cult","damage_taken":6,"max_hp_gain":0,"max_hp_loss":0,"event_name":"Nest","floor":20,"gold_loss":0,"cards_obtained":["RitualDagger"]}],"is_beta":false,"boss_relics":[{"not_picked":["Ectoplasm","Black Star"],"picked":"Calling Bell"}],"items_purged_floors":[],"is_endless":false,"potions_floor_spawned":[2,3,5,11,14,19],"killed_by":"Centurion and Healer","ascension_level":0}}