{"host":"tpad8qsc9e0g0pa5","time":1609425075,"event":{"mods":["BaseMod","Minty Spire (QoL Compilation)","Quick Restart","StSLib","The Bug Knight","The Servant 0.9.4"],"gold_per_floor":[110,120,45,45,62,92,103,103,129,144,144,161,178,246,246,351,351,363,86,1,1,1,1,1,1,1,17,31,31,62,81,81,81,81],"floor_reached":33,"playtime":1141,"items_purged":["HollowMod:FocusHealStart","HollowMod:NailStrikeStart"],"score":307,"play_id":"ec1f2217-daa5-4a73-851c-45d1ccc55a88","local_time":"20201231223115","is_ascension_mode":true,"campfire_choices":[{"floor":8.0,"key":"REST"},{"data":"HollowMod:WraithStrike","floor":15.0,"key":"SMITH"},{"data":"HollowMod:VoidDash","floor":23.0,"key":"SMITH"},{"data":"HollowMod:SharpenedShadows","floor":25.0,"key":"SMITH"},{"floor":29.0,"key":"REST"},{"floor":32.0,"key":"REST"}],"circlet_count":0,"master_deck":["HollowMod:NailStrikeStart+1","HollowMod:NailStrikeStart","HollowMod:QuickDashStart","HollowMod:QuickDashStart","HollowMod:QuickDashStart","HollowMod:QuickDashStart","HollowMod:SharpenedShadows+1","HollowMod:AbyssShriek","HollowMod:WraithStrike+1","HollowMod:DescendingDark","HollowMod:VoidDash+1","HollowMod:BlackTendrils","RitualDagger+1","HollowMod:FallenFury+1"],"relics":["Philosopher\u0027s Stone","Lantern","Smiling Mask","Bottled Flame","SacredBark","Sling","Bronze Scales","HollowMod:KingsBrand","Whetstone"],"acts_visited":["Exordium","TheCity"],"potions_floor_usage":[33,33],"damage_taken":[{"damage":3.0,"enemies":"Small Slimes","floor":1.0,"turns":3.0},{"damage":0.0,"enemies":"Cultist","floor":2.0,"turns":3.0},{"damage":3.0,"enemies":"Jaw Worm","floor":5.0,"turns":4.0},{"damage":30.0,"enemies":"Lagavulin","floor":6.0,"turns":6.0},{"damage":10.0,"enemies":"3 Louse","floor":7.0,"turns":2.0},{"damage":18.0,"enemies":"Large Slime","floor":10.0,"turns":5.0},{"damage":0.0,"enemies":"Exordium Wildlife","floor":12.0,"turns":1.0},{"damage":0.0,"enemies":"Lots of Slimes","floor":13.0,"turns":3.0},{"damage":35.0,"enemies":"HollowMod:FalseKnight","floor":16.0,"turns":8.0},{"damage":13.0,"enemies":"Chosen","floor":18.0,"turns":4.0},{"damage":0.0,"enemies":"3 Byrds","floor":27.0,"turns":3.0},{"damage":11.0,"enemies":"Snake Plant","floor":28.0,"turns":2.0},{"damage":37.0,"enemies":"Book of Stabbing","floor":30.0,"turns":4.0},{"damage":0.0,"enemies":"Cultist and Chosen","floor":31.0,"turns":3.0},{"damage":85,"enemies":"Collector","floor":33,"turns":6}],"seed_played":"2081835708608303139","potions_obtained":[{"floor":1.0,"key":"AttackPotion"},{"floor":7.0,"key":"Energy Potion"},{"floor":10.0,"key":"Swift Potion"},{"floor":13.0,"key":"Explosive Potion"},{"floor":16.0,"key":"EssenceOfSteel"},{"floor":18.0,"key":"Explosive Potion"},{"floor":28.0,"key":"Swift Potion"},{"floor":30.0,"key":"PowerPotion"}],"is_trial":false,"path_per_floor":["M","M","$","?","M","E","M","R","T","M","?","M","M","T","R","B",null,"M","$","?","?","?","R","?","R","T","M","M","R","E","M","R","B"],"character_chosen":"THE_BUGKNIGHT","items_purchased":["HollowMod:BlackTendrils","Sling"],"campfire_rested":3,"item_purchase_floors":[19,19],"current_hp_per_floor":[72,72,72,72,69,39,29,51,51,33,58,58,58,58,58,23,75,62,62,62,62,62,62,56,56,56,58,47,69,39,43,65,0,0],"gold":81,"neow_bonus":"BOSS_RELIC","is_daily":false,"chose_seed":false,"campfire_upgraded":3,"win_rate":0.0,"timestamp":1609425075,"path_taken":["M","M","$","?","?","E","M","R","T","M","?","M","M","?","R","BOSS","M","$","?","?","?","R","?","R","T","M","M","R","E","M","R","BOSS"],"items_purchased_type":["Card","Relic"],"build_version":"2020-12-22","purchased_purges":2,"victory":false,"max_hp_per_floor":[75,75,75,75,75,75,75,75,75,75,75,75,75,75,75,75,75,75,75,75,75,75,75,75,75,75,75,75,75,75,75,75,75,75],"card_choices":[{"not_picked":["HollowMod:LifebloodCocoon","HollowMod:HowlingWraiths"],"picked":"HollowMod:SharpenedShadows","floor":1.0},{"not_picked":["HollowMod:NewLittleFool","HollowMod:InfectedCysts"],"picked":"HollowMod:AbyssShriek","floor":2.0},{"not_picked":["HollowMod:LuriensSpire","HollowMod:SharpenedShadows"],"picked":"HollowMod:WraithStrike","floor":5.0},{"not_picked":["HollowMod:InfectedCysts","HollowMod:theNailsmith","HollowMod:NewGlowingWomb"],"picked":"SKIP","floor":6.0},{"not_picked":["HollowMod:MothsMistake","HollowMod:LifebloodCocoon","HollowMod:ChannelNail"],"picked":"SKIP","floor":7.0},{"not_picked":["HollowMod:HowlingWraiths","HollowMod:WraithStrike","HollowMod:DoubleDash"],"picked":"SKIP","floor":10.0},{"not_picked":["HollowMod:QuirrelsAssistance","HollowMod:HowlingWraiths","HollowMod:DoubleDash"],"picked":"SKIP","floor":12.0},{"not_picked":["HollowMod:Weaversong","HollowMod:SoulStrike"],"picked":"HollowMod:DescendingDark","floor":13.0},{"not_picked":["HollowMod:AwokenDreamNail","HollowMod:HornetsHelp"],"picked":"HollowMod:VoidDash","floor":16.0},{"not_picked":["HollowMod:MantisMark","HollowMod:DashSlash","HollowMod:FastStrike"],"picked":"SKIP","floor":18.0},{"not_picked":["HollowMod:InfectedAttack","HollowMod:DreamGate","HollowMod:BaldurShell"],"picked":"SKIP","floor":27.0},{"not_picked":["HollowMod:HowlingWraiths","HollowMod:MantisMark","HollowMod:NewLittleFool"],"picked":"SKIP","floor":28.0},{"not_picked":["HollowMod:HowlingWraiths+1","HollowMod:CornifersMapStart"],"picked":"HollowMod:FallenFury+1","floor":30.0},{"not_picked":["HollowMod:BrokenVessel+1","HollowMod:SharpenedShadows","HollowMod:VengefulSpirit"],"picked":"SKIP","floor":31.0}],"player_experience":306179,"relics_obtained":[{"floor":6.0,"key":"Lantern"},{"floor":9.0,"key":"Smiling Mask"},{"floor":14.0,"key":"Bottled Flame"},{"floor":26.0,"key":"HollowMod:KingsBrand"},{"floor":30.0,"key":"Whetstone"}],"event_choices":[{"cards_removed":["HollowMod:PogoStrike"],"damage_healed":0.0,"max_hp_gain":0.0,"max_hp_loss":0.0,"gold_gain":0.0,"event_name":"Bonfire Elementals","player_choice":"Offered Basic","floor":4.0,"gold_loss":0.0,"damage_taken":0.0},{"damage_healed":25.0,"max_hp_gain":0.0,"max_hp_loss":0.0,"gold_gain":0.0,"event_name":"Big Fish","player_choice":"Banana","floor":11.0,"gold_loss":0.0,"damage_taken":0.0},{"damage_healed":0.0,"max_hp_gain":0.0,"max_hp_loss":0.0,"gold_gain":0.0,"event_name":"Addict","player_choice":"Obtained Relic","floor":20.0,"gold_loss":85.0,"damage_taken":0.0,"relics_obtained":["Bronze Scales"]},{"cards_removed":["HollowMod:NailStrikeStart"],"damage_healed":0.0,"max_hp_gain":0.0,"max_hp_loss":0.0,"gold_gain":0.0,"event_name":"Back to Basics","player_choice":"Elegance","floor":21.0,"gold_loss":0.0,"damage_taken":0.0},{"damage_healed":0.0,"max_hp_gain":0.0,"max_hp_loss":0.0,"gold_gain":0.0,"event_name":"Vampires","player_choice":"Ignored","floor":22.0,"gold_loss":0.0,"damage_taken":0.0},{"damage_healed":0.0,"max_hp_gain":0.0,"max_hp_loss":0.0,"gold_gain":0.0,"event_name":"Nest","player_choice":"Joined the Cult","floor":24.0,"gold_loss":0.0,"damage_taken":6.0,"cards_obtained":["RitualDagger"]}],"is_beta":false,"boss_relics":[{"not_picked":["Ectoplasm","Busted Crown"],"picked":"SacredBark"}],"items_purged_floors":[3,19],"is_endless":false,"potions_floor_spawned":[1,7,10,13,16,18,28,30],"killed_by":"Collector","ascension_level":3}}