{"host":"x7xd4wkamhrqrrvw","time":1609453065,"event":{"mods":["BaseMod","Minty Spire (QoL Compilation)","StSLib"],"gold_per_floor":[111,111,124,142,142,142,170,170,197,230,241,241,166,200,200,303,303,321,321,331,72,90,90,122,122,149,166,166,166],"floor_reached":28,"playtime":991,"items_purged":["Strike_B","Strike_B"],"score":410,"play_id":"e68c7919-7310-4015-8168-d37c4291f454","local_time":"20201231201745","is_ascension_mode":true,"campfire_choices":[{"data":"Multi-Cast","floor":6,"key":"SMITH"},{"data":"Darkness","floor":8,"key":"SMITH"},{"data":"Chaos","floor":12,"key":"SMITH"},{"data":"Defend_B","floor":15,"key":"SMITH"},{"data":"Chaos","floor":23,"key":"SMITH"}],"circlet_count":0,"master_deck":["AscendersBane","Strike_B","Strike_B","Defend_B+1","Defend_B","Defend_B+1","Defend_B","Zap+1","Dualcast","Darkness+1","Multi-Cast+1","Self Repair","Chaos+1","Machine Learning+1","Chaos+1","Reboot","Leap","Reinforced Body"],"relics":["Cracked Core","Boot","Orichalcum","War Paint","Gambling Chip","Nunchaku","Coffee Dripper","Smiling Mask","Tiny Chest"],"acts_visited":["Exordium","TheCity"],"potions_floor_usage":[7,11,24,28],"damage_taken":[{"damage":10,"enemies":"2 Louse","floor":1,"turns":3},{"damage":0,"enemies":"Small Slimes","floor":3,"turns":3},{"damage":1,"enemies":"Cultist","floor":4,"turns":4},{"damage":20,"enemies":"Lagavulin","floor":7,"turns":7},{"damage":32,"enemies":"Gremlin Nob","floor":10,"turns":5},{"damage":0,"enemies":"2 Fungi Beasts","floor":11,"turns":2},{"damage":12,"enemies":"Lagavulin","floor":14,"turns":5},{"damage":22,"enemies":"Slime Boss","floor":16,"turns":4},{"damage":23,"enemies":"2 Thieves","floor":18,"turns":4},{"damage":4,"enemies":"Shell Parasite","floor":20,"turns":4},{"damage":29,"enemies":"Sentry and Sphere","floor":22,"turns":7},{"damage":10,"enemies":"Gremlin Leader","floor":24,"turns":6},{"damage":19,"enemies":"Cultist and Chosen","floor":27,"turns":6},{"damage":9,"enemies":"Centurion and Healer","floor":28,"turns":2}],"seed_played":"-6260273057703537973","potions_obtained":[{"floor":1,"key":"Block Potion"},{"floor":3,"key":"Explosive Potion"},{"floor":11,"key":"FairyPotion"},{"floor":18,"key":"EssenceOfSteel"},{"floor":27,"key":"PowerPotion"}],"is_trial":true,"path_per_floor":["M","?","M","M","?","R","E","R","T","E","M","R","$","E","R","B",null,"M","?","M","$","M","R","E","?","T","M","M"],"character_chosen":"DEFECT","items_purchased":["Reboot","Leap"],"campfire_rested":0,"item_purchase_floors":[21,21],"current_hp_per_floor":[58,55,55,54,54,54,34,34,34,9,16,16,16,11,11,29,64,48,48,51,51,29,29,26,20,20,8,0,0],"gold":166,"neow_bonus":"","is_daily":false,"chose_seed":true,"campfire_upgraded":5,"win_rate":0.0,"timestamp":1609453065,"path_taken":["M","?","M","M","?","R","E","R","T","E","M","R","$","E","R","BOSS","M","?","M","$","?","R","E","?","T","M","?"],"items_purchased_type":["Card","Card"],"build_version":"2020-12-22","purchased_purges":2,"victory":false,"max_hp_per_floor":[75,75,75,75,75,75,75,75,75,75,75,75,75,75,75,75,75,75,75,75,75,75,75,75,75,75,75,75,75],"card_choices":[{"not_picked":["Conserve Battery","White Noise"],"picked":"Darkness","floor":1},{"not_picked":["Turbo","Go for the Eyes","Reprogram"],"picked":"SKIP","floor":3},{"not_picked":["Turbo","Hologram"],"picked":"Multi-Cast","floor":4},{"not_picked":["Ball Lightning","Genetic Algorithm"],"picked":"Self Repair","floor":7},{"not_picked":["Redo","Beam Cell","Consume"],"picked":"SKIP","floor":10},{"not_picked":["Genetic Algorithm","Rebound"],"picked":"Chaos","floor":11},{"not_picked":["Hologram","Cold Snap","Go for the Eyes"],"picked":"SKIP","floor":14},{"not_picked":["Seek","Creative AI"],"picked":"Machine Learning","floor":16},{"not_picked":["Beam Cell","Turbo","Steam"],"picked":"SKIP","floor":18},{"not_picked":["Stack","Compile Driver+1"],"picked":"Chaos","floor":20},{"not_picked":["Sunder+1","Melter","Storm+1"],"picked":"SKIP","floor":22},{"not_picked":["Melter","Go for the Eyes+1"],"picked":"Reinforced Body","floor":24},{"not_picked":["Hologram","Streamline","Ball Lightning"],"picked":"SKIP","floor":27}],"player_experience":261801,"relics_obtained":[{"floor":7,"key":"Orichalcum"},{"floor":9,"key":"War Paint"},{"floor":10,"key":"Gambling Chip"},{"floor":14,"key":"Nunchaku"},{"floor":24,"key":"Smiling Mask"},{"floor":26,"key":"Tiny Chest"}],"event_choices":[{"damage_healed":0,"gold_gain":0,"player_choice":"Success","damage_taken":3,"relics_obtained":["Boot"],"max_hp_gain":0,"max_hp_loss":0,"event_name":"Scrap Ooze","floor":2,"gold_loss":0},{"damage_healed":0,"gold_gain":0,"player_choice":"Ignored","damage_taken":0,"max_hp_gain":0,"max_hp_loss":0,"event_name":"Golden Idol","floor":5,"gold_loss":0},{"damage_healed":0,"gold_gain":0,"player_choice":"Upgraded","damage_taken":0,"max_hp_gain":0,"max_hp_loss":0,"event_name":"Upgrade Shrine","floor":19,"gold_loss":0,"cards_upgraded":["Machine Learning"]},{"damage_healed":0,"gold_gain":0,"player_choice":"","damage_taken":6,"max_hp_gain":0,"max_hp_loss":0,"event_name":"Knowing Skull","floor":25,"potions_obtained":[],"gold_loss":0,"cards_obtained":[]}],"is_beta":false,"boss_relics":[{"not_picked":["Philosopher\u0027s Stone","Snecko Eye"],"picked":"Coffee Dripper"}],"items_purged_floors":[13,21],"is_endless":false,"potions_floor_spawned":[1,3,11,18,27],"killed_by":"Centurion and Healer","ascension_level":12}}