{"host":"x4juqxtivqd4pvh0","time":1609454547,"event":{"mods":["AchievementEnabler","BaseMod","Colored Map","Colored Powertips","Googly Eyes","Minty Spire (QoL Compilation)","Rare Cards Sparkle","Shop Mod","SuperFastMode"],"gold_per_floor":[109,109,69,79,53,53,70,70,95,114,114,114,114,124,124,220,220,234,0,0,0,16,16,34,45,45,67,79,110,138,150,162,174,174],"floor_reached":33,"playtime":1206,"items_purged":[],"score":264,"play_id":"70796f26-2c2d-4edd-aaf9-41bb88a189f2","local_time":"20210101091227","is_ascension_mode":false,"campfire_choices":[{"data":"Anger","floor":6,"key":"SMITH"},{"data":"Ghostly Armor","floor":11,"key":"SMITH"},{"data":"Flex","floor":15,"key":"SMITH"},{"data":"Bludgeon","floor":23,"key":"SMITH"},{"floor":28,"key":"REST"},{"floor":32,"key":"REST"}],"circlet_count":0,"master_deck":["Strike_R+1","Strike_R+1","Strike_R+1","Strike_R+1","Strike_R+1","Defend_R+1","Defend_R+1","Defend_R+1","Defend_R+1","Anger+1","Flex+1","Pommel Strike","Ghostly Armor+1","Cleave","Cleave","Bludgeon+1","Heavy Blade","Cleave","Cleave+1","Clothesline+1","Seeing Red"],"relics":["Burning Blood","Bronze Scales","Runic Cube","MawBank"],"acts_visited":["Exordium","TheCity"],"potions_floor_usage":[16,24,29,33],"damage_taken":[{"damage":9,"enemies":"Cultist","floor":1,"turns":4},{"damage":0,"enemies":"Small Slimes","floor":4,"turns":3},{"damage":1,"enemies":"Jaw Worm","floor":7,"turns":3},{"damage":3,"enemies":"Large Slime","floor":10,"turns":7},{"damage":0,"enemies":"Blue Slaver","floor":14,"turns":3},{"damage":68,"enemies":"The Guardian","floor":16,"turns":12},{"damage":10,"enemies":"Shell Parasite","floor":18,"turns":5},{"damage":10,"enemies":"Chosen","floor":22,"turns":3},{"damage":27,"enemies":"Snake Plant","floor":24,"turns":4},{"damage":10,"enemies":"Snecko","floor":25,"turns":5},{"damage":5,"enemies":"Chosen and Byrds","floor":27,"turns":4},{"damage":34,"enemies":"Sentry and Sphere","floor":29,"turns":6},{"damage":22,"enemies":"Centurion and Healer","floor":30,"turns":5},{"damage":82,"enemies":"Automaton","floor":33,"turns":8}],"seed_played":"-448189037384224397","potions_obtained":[{"floor":3,"key":"BloodPotion"},{"floor":3,"key":"BlessingOfTheForge"},{"floor":3,"key":"AttackPotion"},{"floor":14,"key":"Fire Potion"},{"floor":27,"key":"LiquidBronze"},{"floor":29,"key":"SteroidPotion"},{"floor":30,"key":"FearPotion"}],"is_trial":false,"path_per_floor":["M","?","?","M","$","R","M","?","T","M","R","?","$","M","R","B",null,"M","?","$","?","M","R","M","M","T","M","R","M","M","?","R","B"],"character_chosen":"IRONCLAD","items_purchased":["Pommel Strike"],"campfire_rested":2,"item_purchase_floors":[5],"current_hp_per_floor":[77,82,82,85,85,85,85,85,85,85,85,85,85,85,85,23,85,81,81,81,81,77,77,56,52,52,53,78,50,34,34,59,0,0],"gold":174,"neow_bonus":"UPGRADE_CARD","is_daily":false,"chose_seed":false,"campfire_upgraded":4,"win_rate":0.0,"timestamp":1609454547,"path_taken":["M","?","?","?","$","R","M","?","T","M","R","?","?","M","R","BOSS","M","?","$","?","?","R","M","M","T","M","R","M","M","?","R","BOSS"],"items_purchased_type":["Card"],"build_version":"2020-12-22","purchased_purges":0,"victory":false,"max_hp_per_floor":[80,85,85,85,85,85,85,85,85,85,85,85,85,85,85,85,85,85,85,85,85,85,85,85,85,85,85,85,85,85,85,85,85,85],"card_choices":[{"not_picked":["Clothesline","Hemokinesis"],"picked":"Anger","floor":1},{"not_picked":["Sword Boomerang","Burning Pact"],"picked":"Flex","floor":4},{"not_picked":["Wild Strike","Bloodletting"],"picked":"Ghostly Armor","floor":7},{"not_picked":["Iron Wave","Wild Strike"],"picked":"Cleave","floor":10},{"not_picked":["Blood for Blood","Uppercut"],"picked":"Cleave","floor":14},{"not_picked":["Juggernaut","Immolate"],"picked":"Bludgeon","floor":16},{"not_picked":["Bloodletting","Body Slam"],"picked":"Heavy Blade","floor":18},{"not_picked":["Perfected Strike+1","Dual Wield"],"picked":"Cleave","floor":22},{"not_picked":["Armaments+1","Warcry"],"picked":"Cleave+1","floor":24},{"not_picked":["Perfected Strike","Hemokinesis","Entrench+1"],"picked":"SKIP","floor":25},{"not_picked":["Thunderclap","Armaments+1"],"picked":"Clothesline+1","floor":27},{"not_picked":["Iron Wave","Cleave","Pommel Strike"],"picked":"SKIP","floor":29},{"not_picked":["Bloodletting","Hemokinesis"],"picked":"Seeing Red","floor":30}],"player_experience":48122,"relics_obtained":[{"floor":9,"key":"Bronze Scales"},{"floor":26,"key":"MawBank"}],"event_choices":[{"damage_healed":0,"gold_gain":0,"player_choice":"Donut","damage_taken":0,"max_hp_gain":5,"max_hp_loss":0,"event_name":"Big Fish","floor":2,"gold_loss":0},{"damage_healed":0,"gold_gain":0,"player_choice":"Bought 3 Potions","damage_taken":0,"max_hp_gain":0,"max_hp_loss":0,"event_name":"The Woman in Blue","floor":3,"gold_loss":0},{"cards_removed":["Bash"],"damage_healed":0,"gold_gain":0,"player_choice":"Forget","damage_taken":0,"max_hp_gain":0,"max_hp_loss":0,"event_name":"Living Wall","floor":8,"gold_loss":0},{"damage_healed":0,"gold_gain":0,"player_choice":"Leave","damage_taken":0,"max_hp_gain":0,"max_hp_loss":0,"event_name":"The Cleric","floor":12,"gold_loss":0},{"damage_healed":0,"gold_gain":0,"player_choice":"Paid Fearfully","damage_taken":0,"max_hp_gain":0,"max_hp_loss":0,"event_name":"Masked Bandits","floor":19,"gold_loss":234},{"damage_healed":0,"gold_gain":0,"player_choice":"Ignored","damage_taken":0,"max_hp_gain":0,"max_hp_loss":0,"event_name":"Vampires","floor":21,"gold_loss":0},{"damage_healed":0,"gold_gain":0,"player_choice":"Simplicity","damage_taken":0,"max_hp_gain":0,"max_hp_loss":0,"event_name":"Back to Basics","floor":31,"gold_loss":0,"cards_upgraded":["Strike_R","Strike_R","Strike_R","Strike_R","Defend_R","Defend_R","Defend_R","Defend_R"]}],"is_beta":false,"boss_relics":[{"not_picked":["Coffee Dripper","Velvet Choker"],"picked":"Runic Cube"}],"items_purged_floors":[],"is_endless":false,"potions_floor_spawned":[4,10,14,27,29,30],"killed_by":"Automaton","ascension_level":0}}