{"host":"48zyk7qbyaqvksy3","time":1609421064,"event":{"mods":["Act Like it!","BaseMod","GifTheSpireLib","Marisa£®ÏF”Í°°ƒß¿Ì…≥£©","Minty Spire (QoL Compilation)","Replay The Spire","Shop Mod","StSLib","The Servant 0.9.4","Waifu the Spire"],"gold_per_floor":[109,109,59,59,80,80,155,186,212,255,255,295,0,33,33,33,33],"floor_reached":16,"playtime":468,"items_purged":[],"score":179,"play_id":"a9a85ca3-1ffe-4a4b-a34c-5705fba9303a","local_time":"20201231212424","is_ascension_mode":true,"campfire_choices":[{"data":"Uppercut","floor":6.0,"key":"SMITH"}],"circlet_count":0,"master_deck":["Strike_R","Strike_R+1","Strike_R","Strike_R","Strike_R","Defend_R","Defend_R","Defend_R","Uppercut+1","ReplayTheSpireMod:LeadingStrike+1","Double Tap","Twin Strike","Armaments","Eclipse","Survivor+1","Neutralize+1"],"relics":["Burning Blood","NeowsBlessing","Golden Idol","Replay:Bottled Steam","Whetstone","Bag of Preparation","Lantern","Replay:Kaleidoscope","Replay:Accelerometer","Counterbalance"],"acts_visited":["Exordium"],"potions_floor_usage":[16,16],"damage_taken":[{"damage":0.0,"enemies":"Jaw Worm","floor":1.0,"turns":1.0},{"damage":0.0,"enemies":"Small Slimes","floor":5.0,"turns":1.0},{"damage":0.0,"enemies":"Lagavulin","floor":8.0,"turns":1.0},{"damage":45.0,"enemies":"3 Sentries","floor":10.0,"turns":10.0},{"damage":10.0,"enemies":"Lagavulin","floor":12.0,"turns":3.0},{"damage":2.0,"enemies":"Gremlin Nob","floor":14.0,"turns":3.0},{"damage":25,"enemies":"The Guardian","floor":16,"turns":6}],"seed_played":"3585291587293285657","potions_obtained":[{"floor":1.0,"key":"Cursed Concoction"},{"floor":5.0,"key":"Strength Potion"},{"floor":12.0,"key":"DistilledChaos"}],"is_trial":false,"path_per_floor":["M","?","?","T","M","R","?","E","T","E","?","E","$","E","R","B"],"character_chosen":"IRONCLAD","items_purchased":["Armaments","Replay:Accelerometer"],"campfire_rested":0,"item_purchase_floors":[13,13],"current_hp_per_floor":[80,60,60,60,66,66,55,61,61,22,22,18,18,22,22,0,0],"gold":33,"neow_bonus":"THREE_ENEMY_KILL","is_daily":false,"chose_seed":false,"campfire_upgraded":1,"win_rate":0.0,"timestamp":1609421064,"path_taken":["M","?","?","?","?","R","?","E","T","E","?","E","$","E","R","BOSS"],"items_purchased_type":["Card","Relic"],"build_version":"2020-12-22","purchased_purges":0,"victory":false,"max_hp_per_floor":[80,80,80,80,80,80,80,80,80,80,80,80,80,80,80,80,80],"card_choices":[{"not_picked":["Shrug It Off","Shockwave"],"picked":"Uppercut","floor":1.0},{"not_picked":["Flex","Body Slam"],"picked":"ReplayTheSpireMod:LeadingStrike","floor":5.0},{"not_picked":["Flex","Iron Wave"],"picked":"Double Tap","floor":8.0},{"not_picked":["Sentinel","Sword Boomerang"],"picked":"Twin Strike","floor":10.0},{"not_picked":["Flex","Iron Wave","Run Through"],"picked":"SKIP","floor":12.0},{"not_picked":["Shrug It Off","Havoc"],"picked":"Eclipse","floor":14.0}],"player_experience":264373,"relics_obtained":[{"floor":4.0,"key":"Replay:Bottled Steam"},{"floor":8.0,"key":"Whetstone"},{"floor":9.0,"key":"Bag of Preparation"},{"floor":10.0,"key":"Lantern"},{"floor":12.0,"key":"Replay:Kaleidoscope"},{"floor":14.0,"key":"Counterbalance"}],"event_choices":[{"damage_healed":0.0,"max_hp_gain":0.0,"max_hp_loss":0.0,"gold_gain":0.0,"event_name":"Golden Idol","player_choice":"Take Damage","floor":2.0,"gold_loss":0.0,"damage_taken":20.0,"relics_obtained":["Golden Idol"]},{"cards_removed":["Defend_R"],"damage_healed":0.0,"max_hp_gain":0.0,"max_hp_loss":0.0,"gold_gain":0.0,"event_name":"The Cleric","player_choice":"Card Removal","floor":3.0,"gold_loss":50.0,"damage_taken":0.0},{"damage_healed":0.0,"max_hp_gain":0.0,"max_hp_loss":0.0,"gold_gain":75.0,"event_name":"World of Goop","player_choice":"Gather Gold","floor":7.0,"gold_loss":0.0,"damage_taken":11.0}],"is_beta":false,"boss_relics":[],"items_purged_floors":[],"is_endless":false,"potions_floor_spawned":[1,5,12],"killed_by":"The Guardian","ascension_level":4}}