{"host":"m77rrhbqzv44va4v","time":1609405431,"event":{"mods":["AchievementEnabler","BaseMod","Colored Map","DeckTracker","Keyboard Shortcuts","Minty Spire (QoL Compilation)","StSLib","SuperFastMode","everything is the same but u backflip on backflip"],"gold_per_floor":[109,126,126,126,126,126,161,27,102,102,102,114,114,134,134,211,211,224,240,259,259,22,22,22],"floor_reached":23,"playtime":285,"items_purged":["Writhe"],"score":407,"play_id":"4483350e-99fe-46f3-85f1-a11efc4e7721","local_time":"20201231180351","is_ascension_mode":true,"campfire_choices":[{"data":"Bash","floor":6,"key":"SMITH"},{"data":"Fire Breathing","floor":10,"key":"SMITH"},{"data":"Wild Strike","floor":13,"key":"SMITH"},{"data":"Flex","floor":15,"key":"SMITH"}],"circlet_count":0,"master_deck":["AscendersBane","Strike_R","Strike_R+1","Strike_R+1","Defend_R","Defend_R","Defend_R","Defend_R","Bash+1","Battle Trance+1","Pommel Strike+1","Flex","Fire Breathing+1","Wild Strike+1","Flex+1","Immolate","Flame Barrier","Evolve"],"relics":["Burning Blood","NeowsBlessing","Kunai","Bottled Tornado","Eternal Feather","Cursed Key","White Beast Statue","Whetstone"],"acts_visited":["Exordium","TheCity"],"potions_floor_usage":[16,23,23,23,23],"damage_taken":[{"damage":0,"enemies":"Cultist","floor":1,"turns":1},{"damage":0,"enemies":"Small Slimes","floor":2,"turns":1},{"damage":0,"enemies":"Lagavulin","floor":7,"turns":1},{"damage":2,"enemies":"2 Louse","floor":12,"turns":3},{"damage":12,"enemies":"Looter","floor":14,"turns":3},{"damage":12,"enemies":"Slime Boss","floor":16,"turns":7},{"damage":1,"enemies":"Spheric Guardian","floor":18,"turns":3},{"damage":29,"enemies":"Shell Parasite","floor":19,"turns":4},{"damage":42,"enemies":"Snake Plant","floor":20,"turns":3},{"damage":37,"enemies":"Slavers","floor":23,"turns":2}],"seed_played":"5041184320676745924","potions_obtained":[{"floor":1,"key":"Regen Potion"},{"floor":16,"key":"EntropicBrew"},{"floor":19,"key":"LiquidMemories"}],"is_trial":false,"path_per_floor":["M","M","?","?","?","R","E","$","T","R","T","M","R","M","R","B",null,"M","M","M","?","$","E"],"character_chosen":"IRONCLAD","items_purchased":["Fire Breathing","Wild Strike","Whetstone"],"campfire_rested":0,"item_purchase_floors":[8,8,22],"current_hp_per_floor":[74,75,68,45,45,45,51,51,51,51,51,55,61,55,64,70,74,75,52,16,16,16,0,0],"gold":22,"neow_bonus":"THREE_ENEMY_KILL","is_daily":false,"chose_seed":false,"campfire_upgraded":4,"win_rate":0.0,"timestamp":1609405431,"path_taken":["M","?","?","?","?","R","E","$","T","R","?","M","R","M","R","BOSS","M","M","M","?","$","E"],"items_purchased_type":["Card","Card","Relic"],"build_version":"2020-12-22","purchased_purges":1,"victory":false,"max_hp_per_floor":[75,75,75,75,75,75,75,75,75,75,75,75,75,75,75,75,75,75,75,75,75,75,75,75],"card_choices":[{"not_picked":["Iron Wave","Feel No Pain"],"picked":"Battle Trance","floor":1},{"not_picked":["Rupture","Twin Strike"],"picked":"Pommel Strike","floor":2},{"not_picked":["Feel No Pain","True Grit"],"picked":"Flex","floor":7},{"not_picked":["Hemokinesis","Heavy Blade","Armaments"],"picked":"SKIP","floor":12},{"not_picked":["Pommel Strike","Body Slam"],"picked":"Flex","floor":14},{"not_picked":["Offering","Impervious"],"picked":"Immolate","floor":16},{"not_picked":["Twin Strike","Infernal Blade","Body Slam"],"picked":"SKIP","floor":18},{"not_picked":["Pommel Strike","True Grit"],"picked":"Flame Barrier","floor":19},{"not_picked":["Warcry+1","Twin Strike+1"],"picked":"Evolve","floor":20}],"player_experience":854884,"relics_obtained":[{"floor":7,"key":"Kunai"},{"floor":9,"key":"Bottled Tornado"},{"floor":11,"key":"Eternal Feather"}],"event_choices":[{"cards_removed":["Strike_R"],"damage_healed":0,"gold_gain":0,"player_choice":"Card Removal","damage_taken":7,"max_hp_gain":0,"max_hp_loss":0,"event_name":"Golden Wing","floor":3,"gold_loss":0},{"damage_healed":0,"gold_gain":0,"player_choice":"Entered Light","damage_taken":23,"max_hp_gain":0,"max_hp_loss":0,"event_name":"Shining Light","floor":4,"gold_loss":0,"cards_upgraded":["Battle Trance","Pommel Strike"]},{"cards_removed":["Strike_R"],"damage_healed":0,"gold_gain":0,"player_choice":"Forget","damage_taken":0,"max_hp_gain":0,"max_hp_loss":0,"event_name":"Living Wall","floor":5,"gold_loss":0},{"damage_healed":0,"gold_gain":0,"player_choice":"Opened","damage_taken":0,"relics_obtained":["White Beast Statue"],"max_hp_gain":0,"max_hp_loss":0,"event_name":"The Mausoleum","floor":21,"gold_loss":0,"cards_obtained":["Writhe"]}],"is_beta":false,"boss_relics":[{"not_picked":["Runic Dome","Ectoplasm"],"picked":"Cursed Key"}],"items_purged_floors":[22],"is_endless":false,"potions_floor_spawned":[1,16,19],"killed_by":"Slavers","ascension_level":18}}