{"host":"ujyomg7d1f18u2we","time":1609451310,"event":{"mods":["AchievementEnabler","AlwaysNeverKeys","Aspiration","BaseMod","Colored Map","DeckTracker","Gremlin Skip","Highlight Path","Hubris","Minty Spire (QoL Compilation)","Quick Restart","Random Character Button","StSLib"],"gold_per_floor":[113,113,288,305,305,305,330,330,412,429,462,462,473,500,500,603,603,627,525,329,356,1,36,56,56,56,56,66,85,98,114,114,223,223,242,263,263,263,273,273,26,35,35,58,117,131,145,165,165,165,165],"floor_reached":50,"playtime":1382,"items_purged":["Doubt","Injury"],"score":536,"play_id":"042519ba-d79b-4986-acfe-fa9c937c329b","local_time":"20201231184830","is_ascension_mode":false,"campfire_choices":[{"data":"Bash","floor":8,"key":"SMITH"},{"floor":15,"key":"REST"},{"data":"Heavy Blade","floor":25,"key":"SMITH"},{"data":"Defend_R","floor":27,"key":"SMITH"},{"data":"Defend_R","floor":32,"key":"SMITH"},{"floor":40,"key":"REST"},{"data":"Berserk","floor":49,"key":"SMITH"}],"circlet_count":0,"master_deck":["Strike_R","Strike_R","Strike_R","Strike_R","Defend_R+1","Defend_R+1","Defend_R","Defend_R","Bash+1","Heavy Blade+1","Flex+1","Twin Strike+1","Heavy Blade+1","Clash+1","Berserk+1","Shrug It Off+1","Sword Boomerang+1","Clash+1","Rampage+1","True Grit+1"],"relics":["Burning Blood","NeowsBlessing","hubris:Towel","Molten Egg 2","Anchor","Meat on the Bone","CeramicFish","Magic Flower","hubris:ScarierMask","PreservedInsect","CaptainsWheel","aspiration:HatOfInfinitePower","Lantern","aspiration:ChemicalBlood","HornCleat","Torii"],"acts_visited":["Exordium","TheCity","TheBeyond"],"potions_floor_usage":[14,16,18,23,33,33,33,47,47,50,50,50,50,50,50,50],"damage_taken":[{"damage":0,"enemies":"Jaw Worm","floor":1,"turns":1},{"damage":0,"enemies":"2 Louse","floor":4,"turns":1},{"damage":0,"enemies":"Lagavulin","floor":7,"turns":2},{"damage":0,"enemies":"Small Slimes","floor":10,"turns":2},{"damage":21,"enemies":"3 Sentries","floor":11,"turns":9},{"damage":5,"enemies":"3 Louse","floor":13,"turns":3},{"damage":26,"enemies":"Lagavulin","floor":14,"turns":4},{"damage":48,"enemies":"Slime Boss","floor":16,"turns":13},{"damage":29,"enemies":"Spheric Guardian","floor":18,"turns":5},{"damage":7,"enemies":"Shell Parasite","floor":21,"turns":3},{"damage":0,"enemies":"Slavers","floor":23,"turns":3},{"damage":0,"enemies":"Sentry and Sphere","floor":24,"turns":2},{"damage":10,"enemies":"Snecko","floor":28,"turns":4},{"damage":0,"enemies":"Chosen and Byrds","floor":29,"turns":3},{"damage":0,"enemies":"Cultist and Chosen","floor":30,"turns":3},{"damage":18,"enemies":"Shelled Parasite and Fungi","floor":31,"turns":4},{"damage":70,"enemies":"hubris:MusketHawk","floor":33,"turns":10},{"damage":13,"enemies":"3 Shapes","floor":35,"turns":4},{"damage":27,"enemies":"3 Darklings","floor":36,"turns":6},{"damage":50,"enemies":"Spire Growth","floor":39,"turns":6},{"damage":8,"enemies":"Transient","floor":44,"turns":5},{"damage":0,"enemies":"Mind Bloom Boss Battle","floor":45,"turns":5},{"damage":8,"enemies":"3 Darklings","floor":46,"turns":5},{"damage":36,"enemies":"Maw","floor":47,"turns":9},{"damage":9,"enemies":"4 Shapes","floor":48,"turns":6},{"damage":65,"enemies":"hubris:GrandSnecko","floor":50,"turns":10}],"seed_played":"-5307590093955037535","potions_obtained":[{"floor":1,"key":"FearPotion"},{"floor":7,"key":"Regen Potion"},{"floor":10,"key":"LiquidBronze"},{"floor":23,"key":"LiquidBronze"},{"floor":31,"key":"ElixirPotion"},{"floor":33,"key":"LiquidBronze"},{"floor":44,"key":"Ancient Potion"},{"floor":45,"key":"Dexterity Potion"},{"floor":46,"key":"HeartOfIron"},{"floor":47,"key":"Fruit Juice"}],"is_trial":false,"path_per_floor":["M","?","?","M","?","?","E","R","T","M","E","?","M","E","R","B",null,"M","?","$","M","$","E","M","R","T","R","M","M","M","M","R","B",null,"M","M","?","?","M","R","$","?","T","M","?","M","M","M","R","B"],"character_chosen":"IRONCLAD","items_purchased":["LiquidMemories","Dexterity Potion","CaptainsWheel","BlessingOfTheForge","aspiration:ChemicalBlood"],"campfire_rested":2,"item_purchase_floors":[20,20,22,22,41],"current_hp_per_floor":[80,80,80,80,80,80,80,80,80,80,65,65,66,58,80,65,80,60,60,60,62,62,71,80,80,80,80,79,80,80,71,71,28,80,76,58,58,58,35,59,59,59,59,60,69,70,69,69,69,4,4],"gold":165,"neow_bonus":"THREE_ENEMY_KILL","is_daily":false,"chose_seed":false,"campfire_upgraded":5,"win_rate":0.0,"timestamp":1609451310,"path_taken":["M","?","?","M","?","?","E","R","T","M","E","?","M","E","R","BOSS","M","?","$","M","$","E","M","R","T","R","M","M","M","M","R","BOSS","M","?","?","?","M","R","$","?","T","?","?","M","M","M","R","BOSS"],"items_purchased_type":["Potion","Potion","Relic","Potion","Relic"],"build_version":"2020-12-22","purchased_purges":2,"victory":false,"max_hp_per_floor":[80,80,80,80,80,80,80,80,80,80,80,80,80,80,80,80,80,80,80,80,80,80,80,80,80,80,80,80,80,80,80,80,80,80,80,80,80,80,80,80,80,80,80,80,80,80,85,85,85,85,85],"card_choices":[{"not_picked":["Combust","Carnage"],"picked":"Heavy Blade","floor":1},{"not_picked":["Wild Strike","Burning Pact"],"picked":"Flex","floor":4},{"not_picked":["Infernal Blade","Clothesline+1"],"picked":"Twin Strike+1","floor":7},{"not_picked":["Clothesline+1","Thunderclap+1","Flex"],"picked":"SKIP","floor":10},{"not_picked":["Body Slam+1","Thunderclap+1","Searing Blow+1"],"picked":"SKIP","floor":11},{"not_picked":["Thunderclap+1","Rage","Sever Soul+1"],"picked":"SKIP","floor":13},{"not_picked":["Juggernaut","Pummel+1","Evolve"],"picked":"SKIP","floor":14},{"not_picked":["Uppercut+1","Warcry"],"picked":"Heavy Blade+1","floor":18},{"not_picked":["Flex","hubris:ReadiedAction"],"picked":"Clash+1","floor":21},{"not_picked":["Iron Wave+1","Whirlwind+1","Thunderclap+1"],"picked":"SKIP","floor":23},{"not_picked":["Dropkick+1","Dark Embrace+1","Pommel Strike+1"],"picked":"SKIP","floor":24},{"not_picked":["Seeing Red","Dual Wield","Sentinel"],"picked":"SKIP","floor":28},{"not_picked":["Iron Wave+1","Bloodletting","Clothesline+1"],"picked":"SKIP","floor":29},{"not_picked":["Dark Embrace+1","Thunderclap+1","Clash+1"],"picked":"SKIP","floor":30},{"not_picked":["Headbutt+1","Clothesline+1","hubris:CleavingFinish+1"],"picked":"SKIP","floor":31},{"not_picked":["Bludgeon+1","Double Tap"],"picked":"Berserk","floor":33},{"not_picked":["Heavy Blade+1","Uppercut+1","Anger+1"],"picked":"SKIP","floor":35},{"not_picked":["Twin Strike+1","Combust+1"],"picked":"Shrug It Off+1","floor":36},{"not_picked":["Wild Strike+1","Searing Blow+1","Body Slam+1"],"picked":"SKIP","floor":39},{"not_picked":["hubris:SharpeningStone+1","Thunderclap+1"],"picked":"Clash+1","floor":44},{"not_picked":["True Grit","Cleave+1"],"picked":"Rampage+1","floor":45},{"not_picked":["Heavy Blade+1","Armaments","Headbutt+1"],"picked":"SKIP","floor":46},{"not_picked":["Thunderclap+1","Whirlwind+1","Searing Blow+1"],"picked":"SKIP","floor":47},{"not_picked":["Infernal Blade","Power Through+1"],"picked":"True Grit+1","floor":48}],"player_experience":1569119,"relics_obtained":[{"floor":7,"key":"Anchor"},{"floor":9,"key":"Meat on the Bone"},{"floor":11,"key":"CeramicFish"},{"floor":14,"key":"Magic Flower"},{"floor":23,"key":"aspiration:HatOfInfinitePower"},{"floor":26,"key":"Lantern"},{"floor":43,"key":"HornCleat"},{"floor":45,"key":"Torii"}],"event_choices":[{"damage_healed":0,"gold_gain":175,"player_choice":"AGREE","damage_taken":0,"max_hp_gain":0,"max_hp_loss":0,"event_name":"Liars Game","floor":3,"gold_loss":0,"cards_obtained":["Doubt"]},{"damage_healed":0,"gold_gain":0,"player_choice":"Ignored","damage_taken":0,"max_hp_gain":0,"max_hp_loss":0,"event_name":"Shining Light","floor":12,"gold_loss":0},{"damage_healed":0,"gold_gain":0,"player_choice":"Paid Gold","damage_taken":0,"relics_obtained":["PreservedInsect"],"max_hp_gain":0,"max_hp_loss":0,"event_name":"WeMeetAgain","floor":19,"gold_loss":102},{"damage_healed":0,"gold_gain":0,"player_choice":"Memory 1","damage_taken":0,"max_hp_gain":0,"max_hp_loss":0,"event_name":"SensoryStone","floor":38,"gold_loss":0},{"damage_healed":0,"gold_gain":0,"cards_transformed":["Strike_R"],"player_choice":"Transformed","damage_taken":0,"max_hp_gain":0,"max_hp_loss":0,"event_name":"Transmorgrifier","floor":42,"gold_loss":0,"cards_obtained":["Sword Boomerang"]},{"damage_healed":0,"gold_gain":0,"player_choice":"Fight","damage_taken":0,"max_hp_gain":0,"max_hp_loss":0,"event_name":"MindBloom","floor":45,"gold_loss":0}],"is_beta":false,"boss_relics":[{"not_picked":["Pandora\u0027s Box","SlaversCollar"],"picked":"hubris:ScarierMask"},{"not_picked":["aspiration:FutureDiary","Coffee Dripper","aspiration:RunicSpoon"]}],"items_purged_floors":[20,41],"is_endless":false,"potions_floor_spawned":[1,7,10,11,23,24,29,31,33,44,45,46],"killed_by":"hubris:GrandSnecko","ascension_level":0}}