{"host":"tuvyjqp461ike1dm","time":1609383889,"event":{"mods":["BaseMod","Downfall","Duelist Mod","Minty Spire (QoL Compilation)","Replay The Spire","StSLib","Wandering Minibosses"],"gold_per_floor":[159,159,159,174,282,344,415,415,480,527,601,222,294,311,330,340,340,340],"floor_reached":16,"playtime":2101,"items_purged":["Slimebound:Strike_Slimebound"],"score":110,"play_id":"0232f1f2-8ead-456c-835d-62ab3b16f08b","local_time":"20201230220449","is_ascension_mode":false,"campfire_choices":[{"data":"Slimebound:ComboTackle","floor":8,"key":"SMITH"}],"circlet_count":0,"master_deck":["Slimebound:Strike_Slimebound","Slimebound:Strike_Slimebound","Slimebound:Tackle","Slimebound:Defend_Slimebound","Slimebound:Defend_Slimebound","Slimebound:Defend_Slimebound","Slimebound:Defend_Slimebound","Slimebound:Split","Slimebound:CorrosiveSpit","Slimebound:RainOfGoop","Shame","Slimebound:GrowthPunch","Slimebound:ItLooksTasty","Slimebound:ComboTackle+1","Slimebound:SlimeTap","Slimebound:LivingWall","Slimebound:FinishingTackle","Slimebound:LevelUp","Slimebound:SplitMire","Slimebound:SpikyOuterGoop"],"relics":["Slimebound:AbsorbEndCombat","downfall:HeartsMalice","ReplayTheSpireMod:Ring of Challenge","Ring of Hypnosis","Slimebound:MaxSlimesRelic","Chameleon Ring","Replay:Bandana","Darkstone Periapt","Pet Ghost","Pen Nib","Bag of Marbles"],"acts_visited":["Exordium"],"potions_floor_usage":[10,10,16],"damage_taken":[{"damage":0,"enemies":"Jaw Worm","floor":2,"turns":1},{"damage":0,"enemies":"Small Slimes","floor":4,"turns":1},{"damage":0,"enemies":"Lagavulin Event","floor":5,"turns":1},{"damage":18,"enemies":"2 Louse","floor":6,"turns":3},{"damage":34,"enemies":"Lots of Slimes","floor":9,"turns":4},{"damage":33,"enemies":"Lagavulin","floor":10,"turns":3},{"damage":24,"enemies":"2 Fungi Beasts","floor":11,"turns":4},{"damage":11,"enemies":"downfall:FleeingMerchant","floor":12,"turns":4},{"damage":30,"enemies":"Replay:BlueRogue","floor":13,"turns":5},{"damage":28,"enemies":"Exordium Thugs","floor":14,"turns":3},{"damage":15,"enemies":"Exordium Wildlife","floor":15,"turns":4},{"damage":71,"enemies":"downfall:Defect","floor":16,"turns":6}],"seed_played":"-8591766297923470729","potions_obtained":[{"floor":5,"key":"Venom Potion"},{"floor":9,"key":"Adrenaline Potion"},{"floor":11,"key":"Elixir"},{"floor":13,"key":"PowerPotion"},{"floor":14,"key":"Toxic Potion"}],"is_trial":false,"path_per_floor":["R","M","?","M","?","M","T","R","M","E","M","$","E","M","M","B"],"character_chosen":"SLIMEBOUND","items_purchased":["Pet Ghost","Pen Nib"],"campfire_rested":0,"item_purchase_floors":[12,12],"current_hp_per_floor":[60,60,60,60,60,54,54,54,44,27,31,48,38,34,43,0,0,0],"gold":340,"neow_bonus":"THREE_ENEMY_KILL","is_daily":false,"chose_seed":false,"campfire_upgraded":1,"win_rate":0.0,"timestamp":1609383889,"path_taken":["R","M","?","M","?","M","T","R","M","E","M","?","E","M","M","BOSS"],"items_purchased_type":["Relic","Relic"],"build_version":"2020-12-22","purchased_purges":1,"victory":false,"max_hp_per_floor":[60,60,60,60,60,60,60,60,60,60,60,60,60,60,60,60,60,60],"card_choices":[{"not_picked":["Slimebound:SamplingLick","Slimebound:ProtectTheBoss"],"picked":"Slimebound:RainOfGoop","floor":2},{"not_picked":["Slimebound:GoopSpray","Slimebound:PressTheAttack"],"picked":"Slimebound:GrowthPunch","floor":4},{"not_picked":["Slimebound:SlimeSpikes","Slimebound:LeechEnergy"],"picked":"Slimebound:ItLooksTasty","floor":5},{"not_picked":["Slimebound:SamplingLick","Slimebound:TongueLash"],"picked":"Slimebound:ComboTackle","floor":6},{"not_picked":["Slimebound:SamplingLick","Slimebound:LeechingTouch"],"picked":"Slimebound:SlimeTap","floor":9},{"not_picked":["Slimebound:SplitLeeching","Slimebound:Prepare"],"picked":"Slimebound:LivingWall","floor":10},{"not_picked":["Slimebound:RollThrough","Slimebound:LeechEnergy"],"picked":"Slimebound:FinishingTackle","floor":11},{"not_picked":["Slimebound:LivingWall","Slimebound:RollThrough"],"picked":"Slimebound:LevelUp","floor":12},{"not_picked":["Slimebound:ComboTackle","Slimebound:SplitBruiser"],"picked":"Slimebound:SplitMire","floor":13},{"not_picked":["Slimebound:GrowthPunch","Slimebound:Dissolve","Slimebound:ForwardTackle"],"picked":"SKIP","floor":14},{"not_picked":["Slimebound:MinionMaster","Slimebound:Chomp"],"picked":"Slimebound:SpikyOuterGoop","floor":15}],"player_experience":15427,"relics_obtained":[{"floor":3,"key":"ReplayTheSpireMod:Ring of Challenge"},{"floor":3,"key":"Ring of Hypnosis"},{"floor":7,"key":"Chameleon Ring"},{"floor":9,"key":"Replay:Bandana"},{"floor":10,"key":"Darkstone Periapt"},{"floor":13,"key":"Bag of Marbles"}],"event_choices":[],"is_beta":false,"boss_relics":[],"items_purged_floors":[12],"is_endless":false,"potions_floor_spawned":[5,9,11,13,14],"killed_by":"downfall:Defect","ascension_level":0}}