{"host":"yvb207ks1sg3cxef","time":1609439240,"event":{"mods":["2.2 Compatiblity","BaseMod","Bestiary","Colored Powertips","Minty Spire (QoL Compilation)","Permanent Neow","Quick Restart","Relic Stats","StSLib"],"gold_per_floor":[109,126,145,223,242,274,274,308,308,308,337,353,353,353,353,426,426,442,442,442,442,100,125,125,139,166,77,77,77],"floor_reached":28,"playtime":1175,"items_purged":["Writhe"],"score":530,"play_id":"7d76af8d-adc9-4714-a965-fdbbbd7c335c","local_time":"20201231235720","is_ascension_mode":true,"campfire_choices":[{"data":"Deadly Poison","floor":10.0,"key":"SMITH"},{"data":"Prepared","floor":13.0,"key":"SMITH"},{"data":"Deadly Poison","floor":15.0,"key":"SMITH"},{"data":"Tools of the Trade","floor":24.0,"key":"SMITH"}],"circlet_count":0,"master_deck":["AscendersBane","Strike_G+1","Strike_G+1","Strike_G+1","Strike_G+1","Defend_G+1","Defend_G+1","Defend_G+1","Defend_G+1","Defend_G+1","Survivor","Neutralize","Dash","Skewer","Dash","Escape Plan","Deadly Poison+1","Prepared+1","Deadly Poison+1","Dagger Spray","Tools of the Trade+1","PiercingWail","Leg Sweep","Master of Strategy","Outmaneuver","Crippling Poison","Noxious Fumes"],"relics":["Runic Pyramid","Eternal Feather","Bag of Preparation","Ice Cream","Pantograph","Boot","HoveringKite","Omamori","Oddly Smooth Stone","Unceasing Top"],"acts_visited":["Exordium","TheCity"],"potions_floor_usage":[],"damage_taken":[{"damage":0.0,"enemies":"Cultist","floor":1.0,"turns":5.0},{"damage":0.0,"enemies":"Small Slimes","floor":2.0,"turns":4.0},{"damage":0.0,"enemies":"2 Louse","floor":3.0,"turns":4.0},{"damage":2.0,"enemies":"Exordium Wildlife","floor":5.0,"turns":4.0},{"damage":0.0,"enemies":"3 Sentries","floor":6.0,"turns":10.0},{"damage":14.0,"enemies":"Gremlin Nob","floor":8.0,"turns":4.0},{"damage":5.0,"enemies":"3 Sentries","floor":11.0,"turns":10.0},{"damage":1.0,"enemies":"Looter","floor":12.0,"turns":3.0},{"damage":8.0,"enemies":"The Guardian","floor":16.0,"turns":10.0},{"damage":9.0,"enemies":"2 Thieves","floor":18.0,"turns":4.0},{"damage":40.0,"enemies":"Book of Stabbing","floor":23.0,"turns":9.0},{"damage":0.0,"enemies":"3 Byrds","floor":25.0,"turns":5.0},{"damage":36,"enemies":"Slavers","floor":28,"turns":4}],"seed_played":"-4327331850058415079","potions_obtained":[{"floor":1.0,"key":"Swift Potion"},{"floor":3.0,"key":"Fire Potion"},{"floor":6.0,"key":"Fruit Juice"},{"floor":11.0,"key":"LiquidMemories"},{"floor":16.0,"key":"LiquidMemories"}],"is_trial":false,"path_per_floor":["M","M","M","T","M","E","?","E","T","R","E","M","R","?","R","B",null,"M","?","?","?","$","E","R","M","T","$","E"],"character_chosen":"THE_SILENT","items_purchased":["Leg Sweep","Master of Strategy","Noxious Fumes"],"campfire_rested":0,"item_purchase_floors":[22,22,27],"current_hp_per_floor":[59,59,59,59,57,57,37,23,23,32,32,31,43,36,48,63,69,60,60,60,60,60,20,35,35,35,35,0,0],"gold":77,"neow_bonus":"BOSS_RELIC","is_daily":false,"chose_seed":false,"campfire_upgraded":4,"win_rate":0.0,"timestamp":1609439240,"path_taken":["M","M","M","?","M","E","?","E","T","R","E","M","R","?","R","BOSS","M","?","?","?","$","E","R","M","T","$","E"],"items_purchased_type":["Card","Card","Card"],"build_version":"2020-12-22","purchased_purges":1,"victory":false,"max_hp_per_floor":[66,66,66,66,66,66,66,66,66,66,71,71,71,71,71,71,71,71,71,71,71,71,71,71,71,71,71,71,71],"relic_stats":{"counters":[13,76],"Pantograph":23,"HoveringKite":[12],"Eternal Feather":48,"Bag of Preparation":[16],"Boot":[64],"obtain_stats":[{"Ice Cream":8,"Pantograph":9,"HoveringKite":17,"Oddly Smooth Stone":21,"Eternal Feather":4,"Bag of Preparation":6,"Omamori":20,"Boot":11,"Unceasing Top":23,"Ring of the Snake":0,"Runic Pyramid":0},{"Ice Cream":6,"Pantograph":6,"HoveringKite":9,"Oddly Smooth Stone":10,"Eternal Feather":3,"Bag of Preparation":5,"Omamori":10,"Boot":7,"Unceasing Top":11,"Ring of the Snake":0,"Runic Pyramid":0},{"Ice Cream":31,"Pantograph":31,"HoveringKite":54,"Oddly Smooth Stone":58,"Eternal Feather":13,"Bag of Preparation":27,"Omamori":58,"Boot":41,"Unceasing Top":67,"Ring of the Snake":0,"Runic Pyramid":0}],"Unceasing Top":[0]},"card_choices":[{"not_picked":["Blur","Prepared"],"picked":"Dash","floor":1.0},{"not_picked":["Riddle With Holes","Deflect"],"picked":"Skewer","floor":2.0},{"not_picked":["Sucker Punch","Flechettes"],"picked":"Dash","floor":3.0},{"not_picked":["Skewer","Bane"],"picked":"Escape Plan","floor":5.0},{"not_picked":["Caltrops","PiercingWail"],"picked":"Deadly Poison","floor":6.0},{"not_picked":["Backflip","Sucker Punch"],"picked":"Prepared","floor":8.0},{"not_picked":["Expertise","Infinite Blades"],"picked":"Deadly Poison","floor":11.0},{"not_picked":["Dodge and Roll","Deflect"],"picked":"Dagger Spray","floor":12.0},{"not_picked":["A Thousand Cuts","Unload"],"picked":"Tools of the Trade","floor":16.0},{"not_picked":["Choke","Prepared"],"picked":"PiercingWail","floor":18.0},{"not_picked":["Riddle With Holes","Poisoned Stab"],"picked":"Outmaneuver","floor":23.0},{"not_picked":["Bane","Cloak And Dagger"],"picked":"Crippling Poison","floor":25.0}],"player_experience":254762,"relics_obtained":[{"floor":4.0,"key":"Eternal Feather"},{"floor":6.0,"key":"Bag of Preparation"},{"floor":8.0,"key":"Ice Cream"},{"floor":9.0,"key":"Pantograph"},{"floor":11.0,"key":"Boot"},{"floor":21.0,"key":"Oddly Smooth Stone"},{"floor":23.0,"key":"Unceasing Top"}],"event_choices":[{"damage_healed":0.0,"max_hp_gain":0.0,"max_hp_loss":0.0,"gold_gain":0.0,"event_name":"Shining Light","player_choice":"Entered Light","floor":7.0,"gold_loss":0.0,"damage_taken":20.0,"cards_upgraded":["Strike_G","Strike_G"]},{"cards_removed":["Strike_G"],"damage_healed":0.0,"max_hp_gain":0.0,"max_hp_loss":0.0,"gold_gain":0.0,"event_name":"Golden Wing","player_choice":"Card Removal","floor":14.0,"gold_loss":0.0,"damage_taken":7.0},{"damage_healed":0.0,"max_hp_gain":0.0,"max_hp_loss":0.0,"gold_gain":0.0,"event_name":"Back to Basics","player_choice":"Simplicity","floor":19.0,"gold_loss":0.0,"damage_taken":0.0,"cards_upgraded":["Strike_G","Strike_G","Defend_G","Defend_G","Defend_G","Defend_G","Defend_G"]},{"damage_healed":0.0,"max_hp_gain":0.0,"max_hp_loss":0.0,"gold_gain":0.0,"event_name":"The Mausoleum","player_choice":"Opened","floor":20.0,"gold_loss":0.0,"damage_taken":0.0,"relics_obtained":["Omamori"],"cards_obtained":["Writhe"]},{"damage_healed":0.0,"max_hp_gain":0.0,"max_hp_loss":0.0,"gold_gain":0.0,"event_name":"Wheel of Change","player_choice":"Relic","floor":21.0,"gold_loss":0.0,"damage_taken":0.0}],"is_beta":false,"boss_relics":[{"not_picked":["Snecko Eye","Calling Bell"],"picked":"HoveringKite"}],"items_purged_floors":[22],"is_endless":false,"potions_floor_spawned":[1,3,6,11,16],"killed_by":"Slavers","ascension_level":18}}