{"host":"7k2a2omxz3voj5ax","time":1609431819,"event":{"mods":["BaseMod","Marisa£¨ìFÓê¡¡Ä§ÀíÉ³£©","Minty Spire (QoL Compilation)","Quick Restart","Spicy Shops","StSLib","Starting Relic: Pandora\u0027s Box","óô»ðÖ¸ÄÏ"],"gold_per_floor":[135,164,164,183,212,242,253,285,285,307,334,409,409,459,459,536,586,600,1230,1241,1241,1116,1116,1116],"floor_reached":23,"playtime":885,"items_purged":["UpSweep","OpenUniverse","Robbery"],"score":506,"play_id":"8d404521-5c80-458b-951f-bdbadb4b41fb","local_time":"20210101012339","is_ascension_mode":true,"campfire_choices":[{"data":"BlazeAway","floor":13.0,"key":"SMITH"},{"data":"MeteoricShower","floor":15.0,"key":"SMITH"}],"circlet_count":0,"master_deck":["AscendersBane","MasterSpark","WitchLeyline","MachineGunSpark","OortCloud","PowerUp","MeteoricShower+1","FinalSpark","MilkyWay","BlazeAway+1","EscapeVelocity+1","AsteroidBelt","OrrerysSun","AsteroidBelt"],"relics":["MiniHakkero","CultistMask","Omamori","Turnip","Tiny House","Oddly Smooth Stone"],"acts_visited":["Exordium","TheCity"],"potions_floor_usage":[23],"damage_taken":[{"damage":0.0,"enemies":"Small Slimes","floor":1.0,"turns":2.0},{"damage":0.0,"enemies":"Cultist","floor":2.0,"turns":2.0},{"damage":6.0,"enemies":"Jaw Worm","floor":4.0,"turns":3.0},{"damage":6.0,"enemies":"Looter","floor":5.0,"turns":2.0},{"damage":0.0,"enemies":"Gremlin Nob","floor":6.0,"turns":2.0},{"damage":0.0,"enemies":"Gremlin Gang","floor":7.0,"turns":1.0},{"damage":0.0,"enemies":"Lagavulin","floor":8.0,"turns":4.0},{"damage":5.0,"enemies":"2 Fungi Beasts","floor":10.0,"turns":3.0},{"damage":7.0,"enemies":"Lots of Slimes","floor":11.0,"turns":2.0},{"damage":20.0,"enemies":"The Guardian","floor":16.0,"turns":6.0},{"damage":0.0,"enemies":"Spheric Guardian","floor":18.0,"turns":1.0},{"damage":4.0,"enemies":"3 Byrds","floor":20.0,"turns":3.0},{"damage":60,"enemies":"Slavers","floor":23,"turns":4}],"seed_played":"-695735720281505497","potions_obtained":[{"floor":2.0,"key":"Explosive Potion"},{"floor":4.0,"key":"SteroidPotion"},{"floor":16.0,"key":"AttackPotion"},{"floor":17.0,"key":"SteroidPotion"},{"floor":20.0,"key":"DistilledChaos"}],"is_trial":false,"path_per_floor":["M","M","?","M","M","E","M","E","T","M","M","?","R","?","R","B",null,"M","$","M","?","$","E"],"character_chosen":"MARISA","items_purchased":["OrrerysSun","AsteroidBelt"],"campfire_rested":0,"item_purchase_floors":[19,19],"current_hp_per_floor":[63,63,63,57,51,51,51,51,51,46,39,28,28,28,28,8,54,54,54,50,50,50,0,0],"gold":1116,"neow_bonus":"THREE_RARE_CARDS","is_daily":false,"chose_seed":false,"campfire_upgraded":2,"win_rate":0.0,"timestamp":1609431819,"path_taken":["M","M","?","M","M","E","M","E","T","M","?","?","R","?","R","BOSS","M","$","?","?","$","E"],"items_purchased_type":["Card","Card"],"build_version":"2020-12-22","purchased_purges":3,"victory":false,"max_hp_per_floor":[63,63,63,63,63,63,63,63,63,63,63,63,63,63,63,63,68,68,68,68,68,68,68,68],"card_choices":[{"not_picked":["MillisecondPulsars","MaximisePower"],"picked":"FinalSpark","floor":0.0},{"not_picked":["MysteriousBeam","UnstableBomb"],"picked":"MilkyWay","floor":1.0},{"not_picked":["LuminesStrike","ShootingEcho","WitchOfGreed"],"picked":"SKIP","floor":2.0},{"not_picked":["SporeBomb","MachineGunSpark","ShootingEcho"],"picked":"SKIP","floor":4.0},{"not_picked":["NonDirectionalLaser","DC","GalacticHalo"],"picked":"SKIP","floor":5.0},{"not_picked":["AbsoluteMagnitude","LuminesStrike","IllusionStar"],"picked":"SKIP","floor":6.0},{"not_picked":["NonDirectionalLaser","SporeBomb","DragonMeteor"],"picked":"SKIP","floor":7.0},{"not_picked":["LuminesStrike","NonDirectionalLaser","UnstableBomb"],"picked":"SKIP","floor":8.0},{"not_picked":["GrandCross","WitchLeyline","DarkMatter"],"picked":"SKIP","floor":10.0},{"not_picked":["OneTimeOff","LuminesStrike"],"picked":"BlazeAway","floor":11.0},{"not_picked":["TreasureHunter","AbsoluteMagnitude"],"picked":"EscapeVelocity","floor":16.0},{"not_picked":["Occultation","Acceleration"],"picked":"AsteroidBelt","floor":17.0},{"not_picked":["NonDirectionalLaser","SporeBomb","DeepEcoloBomb"],"picked":"SKIP","floor":18.0},{"not_picked":["NonDirectionalLaser","MysteriousBeam","OpenUniverse"],"picked":"SKIP","floor":20.0}],"player_experience":379589,"relics_obtained":[{"floor":6.0,"key":"Omamori"},{"floor":8.0,"key":"Turnip"}],"event_choices":[{"damage_healed":0.0,"max_hp_gain":0.0,"max_hp_loss":0.0,"gold_gain":0.0,"event_name":"FaceTrader","player_choice":"Trade","floor":3.0,"gold_loss":0.0,"damage_taken":0.0,"relics_obtained":["CultistMask"]},{"damage_healed":0.0,"max_hp_gain":0.0,"max_hp_loss":0.0,"gold_gain":75.0,"event_name":"World of Goop","player_choice":"Gather Gold","floor":12.0,"gold_loss":0.0,"damage_taken":11.0},{"damage_healed":0.0,"max_hp_gain":0.0,"max_hp_loss":0.0,"gold_gain":50.0,"event_name":"Golden Shrine","player_choice":"Pray","floor":14.0,"gold_loss":0.0,"damage_taken":0.0},{"cards_removed":["FairyDestructionRay"],"damage_healed":0.0,"max_hp_gain":0.0,"max_hp_loss":0.0,"gold_gain":0.0,"event_name":"WeMeetAgain","player_choice":"Gave Card","floor":21.0,"gold_loss":0.0,"damage_taken":0.0,"relics_obtained":["Oddly Smooth Stone"]}],"is_beta":false,"boss_relics":[{"not_picked":["Runic Dome","Snecko Eye"],"picked":"Tiny House"}],"items_purged_floors":[19,19,22],"is_endless":false,"potions_floor_spawned":[2,4,11,16,20],"killed_by":"Slavers","ascension_level":20}}