{"host":"q79spna8ofw6hj3r","time":1609386725,"event":{"mods":["Aspiration","Bard","BaseMod","Beaked The Cultist","Bestiary","Better Altar","Better Match","Better Note","Better Sensory Stone","Better Skull","Better Third Choice","Better Vampires","BetterRewards","Block Reminder","Challenge The Spire","Colored Map","Colored Powertips","Conspire","Custom Start","Energized Spire","Friendly Minions","Halation","Hubris","Infinite Spire","Jedi Mod","Mimic Mod","Minty Spire (QoL Compilation)","Permanent Neow","Quick Restart","Relic Filter","Relic Sorter","Replay The Spire","Shop Mod","StSLib","SuperFastMode","Synergy Search","The Cursed","The Hierophant","The Runesmith","slay the spire mod where everything is the same but ironclad has a cowboy hat","vexMod"],"gold_per_floor":[119,294,309,319,319,319,345,345,375,375,22,49,49,60,60,161,161,179,179,198,198,218,238,238],"floor_reached":23,"playtime":1033,"items_purged":["Doubt","beaked:Strike_Y"],"score":249,"play_id":"9d16b2f4-5a45-40f2-81de-67b31027d3fb","local_time":"20201231055205","is_ascension_mode":false,"campfire_choices":[{"data":"beaked:Evade","floor":6,"key":"SMITH"},{"floor":8,"key":"REST"},{"data":"beaked:Ceremony","floor":10,"key":"SMITH"},{"data":"beaked:Insight","floor":15,"key":"SMITH"}],"circlet_count":0,"master_deck":["beaked:Strike_Y","beaked:Strike_Y","beaked:Strike_Y","beaked:Strike_Y","beaked:Strike_Y","beaked:Defend_Y","beaked:Defend_Y","beaked:Defend_Y","beaked:Defend_Y","beaked:Ceremony+1","beaked:Ceremony+1","beaked:Ceremony+1","beaked:Evade+1","beaked:Windmill","beaked:Windmill+1","beaked:MachineSpirit+1","beaked:AwakenedForm+1","beaked:Insight+1"],"relics":["beaked:MendingPlumage","FossilizedHelix","infinitespire:Lucky Rock","Strange Spoon","conspire:TopHat","hubris:Stopwatch","vexMod:TanglingVine","Guide Book","infinitespire:Midas Blood"],"acts_visited":["Exordium","TheCity"],"potions_floor_usage":[7,7,16,23,23],"damage_taken":[{"damage":11,"enemies":"Jaw Worm","floor":1,"turns":5},{"damage":19,"enemies":"2 Louse","floor":3,"turns":5},{"damage":2,"enemies":"Small Slimes","floor":4,"turns":3},{"damage":55,"enemies":"Gremlin Nob","floor":7,"turns":6},{"damage":2,"enemies":"Blue Slaver","floor":9,"turns":8},{"damage":21,"enemies":"3 Sentries","floor":12,"turns":8},{"damage":7,"enemies":"Blue Slaver","floor":14,"turns":4},{"damage":0,"enemies":"Slime Boss","floor":16,"turns":7},{"damage":26,"enemies":"Chosen","floor":18,"turns":5},{"damage":21,"enemies":"Shell Parasite","floor":20,"turns":5},{"damage":20,"enemies":"Centurion and Healer","floor":22,"turns":6},{"damage":74,"enemies":"Slavers","floor":23,"turns":5}],"seed_played":"4584142592904977250","potions_obtained":[{"floor":1,"key":"ColorlessPotion"},{"floor":4,"key":"Languid Potion"},{"floor":7,"key":"ColorlessPotion"},{"floor":14,"key":"Explosive Potion"},{"floor":18,"key":"Swift Potion"}],"is_trial":false,"path_per_floor":["M","?","M","M","?","R","E","R","MIM","R","$","E","?","M","R","B",null,"M","AVR","M","?","M","E"],"character_chosen":"BEAKED_THE_CULTIST","items_purchased":["beaked:Windmill","Strange Spoon","beaked:MachineSpirit"],"campfire_rested":1,"item_purchase_floors":[11,11,11],"current_hp_per_floor":[50,50,44,50,50,50,4,19,37,37,37,44,44,50,50,50,50,32,32,44,44,49,0,0],"gold":238,"neow_bonus":"UPGRADE_CARD","is_daily":false,"chose_seed":false,"campfire_upgraded":3,"win_rate":0.0,"timestamp":1609386725,"path_taken":["M","?","M","M","?","R","E","R","MIM","R","$","E","?","M","R","BOSS","M","AVR","M","?","M","E"],"items_purchased_type":["Card","Relic","Card"],"build_version":"2020-12-22","purchased_purges":2,"victory":false,"max_hp_per_floor":[50,50,50,50,50,50,50,50,50,50,50,50,50,50,50,50,50,50,50,50,50,50,50,50],"card_choices":[{"not_picked":["beaked:Tweet","beaked:Poke"],"picked":"beaked:Evade","floor":1},{"not_picked":["beaked:WarriorEssence","beaked:Brace"],"picked":"beaked:Windmill","floor":3},{"not_picked":["beaked:Brace","beaked:DigDeep","ReplayTheSpireMod:Prepare the Ceremony"],"picked":"SKIP","floor":4},{"not_picked":["beaked:Redirect","beaked:StunningBlow","beaked:CursingBlood"],"picked":"SKIP","floor":7},{"not_picked":["beaked:Struggle","beaked:Brainwash"],"picked":"beaked:AwakenedForm","floor":12},{"not_picked":["beaked:Cower","beaked:Foresight"],"picked":"beaked:Insight","floor":14},{"not_picked":["beaked:Daydream+1","beaked:SurvivalInstinct+1","beaked:Evade"],"picked":"SKIP","floor":18},{"not_picked":["beaked:Flinch","beaked:CursingBlood","beaked:VigorBurst"],"picked":"SKIP","floor":20},{"not_picked":["beaked:Cower","beaked:BloodForTheGods","beaked:WarriorSpirit+1"],"picked":"SKIP","floor":22}],"player_experience":238581,"relics_obtained":[{"floor":7,"key":"FossilizedHelix"},{"floor":9,"key":"infinitespire:Lucky Rock"},{"floor":12,"key":"conspire:TopHat"},{"floor":21,"key":"infinitespire:Midas Blood"}],"event_choices":[{"damage_healed":0,"gold_gain":175,"player_choice":"AGREE","damage_taken":119,"max_hp_gain":0,"max_hp_loss":0,"event_name":"betterThird:BetterSerpent","floor":2,"gold_loss":0},{"damage_healed":0,"gold_gain":0,"player_choice":"Relic","damage_taken":0,"max_hp_gain":0,"max_hp_loss":0,"event_name":"Wheel of Change","floor":21,"gold_loss":0}],"is_beta":false,"boss_relics":[{"not_picked":["Painkiller Herb","hubris:BlackHole"],"picked":"hubris:Stopwatch"}],"items_purged_floors":[11,19],"is_endless":false,"potions_floor_spawned":[1,4,7,14,18],"killed_by":"Slavers","ascension_level":0}}