{"host":"akjsb4vg7478j4ls","time":1609441966,"event":{"mods":["BaseMod","Colored Powertips","Minty Spire (QoL Compilation)","Rare Cards Sparkle"],"gold_per_floor":[109,119,294,312,312,322,20,30,98,108,108,141,141,152,152,254,254,264,279,295,16,36,36,36],"floor_reached":23,"playtime":1201,"items_purged":[],"score":197,"play_id":"90d3f480-a0eb-4900-9732-56178cdae2fe","local_time":"20201231171246","is_ascension_mode":false,"campfire_choices":[{"floor":13,"key":"REST"},{"data":"Whirlwind","floor":15,"key":"SMITH"}],"circlet_count":0,"master_deck":["Strike_R","Strike_R","Strike_R","Strike_R","Strike_R","Defend_R","Defend_R","Defend_R","Defend_R","Bash","Flex+1","Iron Wave","Doubt","Whirlwind+1","Flex","Twin Strike","Pommel Strike","Cleave+1","Perfected Strike+1","Shrug It Off","Barricade","Entrench+1","Iron Wave+1","Sever Soul+1","Seeing Red","Double Tap"],"relics":["Sozu","Mercury Hourglass","Molten Egg 2","Calipers","Runic Pyramid","Frozen Egg 2"],"acts_visited":["Exordium","TheCity"],"potions_floor_usage":[],"damage_taken":[{"damage":0,"enemies":"2 Louse","floor":1,"turns":4},{"damage":0,"enemies":"Small Slimes","floor":2,"turns":3},{"damage":0,"enemies":"Jaw Worm","floor":4,"turns":3},{"damage":0,"enemies":"3 Louse","floor":6,"turns":1},{"damage":16,"enemies":"Large Slime","floor":8,"turns":4},{"damage":0,"enemies":"Looter","floor":10,"turns":2},{"damage":8,"enemies":"Gremlin Nob","floor":12,"turns":3},{"damage":8,"enemies":"Exordium Thugs","floor":14,"turns":2},{"damage":10,"enemies":"Slime Boss","floor":16,"turns":5},{"damage":0,"enemies":"Chosen","floor":18,"turns":3},{"damage":9,"enemies":"Shell Parasite","floor":19,"turns":5},{"damage":15,"enemies":"Sentry and Sphere","floor":20,"turns":4},{"damage":3,"enemies":"Snecko","floor":22,"turns":4},{"damage":55,"enemies":"Gremlin Leader","floor":23,"turns":3}],"seed_played":"4596139353582862478","potions_obtained":[],"is_trial":false,"path_per_floor":["M","M","?","M","?","M","$","M","T","M","?","E","R","M","R","B",null,"M","M","M","$","M","E"],"character_chosen":"IRONCLAD","items_purchased":["Mercury Hourglass","Twin Strike","Frozen Egg 2","Seeing Red"],"campfire_rested":1,"item_purchase_floors":[7,7,21,21],"current_hp_per_floor":[80,80,80,80,80,80,80,64,64,64,64,56,80,72,72,62,80,80,71,56,56,53,0,0],"gold":36,"neow_bonus":"BOSS_RELIC","is_daily":false,"chose_seed":false,"campfire_upgraded":1,"win_rate":0.0,"timestamp":1609441966,"path_taken":["M","M","?","M","?","M","$","M","T","?","?","E","R","M","R","BOSS","M","M","M","$","M","E"],"items_purchased_type":["Relic","Card","Relic","Card"],"build_version":"2020-12-22","purchased_purges":0,"victory":false,"max_hp_per_floor":[80,80,80,80,80,80,80,80,80,80,80,80,80,80,80,80,80,80,80,80,80,80,80,80],"card_choices":[{"not_picked":["Reckless Charge","True Grit"],"picked":"Flex","floor":1},{"not_picked":["Body Slam","Heavy Blade"],"picked":"Iron Wave","floor":2},{"not_picked":["Sentinel","Warcry"],"picked":"Whirlwind","floor":4},{"not_picked":["Warcry","Sword Boomerang"],"picked":"Flex","floor":6},{"not_picked":["True Grit","Dark Embrace"],"picked":"Pommel Strike","floor":8},{"not_picked":["Armaments","Blood for Blood+1"],"picked":"Cleave+1","floor":10},{"not_picked":["Immolate+1","Blood for Blood+1"],"picked":"Perfected Strike+1","floor":12},{"not_picked":["Rage","Havoc"],"picked":"Shrug It Off","floor":14},{"not_picked":["Immolate+1","Berserk"],"picked":"Barricade","floor":16},{"not_picked":["Blood for Blood+1","Heavy Blade+1"],"picked":"Entrench+1","floor":18},{"not_picked":["Shrug It Off+1","Body Slam+1"],"picked":"Iron Wave+1","floor":19},{"not_picked":["Armaments","Bloodletting+1"],"picked":"Sever Soul+1","floor":20},{"not_picked":["Sever Soul+1","Warcry"],"picked":"Double Tap","floor":22}],"player_experience":62069,"relics_obtained":[{"floor":9,"key":"Molten Egg 2"},{"floor":12,"key":"Calipers"}],"event_choices":[{"damage_healed":0,"gold_gain":175,"player_choice":"AGREE","damage_taken":0,"max_hp_gain":0,"max_hp_loss":0,"event_name":"Liars Game","floor":3,"gold_loss":0,"cards_obtained":["Doubt"]},{"damage_healed":0,"gold_gain":0,"player_choice":"Leave","damage_taken":0,"max_hp_gain":0,"max_hp_loss":0,"event_name":"The Cleric","floor":5,"gold_loss":0},{"damage_healed":0,"gold_gain":0,"player_choice":"Grow","damage_taken":0,"max_hp_gain":0,"max_hp_loss":0,"event_name":"Living Wall","floor":11,"gold_loss":0,"cards_upgraded":["Flex"]}],"is_beta":false,"boss_relics":[{"not_picked":["Runic Cube","Snecko Eye"],"picked":"Runic Pyramid"}],"items_purged_floors":[],"is_endless":false,"potions_floor_spawned":[2,10,12,14,16,18,19],"killed_by":"Gremlin Leader","ascension_level":0}}