{"host":"be3r5d8qs4ku9xfy","time":1609391733,"event":{"mods":["AchievementEnabler","Act Like it!","Aspiration","BaseMod","BetterRewards","Colored Map","Colored Powertips","Downfall","Highlight Path","Hubris","Infinite Spire","Lobotomy","Minty Spire (QoL Compilation)","Quick Restart","Replay The Spire","Shop Mod","StSLib","SuperFastMode","The Construct"],"gold_per_floor":[0,18,37,56,56,78,78,78,78],"floor_reached":8,"playtime":222,"items_purged":[],"score":48,"play_id":"fe70309c-9cce-43e5-bc67-f8d844fbdc0d","local_time":"20201231001533","daily_mods":["Insanity","downfall:Jewelcrafting","Binary"],"is_ascension_mode":false,"campfire_choices":[{"floor":1,"key":"DIG"}],"circlet_count":0,"master_deck":["Strike_R","Strike_G","Strike_B","hubris:Strike_Merchant","Defend_R","Defend_G","Defend_B","hubris:Defend_Merchant","hubris:MerchantsHand","hubris:MerchantsHand","Guardian:ExploitGems","Guardian:ExploitGems","construct:Backup","construct:Analyze","construct:SweepLaser","construct:Forcefield"],"relics":["Smiling Mask","hubris:NiceRug","replay:Trail_Library","Guardian:PickAxe","NeowsBlessing","Du-Vu Doll","infinitespire:Cubic Diamond"],"acts_visited":["Exordium"],"potions_floor_usage":[],"damage_taken":[{"damage":0,"enemies":"Cultist","floor":2,"turns":1},{"damage":0,"enemies":"2 Louse","floor":3,"turns":1},{"damage":0,"enemies":"Jaw Worm","floor":4,"turns":1},{"damage":22,"enemies":"Red Slaver","floor":6,"turns":4},{"damage":12,"enemies":"Gremlin Nob","floor":8,"turns":3}],"seed_played":"-2867105522453647277","potions_obtained":[{"floor":4,"key":"GamblersBrew"},{"floor":6,"key":"champ:CounterPotion"}],"is_trial":true,"path_per_floor":["R_BF","M","M","M","?","M","T","E"],"character_chosen":"THE_CONSTRUCT_MOD","items_purchased":[],"campfire_rested":0,"item_purchase_floors":[],"current_hp_per_floor":[75,75,75,75,75,53,53,41,41],"gold":78,"neow_bonus":"","is_daily":false,"chose_seed":false,"campfire_upgraded":0,"win_rate":0.0,"timestamp":1609391733,"path_taken":["R_BF","M","M","M","?","M","T","E"],"items_purchased_type":[],"build_version":"2020-12-22","purchased_purges":0,"victory":false,"max_hp_per_floor":[75,75,75,75,75,75,75,75,75],"card_choices":[{"not_picked":["construct:Reinforce"],"picked":"construct:Backup","floor":2},{"not_picked":["construct:Tumble"],"picked":"construct:Analyze","floor":3},{"not_picked":["construct:Versatility"],"picked":"construct:SweepLaser","floor":4},{"not_picked":["construct:Autoturret"],"picked":"construct:Forcefield","floor":6}],"player_experience":12894,"relics_obtained":[{"floor":1,"key":"Du-Vu Doll"}],"event_choices":[],"is_beta":false,"boss_relics":[],"items_purged_floors":[],"is_endless":false,"potions_floor_spawned":[4,6],"killed_by":"Gremlin Nob","ascension_level":0}}