{"host":"iv4l93feeza0hr07","time":1609440667,"event":{"mods":["2.2 Compatiblity","AchievementEnabler","Act Like it!","BaseMod","BetterRewards","Colored Map","Colored Powertips","Conspire","Downfall","Duelist Mod","GifTheSpireLib","GungeonMod","Hallownest","Hubris","Infinite Spire","LagranYue(???·?)","Mimic Mod","Minty Spire (QoL Compilation)","Quick Restart","Replay The Spire","StSLib","The Bug Knight","The Jungle","The Wild Card","Yuri Mod"],"gold_per_floor":[112,131,213,224,236,236,247,282,282,207,225,225,225,243,243,340,340,353,453,453,453,471,471,471,471],"floor_reached":24,"playtime":1339,"items_purged":[],"score":248,"play_id":"dc675e6a-6f1c-4c96-b2bc-93ea919872c5","local_time":"20201231105107","is_ascension_mode":false,"campfire_choices":[{"data":"HollowMod:FocusHealStart","floor":6,"key":"SMITH"},{"data":"HollowMod:MantisMark","floor":15,"key":"SMITH"},{"data":"infinitespire:Punishment","floor":23,"key":"SMITH"}],"circlet_count":0,"master_deck":["HollowMod:NailStrikeStart","HollowMod:NailStrikeStart","HollowMod:NailStrikeStart","HollowMod:NailStrikeStart","HollowMod:FocusHealStart+1","HollowMod:PogoStrike","HollowMod:RecoilStrike","HollowMod:HeavyBlow","HollowMod:SoulShaman","HollowMod:MidwifesHunger","HollowMod:MantisMark+1","HollowMod:DescendingDark","Hallownest:skillGreenpathMap","HollowMod:PerfectDash","Hallownest:skillSlugHide","Hallownest:skillSlugHide","Hallownest:skillSlugHide","Hallownest:skillSlugHide","Hallownest:skillSlugHide","HollowMod:SharpenedNail","HollowMod:Weaversong","HollowMod:HowlingWraiths","Doubt","Slimebound:Icky","infinitespire:Punishment+1","HollowMod:VengefulSpirit"],"relics":["HollowMod:VesselMask","LagranYue:RandomDrawCardRelic","Bottled Lightning","infinitespire:WardingShard","hubris:Towel","hubris:HollowSoul","theJungle:WildMango"],"acts_visited":["Hallownest:Greenpath","Hallownest:Greenpath"],"potions_floor_usage":[],"damage_taken":[{"damage":8,"enemies":"Hallownest:2_Tiktiks_and_1_Crawlid","floor":1,"turns":4},{"damage":3,"enemies":"Hallownest:2_Baldur","floor":2,"turns":3},{"damage":0,"enemies":"Hallownest:monsterHuskWarrior","floor":4,"turns":3},{"damage":0,"enemies":"Hallownest:monsterFoolEater","floor":5,"turns":4},{"damage":11,"enemies":"Hallownest:Wandering_and_Horned","floor":7,"turns":5},{"damage":12,"enemies":"Hallownest:eliteVengeflyKing","floor":8,"turns":5},{"damage":4,"enemies":"Hallownest:MossCreep_and_Mosskin","floor":11,"turns":4},{"damage":0,"enemies":"Hallownest:monsterFoolEater","floor":14,"turns":4},{"damage":54,"enemies":"Hallownest:BossHornet","floor":16,"turns":16},{"damage":7,"enemies":"theJungle:MUSHROOMGANG","floor":18,"turns":4},{"damage":26,"enemies":"theJungle:5_Spyders","floor":22,"turns":7},{"damage":31,"enemies":"theJungle:2_Flameangoes","floor":24,"turns":4}],"seed_played":"3281801396553836303","potions_obtained":[{"floor":2,"key":"Energy Potion"},{"floor":8,"key":"Strength Potion"},{"floor":11,"key":"Energy Potion"}],"is_trial":false,"path_per_floor":["M","M","T","M","M","R","M","E","T","?","M","?","?","M","R","B",null,"M","?","?","?","M","R","M"],"character_chosen":"THE_BUGKNIGHT","items_purchased":[],"campfire_rested":0,"item_purchase_floors":[],"current_hp_per_floor":[80,77,77,77,77,77,72,60,60,60,62,62,62,68,68,26,82,75,70,70,84,58,58,0,0],"gold":471,"neow_bonus":"TEN_PERCENT_HP_BONUS","is_daily":false,"chose_seed":false,"campfire_upgraded":3,"win_rate":0.0,"timestamp":1609440667,"path_taken":["M","?","?","M","M","R","M","E","T","?","M","?","?","M","R","BOSS","M","?","?","?","M","R","M"],"items_purchased_type":[],"build_version":"2020-12-22","purchased_purges":0,"victory":false,"max_hp_per_floor":[82,82,82,82,82,82,82,82,82,82,82,82,82,82,82,82,82,82,82,82,96,96,96,96,96],"card_choices":[{"not_picked":["HollowMod:DoubleDash","HollowMod:NewJinnsSoul"],"picked":"HollowMod:RecoilStrike","floor":1},{"not_picked":["HollowMod:SiblingsSouls","HollowMod:CycloneSlash"],"picked":"HollowMod:HeavyBlow","floor":2},{"not_picked":["HollowMod:InfectedAttack","HollowMod:HuntersJournal"],"picked":"HollowMod:SoulShaman","floor":4},{"not_picked":["HollowMod:NewJinnsSoul","HollowMod:NewLittleFool"],"picked":"HollowMod:MidwifesHunger","floor":5},{"not_picked":["HollowMod:NewJinnsSoul","HollowMod:GrimmsGift"],"picked":"HollowMod:MantisMark","floor":7},{"not_picked":["HollowMod:NewLittleFool","HollowMod:VengefulVoid"],"picked":"HollowMod:DescendingDark","floor":8},{"not_picked":["HollowMod:ChannelNail","HollowMod:SiblingsShadow"],"picked":"HollowMod:PerfectDash","floor":11},{"not_picked":["HollowMod:SharpenedShadows","HollowMod:LifebloodCocoon"],"picked":"HollowMod:SharpenedNail","floor":14},{"not_picked":["HollowMod:NewInfectedGuardian","HollowMod:VoidDash"],"picked":"HollowMod:Weaversong","floor":16},{"not_picked":["HollowMod:DoubleDash+1","HollowMod:VengefulSpirit+1"],"picked":"HollowMod:HowlingWraiths","floor":18},{"not_picked":["infinitespire:FinalStrike","ReplayTheSpireMod:Book of Names"],"picked":"infinitespire:Punishment","floor":20},{"not_picked":["HollowMod:VengefulVoid+1","HollowMod:TaintedHusks"],"picked":"HollowMod:VengefulSpirit","floor":22}],"player_experience":150598,"relics_obtained":[{"floor":8,"key":"Bottled Lightning"},{"floor":9,"key":"infinitespire:WardingShard"}],"event_choices":[],"is_beta":false,"boss_relics":[{"not_picked":["Replay:Fungal Core","ReplayTheSpireMod:SealedPack"],"picked":"hubris:HollowSoul"}],"items_purged_floors":[],"is_endless":false,"potions_floor_spawned":[2,8,11,14,22],"killed_by":"theJungle:2_Flameangoes","ascension_level":0}}