{"host":"ko4b5atusvmax52d","time":1609457573,"event":{"mods":["AchievementEnabler","Act Like it!","Aspiration","BaseMod","Better Third Choice","BetterRewards","Friendly Minions","Halation","Hermit","Hubris","Infinite Spire","Koishi","Marisa????????","Minty Spire (QoL Compilation)","Rare Cards Sparkle","Replay The Spire","Shade Mod","Spicy Shops","StSLib","SuperFastMode","The Animator","The Bug Knight","The Hierophant","The Senshi","The Wild Card","Wandering Minibosses","vexMod"],"gold_per_floor":[115,147,179,179,199,232,252,287,287,287,287,307,307,65,65,166,166,176,200,213,213],"floor_reached":20,"playtime":1096,"items_purged":["animator:Strike"],"score":188,"play_id":"07dcba6a-185d-443e-85c1-2800bac8bb3c","local_time":"20210101003253","is_ascension_mode":false,"campfire_choices":[{"data":"animator:DolaSchwi","floor":10,"key":"SMITH"},{"data":"animator:Albedo","floor":15,"key":"SMITH"}],"circlet_count":0,"master_deck":["animator:Strike_NoGameNoLife","animator:Defend_NoGameNoLife","animator:Strike","animator:Strike","animator:Defend","animator:Defend","animator:DolaSchwi+1","animator:DolaCouronne","animator:Yuuichirou","animator:Arpeggio","animator:Benimaru","animator:LeleiLaLalena","animator:YaoHaDucy","animator:Albedo+1","animator:Entoma+1","animator:Eris","animator:DolaStephanie","animator:Mitsurugi"],"relics":["animator:LivingPicture","animator:ColorlessFragment","animator:PurgingStone","aspiration:Nostalgia","Cracked Core","Red Skull","halation:SelfBoilingWater","Onion Ring","Black Star"],"acts_visited":["Exordium","TheCity"],"potions_floor_usage":[5,16,16],"damage_taken":[{"damage":1,"enemies":"Jaw Worm","floor":1,"turns":4},{"damage":1,"enemies":"Cultist","floor":2,"turns":3},{"damage":5,"enemies":"Small Slimes","floor":3,"turns":3},{"damage":10,"enemies":"Looter","floor":5,"turns":2},{"damage":12,"enemies":"Replay:BlueRogue","floor":6,"turns":4},{"damage":3,"enemies":"Large Slime","floor":7,"turns":5},{"damage":17,"enemies":"HollowMod:MossKnight","floor":8,"turns":6},{"damage":4,"enemies":"Exordium Wildlife","floor":12,"turns":2},{"damage":3,"enemies":"Slime Boss","floor":16,"turns":7},{"damage":11,"enemies":"3 Byrds","floor":18,"turns":5},{"damage":10,"enemies":"Spheric Guardian","floor":19,"turns":4},{"damage":21,"enemies":"Snake Plant","floor":20,"turns":4}],"seed_played":"-8429600021494972617","potions_obtained":[{"floor":3,"key":"Toxic Potion"},{"floor":5,"key":"Milkshake"},{"floor":12,"key":"Dexterity Potion"},{"floor":16,"key":"Strength Potion"},{"floor":18,"key":"BlessingOfTheForge"},{"floor":20,"key":"Venom Potion"}],"is_trial":false,"path_per_floor":["M","M","M","?","M","E","M","E","T","R","T","M","?","$","R","B",null,"M","M","M"],"character_chosen":"THE_ANIMATOR","items_purchased":["animator:ColorlessFragment"],"campfire_rested":0,"item_purchase_floors":[14],"current_hp_per_floor":[65,64,59,59,50,38,35,18,18,18,18,14,14,14,14,13,69,58,51,33,33],"gold":213,"neow_bonus":"NOSTALGIA","is_daily":false,"chose_seed":false,"campfire_upgraded":2,"win_rate":0.0,"timestamp":1609457573,"path_taken":["M","M","M","?","?","E","M","E","T","R","?","M","?","?","R","BOSS","M","M","M"],"items_purchased_type":["Relic"],"build_version":"2020-12-22","purchased_purges":1,"victory":false,"max_hp_per_floor":[66,66,66,66,67,67,67,67,67,67,67,67,67,67,67,69,69,69,69,69,69],"card_choices":[{"not_picked":["animator:Megumin","animator:YaoHaDucy"],"picked":"animator:Yuuichirou","floor":1},{"not_picked":["animator:Emonzaemon","animator:Chris"],"picked":"animator:Arpeggio","floor":2},{"not_picked":["animator:MaesHughes","animator:Yoichi"],"picked":"animator:Benimaru","floor":3},{"not_picked":["animator:Kuribayashi","animator:Tyuule"],"picked":"animator:YaoHaDucy","floor":5},{"not_picked":["animator:FielNirvalen","animator:Vanir"],"picked":"animator:Albedo","floor":6},{"not_picked":["animator:SayakaMiki","animator:Tet","animator:KyokoSakura"],"picked":"SKIP","floor":7},{"not_picked":["animator:KyokoSakura","animator:IzunaHatsuse","animator:Hakurou"],"picked":"SKIP","floor":8},{"not_picked":["animator:PandorasActor","animator:NarberalGamma"],"picked":"animator:Entoma","floor":12},{"not_picked":["animator:Biyorigo","animator:Greed"],"picked":"animator:Eris","floor":16},{"not_picked":["animator:MaesHughes","animator:Kazuma","animator:PandorasActor"],"picked":"SKIP","floor":18},{"not_picked":["animator:Mikaela","animator:Kaijin"],"picked":"animator:DolaStephanie","floor":19},{"not_picked":["animator:Verdia","animator:Vanir"],"picked":"animator:Mitsurugi","floor":20}],"player_experience":240043,"relics_obtained":[{"floor":6,"key":"Red Skull"},{"floor":8,"key":"halation:SelfBoilingWater"},{"floor":9,"key":"Onion Ring"}],"event_choices":[{"damage_healed":0,"gold_gain":0,"cards_transformed":["animator:Defend"],"player_choice":"Transformed","damage_taken":0,"max_hp_gain":0,"max_hp_loss":0,"event_name":"Transmorgrifier","floor":4,"gold_loss":0,"cards_obtained":["animator:LeleiLaLalena"]},{"damage_healed":0,"gold_gain":0,"player_choice":"Leave","damage_taken":0,"max_hp_gain":0,"max_hp_loss":0,"event_name":"The Cleric","floor":13,"gold_loss":0}],"is_beta":false,"boss_relics":[{"not_picked":["aspiration:RunicSpoon","Coffee Dripper"],"picked":"Black Star"}],"items_purged_floors":[14],"is_endless":false,"potions_floor_spawned":[3,5,12,16,18,20],"killed_by":"Snake Plant","ascension_level":0}}