{"host":"qbnk2vkaq38efxaz","time":1609379138,"event":{"mods":["BaseMod","Minty Spire (QoL Compilation)"],"gold_per_floor":[116,134,152,152,177,177,218,232,284,320,351,363,395,443,455,595,607,634,670,167,167,167,201,201,244,268,312,312,337,0,21,21,144,144,162,162,181,206,222,222,265,265,265,265,308,308,308,9,9,9,9,9,9,49,49],"floor_reached":56,"playtime":7119,"items_purged":["Injury","Decay"],"score":1564,"play_id":"a6ee67cf-165c-4cc5-8aa5-f30b56863787","local_time":"20201230174538","is_ascension_mode":true,"campfire_choices":[{"data":"Dualcast","floor":6.0,"key":"SMITH"},{"data":"Blizzard","floor":12.0,"key":"SMITH"},{"data":"Coolheaded","floor":15.0,"key":"SMITH"},{"data":"Defragment","floor":24.0,"key":"SMITH"},{"data":"Creative AI","floor":32.0,"key":"SMITH"},{"data":"Fission","floor":40.0,"key":"SMITH"},{"data":"Creative AI","floor":42.0,"key":"SMITH"},{"data":"Storm","floor":44.0,"key":"SMITH"},{"floor":46.0,"key":"RECALL"},{"data":"Defragment","floor":49.0,"key":"SMITH"},{"data":"Blizzard","floor":52.0,"key":"SMITH"}],"circlet_count":0,"master_deck":["Strike_B","Strike_B","Strike_B","Defend_B","Defend_B","Defend_B","Defend_B","Zap","Dualcast+1","Chill","Storm+1","Blizzard+1","Lockon","Glacier","Cold Snap","Fusion","Coolheaded+1","Rebound","Seek+1","Skim+1","Seek","Defragment+1","Coolheaded+1","Coolheaded","Fission+1","Creative AI+1","Cold Snap","Coolheaded+1","Creative AI+1","Madness","Madness","Storm+1","Chill+1","Defragment+1","Blizzard+1","Machine Learning"],"relics":["Cracked Core","Golden Idol","FossilizedHelix","MawBank","Question Card","SlaversCollar","Runic Capacitor","StoneCalendar","Ancient Tea Set","WingedGreaves","Pen Nib","Bird Faced Urn","Blood Vial","Cursed Key","Juzu Bracelet","Boot","Pear"],"acts_visited":["Exordium","TheCity","TheBeyond","TheEnding"],"potions_floor_usage":[55,55],"damage_taken":[{"damage":0.0,"enemies":"Jaw Worm","floor":1.0,"turns":3.0},{"damage":6.0,"enemies":"2 Louse","floor":2.0,"turns":3.0},{"damage":0.0,"enemies":"Small Slimes","floor":3.0,"turns":3.0},{"damage":9.0,"enemies":"Red Slaver","floor":5.0,"turns":3.0},{"damage":8.0,"enemies":"3 Sentries","floor":7.0,"turns":9.0},{"damage":0.0,"enemies":"Exordium Wildlife","floor":8.0,"turns":2.0},{"damage":3.0,"enemies":"Large Slime","floor":10.0,"turns":5.0},{"damage":0.0,"enemies":"Red Slaver","floor":11.0,"turns":4.0},{"damage":0.0,"enemies":"Looter","floor":13.0,"turns":4.0},{"damage":14.0,"enemies":"Lagavulin","floor":14.0,"turns":9.0},{"damage":17.0,"enemies":"The Guardian","floor":16.0,"turns":15.0},{"damage":20.0,"enemies":"Shell Parasite","floor":18.0,"turns":11.0},{"damage":1.0,"enemies":"3 Byrds","floor":19.0,"turns":6.0},{"damage":0.0,"enemies":"Slavers","floor":23.0,"turns":6.0},{"damage":0.0,"enemies":"Book of Stabbing","floor":25.0,"turns":5.0},{"damage":13.0,"enemies":"Gremlin Leader","floor":27.0,"turns":8.0},{"damage":0.0,"enemies":"Snecko","floor":29.0,"turns":5.0},{"damage":0.0,"enemies":"Shelled Parasite and Fungi","floor":31.0,"turns":7.0},{"damage":18.0,"enemies":"Collector","floor":33.0,"turns":9.0},{"damage":0.0,"enemies":"3 Darklings","floor":35.0,"turns":3.0},{"damage":1.0,"enemies":"3 Shapes","floor":37.0,"turns":4.0},{"damage":0.0,"enemies":"Maw","floor":38.0,"turns":7.0},{"damage":47.0,"enemies":"Transient","floor":39.0,"turns":5.0},{"damage":0.0,"enemies":"Reptomancer","floor":41.0,"turns":4.0},{"damage":16.0,"enemies":"Nemesis","floor":45.0,"turns":5.0},{"damage":0.0,"enemies":"Donu and Deca","floor":50.0,"turns":6.0},{"damage":32.0,"enemies":"Shield and Spear","floor":54.0,"turns":5.0},{"damage":75,"enemies":"The Heart","floor":55,"turns":8}],"seed_played":"4810894738353531693","potions_obtained":[{"floor":2.0,"key":"AttackPotion"},{"floor":5.0,"key":"SmokeBomb"},{"floor":7.0,"key":"ColorlessPotion"},{"floor":10.0,"key":"Swift Potion"},{"floor":13.0,"key":"Weak Potion"},{"floor":18.0,"key":"PowerPotion"},{"floor":19.0,"key":"Swift Potion"},{"floor":23.0,"key":"Swift Potion"},{"floor":38.0,"key":"LiquidMemories"},{"floor":41.0,"key":"Fire Potion"},{"floor":45.0,"key":"SteroidPotion"}],"is_trial":false,"path_per_floor":["M","M","M","?","M","R","E","M","T","M","M","R","M","E","R","B",null,"M","M","$","?","?","E","R","E","T","E","?","M","$","M","R","B",null,"M","?","M","M","M","R","E","R","T","R","E","R","?","$","R","B",null,"R","$","E","B",null],"character_chosen":"DEFECT","items_purchased":["Runic Capacitor","StoneCalendar","Creative AI","Blood Vial","Cold Snap","Defragment","Blizzard","Swift Potion"],"campfire_rested":0,"item_purchase_floors":[20,20,30,30,30,48,48,48],"current_hp_per_floor":[75,69,69,69,60,60,52,52,52,49,49,49,49,35,35,18,75,55,54,54,54,54,54,54,54,54,41,41,45,45,51,51,67,75,75,66,75,75,32,32,42,42,42,42,44,44,44,44,44,68,75,75,75,65,18],"gold":49,"neow_bonus":"THREE_CARDS","is_daily":false,"chose_seed":false,"campfire_upgraded":10,"win_rate":0.0,"timestamp":1609379138,"path_taken":["M","M","M","?","M","R","E","M","T","M","M","R","M","E","R","BOSS","M","M","$","?","?","E","R","E","T","E","?","M","$","M","R","BOSS","M","?","M","M","M","R","E","R","T","R","E","R","?","$","R","BOSS","R","$","E","BOSS"],"items_purchased_type":["Relic","Relic","Card","Relic","Card","Card","Card","Potion"],"build_version":"2020-12-22","purchased_purges":2,"victory":true,"max_hp_per_floor":[75,75,75,75,75,75,75,75,75,75,75,75,75,75,75,75,75,75,75,75,75,75,75,75,75,75,75,75,75,75,75,75,75,75,75,75,75,75,75,75,75,75,75,75,75,75,75,75,75,75,75,75,75,85,85],"card_choices":[{"not_picked":["Redo","Recycle"],"picked":"Chill","floor":0.0},{"not_picked":["Barrage","Reprogram"],"picked":"Storm","floor":1.0},{"not_picked":["Beam Cell","Scrape"],"picked":"Blizzard","floor":2.0},{"not_picked":["BootSequence","Chill"],"picked":"Lockon","floor":3.0},{"not_picked":["Leap","Rebound"],"picked":"Glacier","floor":5.0},{"not_picked":["Recycle","Beam Cell","Rip and Tear"],"picked":"SKIP","floor":7.0},{"not_picked":["Streamline","Leap"],"picked":"Cold Snap","floor":8.0},{"not_picked":["Ball Lightning","Beam Cell"],"picked":"Fusion","floor":10.0},{"not_picked":["Cold Snap","Self Repair"],"picked":"Coolheaded","floor":11.0},{"not_picked":["Gash","Scrape"],"picked":"Rebound","floor":13.0},{"not_picked":["Gash","Streamline","Leap"],"picked":"SKIP","floor":14.0},{"not_picked":["Fission","Buffer","Hyperbeam"],"picked":"Seek","floor":16.0},{"not_picked":["Hologram","Streamline+1","Barrage+1"],"picked":"Skim+1","floor":18.0},{"not_picked":["Tempest","Hologram+1","Sweeping Beam"],"picked":"Seek","floor":19.0},{"not_picked":["Double Energy","Stack","Auto Shields"],"picked":"Coolheaded+1","floor":23.0},{"not_picked":["Gash+1","Ball Lightning","Compile Driver+1","Tempest"],"picked":"SKIP","floor":25.0},{"not_picked":["BootSequence","Streamline","Melter"],"picked":"Coolheaded","floor":27.0},{"not_picked":["Sweeping Beam","Steam Power","Stack"],"picked":"Fission","floor":29.0},{"not_picked":["Leap","Hologram","Steam+1"],"picked":"Coolheaded+1","floor":31.0},{"not_picked":["Rainbow","Meteor Strike","Thunder Strike"],"picked":"Creative AI","floor":33.0},{"not_picked":["Coolheaded","Undo","Doom and Gloom","Tempest"],"picked":"SKIP","floor":35.0},{"not_picked":["Hello World","Beam Cell+1","Conserve Battery+1"],"picked":"Storm+1","floor":37.0},{"not_picked":["Genetic Algorithm+1","White Noise+1","Streamline","Rebound+1"],"picked":"SKIP","floor":38.0},{"not_picked":["Recycle","Hologram","Compile Driver"],"picked":"Chill+1","floor":39.0},{"not_picked":["Reinforced Body","Redo","Amplify","Darkness+1"],"picked":"SKIP","floor":41.0},{"not_picked":["Reinforced Body+1","Go for the Eyes+1","Beam Cell","Steam+1"],"picked":"SKIP","floor":45.0},{"not_picked":["Consume","Rebound","Hologram"],"picked":"Machine Learning","floor":54.0}],"player_experience":107765,"relics_obtained":[{"floor":7.0,"key":"FossilizedHelix"},{"floor":9.0,"key":"MawBank"},{"floor":14.0,"key":"Question Card"},{"floor":23.0,"key":"Ancient Tea Set"},{"floor":25.0,"key":"WingedGreaves"},{"floor":26.0,"key":"Pen Nib"},{"floor":27.0,"key":"Bird Faced Urn"},{"floor":41.0,"key":"Juzu Bracelet"},{"floor":45.0,"key":"Boot"},{"floor":54.0,"key":"Pear"}],"event_choices":[{"damage_healed":0.0,"max_hp_gain":0.0,"max_hp_loss":0.0,"gold_gain":0.0,"event_name":"Golden Idol","player_choice":"Take Wound","floor":4.0,"gold_loss":0.0,"damage_taken":0.0,"relics_obtained":["Golden Idol"],"cards_obtained":["Injury"]},{"damage_healed":0.0,"max_hp_gain":0.0,"max_hp_loss":0.0,"gold_gain":0.0,"event_name":"Cursed Tome","player_choice":"Ignored","floor":21.0,"gold_loss":0.0,"damage_taken":0.0},{"damage_healed":0.0,"max_hp_gain":0.0,"max_hp_loss":0.0,"gold_gain":0.0,"event_name":"The Library","player_choice":"Read","floor":22.0,"gold_loss":0.0,"damage_taken":0.0,"cards_obtained":["Defragment"]},{"cards_removed":["Strike_B"],"damage_healed":0.0,"max_hp_gain":0.0,"max_hp_loss":0.0,"gold_gain":0.0,"event_name":"Back to Basics","player_choice":"Elegance","floor":28.0,"gold_loss":0.0,"damage_taken":0.0},{"damage_healed":0.0,"max_hp_gain":0.0,"max_hp_loss":0.0,"gold_gain":0.0,"event_name":"Winding Halls","player_choice":"Embrace Madness","floor":36.0,"gold_loss":0.0,"damage_taken":9.0,"cards_obtained":["Madness","Madness"]},{"damage_healed":0.0,"max_hp_gain":0.0,"max_hp_loss":0.0,"gold_gain":0.0,"event_name":"Upgrade Shrine","player_choice":"Upgraded","floor":47.0,"gold_loss":0.0,"damage_taken":0.0,"cards_upgraded":["Seek"]}],"is_beta":false,"boss_relics":[{"not_picked":["Fusion Hammer","Runic Pyramid"],"picked":"SlaversCollar"},{"not_picked":["Empty Cage","Velvet Choker"],"picked":"Cursed Key"}],"items_purged_floors":[20,48],"is_endless":false,"potions_floor_spawned":[2,5,7,10,13,18,19,23,38,41,45],"ascension_level":3}}