{"host":"yn17ruofed46ymbq","time":1609403389,"event":{"mods":["AchievementEnabler","BaseMod","Colored Map","Colored Powertips","DeckTracker","Highlight Path","Keyboard Shortcuts","Minty Spire (QoL Compilation)","Permanent Neow","Quick Restart","Rare Cards Sparkle","Relic Stats","SuperFastMode"],"gold_per_floor":[109,121,132,150,164,164,195,51,51,63,37,51,67,96,96,199,199,219,237,247,197,45,45,59,84,84,84,103,118,144,44,44,141,141,154,121,121,133,149,149,161,189,189,189,203,222,237,237,237,237],"floor_reached":51,"playtime":1866,"items_purged":["Strike_R","Strike_R"],"score":976,"play_id":"0dd50473-28cc-4b6d-b02c-3b34693d7df3","local_time":"20201231172949","is_ascension_mode":true,"campfire_choices":[{"data":"Body Slam","floor":6,"key":"SMITH"},{"data":"True Grit","floor":15,"key":"SMITH"},{"data":"Armaments","floor":23,"key":"SMITH"},{"data":"Dark Embrace","floor":32,"key":"SMITH"},{"data":"Juggernaut","floor":40,"key":"SMITH"},{"data":"True Grit","floor":44,"key":"SMITH"},{"floor":49,"key":"REST"}],"circlet_count":0,"master_deck":["Strike_R","Strike_R+1","Strike_R","Defend_R","Defend_R","Defend_R","Defend_R","Cleave+1","Power Through","True Grit+1","Body Slam+1","Sentinel","Seeing Red","Blood for Blood+1","Armaments+1","Body Slam+1","Iron Wave+1","Juggernaut+1","Immolate+1","Ghostly Armor+1","Burning Pact","Decay","Dark Embrace+1","True Grit+1","Shrug It Off","Brutality","CurseOfTheBell","Metallicize","Cleave+1","Infernal Blade+1","Regret","Warcry+1","Intimidate+1","Writhe"],"relics":["Burning Blood","Bronze Scales","Molten Egg 2","Eternal Feather","Oddly Smooth Stone","Cursed Key","Anchor","Blue Candle","Whetstone","Vajra","Calling Bell","Akabeko","Shuriken","StoneCalendar","Bag of Marbles","Toy Ornithopter"],"acts_visited":["Exordium","TheCity","TheBeyond"],"potions_floor_usage":[3,7,12,14,14,16,30,30,33,42,42,50],"damage_taken":[{"damage":6.0,"enemies":"Cultist","floor":1.0,"turns":3.0},{"damage":0,"enemies":"2 Louse","floor":2,"turns":2},{"damage":11,"enemies":"Jaw Worm","floor":3,"turns":5},{"damage":10,"enemies":"Looter","floor":4,"turns":4},{"damage":0,"enemies":"3 Louse","floor":5,"turns":3},{"damage":29,"enemies":"Lagavulin","floor":7,"turns":7},{"damage":2,"enemies":"Large Slime","floor":10,"turns":7},{"damage":5,"enemies":"Lots of Slimes","floor":12,"turns":3},{"damage":0,"enemies":"Gremlin Gang","floor":13,"turns":5},{"damage":15,"enemies":"Gremlin Nob","floor":14,"turns":4},{"damage":56,"enemies":"Slime Boss","floor":16,"turns":10},{"damage":14,"enemies":"Shell Parasite","floor":18,"turns":6},{"damage":0,"enemies":"2 Thieves","floor":19,"turns":3},{"damage":17,"enemies":"Snake Plant","floor":20,"turns":4},{"damage":0,"enemies":"Centurion and Healer","floor":24,"turns":4},{"damage":0,"enemies":"Gremlin Leader","floor":25,"turns":7},{"damage":15,"enemies":"Snecko","floor":28,"turns":5},{"damage":1,"enemies":"Snake Plant","floor":29,"turns":2},{"damage":4,"enemies":"Slavers","floor":30,"turns":4},{"damage":73,"enemies":"Automaton","floor":33,"turns":12},{"damage":1,"enemies":"3 Darklings","floor":35,"turns":3},{"damage":3,"enemies":"Orb Walker","floor":38,"turns":3},{"damage":5,"enemies":"4 Shapes","floor":39,"turns":2},{"damage":11,"enemies":"Maw","floor":41,"turns":7},{"damage":26,"enemies":"Reptomancer","floor":42,"turns":7},{"damage":15,"enemies":"3 Darklings","floor":45,"turns":5},{"damage":14,"enemies":"Sphere and 2 Shapes","floor":46,"turns":4},{"damage":42,"enemies":"Transient","floor":47,"turns":5},{"damage":114,"enemies":"Awakened One","floor":50,"turns":14}],"seed_played":"27013430358525751","potions_obtained":[{"floor":2,"key":"EntropicBrew"},{"floor":7,"key":"Regen Potion"},{"floor":13,"key":"Regen Potion"},{"floor":14,"key":"Regen Potion"},{"floor":16,"key":"Strength Potion"},{"floor":19,"key":"LiquidMemories"},{"floor":29,"key":"Energy Potion"},{"floor":38,"key":"FairyPotion"},{"floor":39,"key":"DuplicationPotion"},{"floor":41,"key":"EssenceOfSteel"},{"floor":46,"key":"Regen Potion"}],"is_trial":false,"path_per_floor":["M","M","M","M","M","R","E","$","T","M","$","M","M","E","R","B",null,"M","M","M","?","$","R","M","E","T","$","M","M","E","$","R","B",null,"M","$","?","M","M","R","M","E","T","R","M","M","M","?","R","B",null],"character_chosen":"IRONCLAD","items_purchased":["Blood for Blood+1","Body Slam+1","Anchor","Metallicize"],"campfire_rested":1,"item_purchase_floors":[8,11,22,36],"current_hp_per_floor":[72,78,73,69,75,75,52,52,52,56,56,66,72,74,80,39,70,62,68,57,57,57,69,75,80,80,80,71,76,78,78,80,29,67,72,72,72,75,76,80,75,55,55,73,64,56,20,40,80,12],"gold":237,"neow_bonus":"RANDOM_COMMON_RELIC","is_daily":false,"chose_seed":false,"campfire_upgraded":6,"win_rate":0.0,"timestamp":1609403389,"path_taken":["M","M","M","M","M","R","E","?","T","M","$","M","M","E","R","BOSS","M","M","?","?","$","R","M","E","T","$","M","M","E","$","R","BOSS","M","$","?","M","M","R","?","E","T","R","M","M","M","?","R","BOSS"],"items_purchased_type":["Card","Card","Relic","Card"],"build_version":"2020-12-22","purchased_purges":2,"victory":true,"max_hp_per_floor":[80,80,80,80,80,80,80,80,80,80,80,80,80,80,80,80,80,80,80,80,80,80,80,80,80,80,80,80,80,80,80,80,80,80,80,80,80,80,80,80,80,80,80,80,80,80,80,80,80,80],"relic_stats":{"counters":[29,150],"Shuriken":[6],"Bronze Scales":[420],"Blue Candle":[23],"Eternal Feather":60,"StoneCalendar":[52],"Whetstone":["Cleave","Strike_R"],"Cursed Key":2,"obtain_stats":[{"Blue Candle":25,"Oddly Smooth Stone":14,"Vajra":30,"Eternal Feather":9,"StoneCalendar":34,"Whetstone":26,"Cursed Key":17,"Burning Blood":0,"Akabeko":34,"Calling Bell":34,"Anchor":22,"Shuriken":34,"Bronze Scales":0,"Molten Egg 2":7,"Bag of Marbles":42,"Toy Ornithopter":43},{"Blue Candle":16,"Oddly Smooth Stone":10,"Vajra":19,"Eternal Feather":6,"StoneCalendar":20,"Whetstone":16,"Cursed Key":11,"Burning Blood":0,"Akabeko":20,"Calling Bell":20,"Anchor":14,"Shuriken":20,"Bronze Scales":0,"Molten Egg 2":6,"Bag of Marbles":25,"Toy Ornithopter":25},{"Blue Candle":77,"Oddly Smooth Stone":43,"Vajra":88,"Eternal Feather":24,"StoneCalendar":100,"Whetstone":77,"Cursed Key":53,"Burning Blood":0,"Akabeko":100,"Calling Bell":100,"Anchor":66,"Shuriken":100,"Bronze Scales":0,"Molten Egg 2":24,"Bag of Marbles":122,"Toy Ornithopter":122}],"Burning Blood":173,"Toy Ornithopter":3},"card_choices":[{"not_picked":["Flex","Wild Strike"],"picked":"Cleave","floor":1.0},{"not_picked":["Havoc","Iron Wave"],"picked":"Power Through","floor":2},{"not_picked":["Burning Pact","Wild Strike"],"picked":"True Grit","floor":3},{"not_picked":["Perfected Strike","Anger"],"picked":"Body Slam","floor":4},{"not_picked":["Warcry","Sword Boomerang"],"picked":"Sentinel","floor":5},{"not_picked":["Perfected Strike+1","Sword Boomerang+1"],"picked":"Seeing Red","floor":7},{"not_picked":["Dark Embrace","Spot Weakness"],"picked":"Armaments","floor":10},{"not_picked":["Reckless Charge+1","Clothesline+1","Sentinel"],"picked":"SKIP","floor":12},{"not_picked":["Cleave+1","Pummel+1"],"picked":"Iron Wave+1","floor":13},{"not_picked":["Pummel+1","Cleave+1"],"picked":"Juggernaut","floor":14},{"not_picked":["Exhume","Offering"],"picked":"Immolate+1","floor":16},{"not_picked":["Iron Wave+1","Perfected Strike+1"],"picked":"Ghostly Armor+1","floor":18},{"not_picked":["Shockwave","Pommel Strike+1","Sword Boomerang+1"],"picked":"SKIP","floor":19},{"not_picked":["Clash+1","Sentinel+1","Flex+1"],"picked":"SKIP","floor":20},{"not_picked":["Wild Strike+1","Corruption"],"picked":"Burning Pact","floor":24},{"not_picked":["Sword Boomerang+1","Combust","Hemokinesis+1"],"picked":"SKIP","floor":25},{"not_picked":["Disarm","Body Slam+1"],"picked":"Dark Embrace","floor":28},{"not_picked":["Clash+1","Heavy Blade+1"],"picked":"True Grit","floor":29},{"not_picked":["Heavy Blade+1","Pommel Strike+1"],"picked":"Shrug It Off","floor":30},{"not_picked":["Double Tap","Berserk"],"picked":"Brutality","floor":33},{"not_picked":["True Grit+1","Hemokinesis+1","Perfected Strike+1"],"picked":"SKIP","floor":35},{"not_picked":["Rampage+1","Burning Pact"],"picked":"Infernal Blade+1","floor":38},{"not_picked":["Havoc+1","Limit Break","Clothesline+1"],"picked":"SKIP","floor":39},{"not_picked":["Rampage+1","Heavy Blade+1","Anger+1"],"picked":"SKIP","floor":41},{"not_picked":["Clothesline+1","Dropkick+1","Headbutt+1"],"picked":"SKIP","floor":42},{"not_picked":["Body Slam+1","Havoc+1"],"picked":"Warcry+1","floor":45},{"not_picked":["Sword Boomerang+1","Flex+1","Clothesline+1"],"picked":"SKIP","floor":46},{"not_picked":["Clash+1","Cleave+1"],"picked":"Intimidate+1","floor":47}],"player_experience":435621,"relics_obtained":[{"floor":7,"key":"Molten Egg 2"},{"floor":9,"key":"Eternal Feather"},{"floor":14,"key":"Oddly Smooth Stone"},{"floor":25,"key":"Blue Candle"},{"floor":26,"key":"Whetstone"},{"floor":30,"key":"Vajra"},{"floor":34,"key":"Akabeko"},{"floor":34,"key":"Shuriken"},{"floor":34,"key":"StoneCalendar"},{"floor":42,"key":"Bag of Marbles"},{"floor":43,"key":"Toy Ornithopter"}],"event_choices":[{"damage_healed":0,"gold_gain":0,"player_choice":"Bet on Murderer","damage_taken":0,"max_hp_gain":0,"max_hp_loss":0,"event_name":"The Joust","floor":21,"gold_loss":50},{"damage_healed":0,"gold_gain":0,"cards_transformed":["Bash"],"player_choice":"Transformed","damage_taken":0,"max_hp_gain":0,"max_hp_loss":0,"event_name":"Transmorgrifier","floor":37,"gold_loss":0,"cards_obtained":["Cleave"]},{"damage_healed":20,"gold_gain":0,"player_choice":"Writhe","damage_taken":0,"max_hp_gain":0,"max_hp_loss":0,"event_name":"Winding Halls","floor":48,"gold_loss":0,"cards_obtained":["Writhe"]}],"is_beta":false,"boss_relics":[{"not_picked":["Runic Dome","Coffee Dripper"],"picked":"Cursed Key"},{"not_picked":["Black Blood","Philosopher\u0027s Stone"],"picked":"Calling Bell"}],"items_purged_floors":[8,31],"is_endless":false,"potions_floor_spawned":[2,7,13,14,16,19,24,25,29,38,39,41,46],"ascension_level":6}}