{"host":"uxx7prhn9zlu6i2v","time":1609373791,"event":{"mods":["2.2 Compatiblity","AchievementEnabler","Act Like it!","Arknights The Spire","Bard","BaseMod","Better Altar","Better Match","Better Note","Better Sensory Stone","Better Skull","Better Third Choice","CapriCore","ChefMod","Colored Powertips","Conspire","Faster Ascension Climbing","Gensokyo","GifTheSpireLib","Hermit","Hubris","KomeijiMod","Lobotomy","LobotomyExtend","Marisa????????","Minty Spire (QoL Compilation)","Permanent Neow","Quick Restart","RNG Fix","Rare Cards Sparkle","Reimu??????","Relic Filter","Relic Sorter","Relic Stats","Replay The Spire","Reworked Bosses","Spicy Shops","StSLib","Stuff the Spire","The Blue Laboratory","The Bug Knight","The Immortal","Yakumo Yukari mod","??????REMEMod"],"gold_per_floor":[109,202,27,27,45,45,45,45,45,65,84,16,16,41,41,136,136,136,236,216,216,231,231,84,97,120,120,155,155,167,38,38,137,137,137,147,147,147,165,191,204,220,273,273,273],"floor_reached":44,"playtime":3478,"items_purged":["ats:Strike V","ats:Defend"],"score":677,"play_id":"4063136a-1143-4133-9ee7-c3eba5fa8f88","local_time":"20201230181631","is_ascension_mode":false,"campfire_choices":[{"data":"ats:Part Time Job","floor":6,"key":"SMITH"},{"data":"ats:Armor Crushing Shot","floor":8,"key":"SMITH"},{"data":"ats:Closed Bolt Burst Fire","floor":13,"key":"SMITH"},{"data":"ats:Roar Of Ursus","floor":15,"key":"SMITH"},{"data":"ats:Curse Doll","floor":23,"key":"SMITH"},{"data":"ats:Consecutive Shot Auto","floor":27,"key":"SMITH"},{"data":"ats:Durian","floor":32,"key":"SMITH"}],"circlet_count":0,"master_deck":["ApocalypseBird","PunishingBird","LongBird","BigBird","QueenOfHatred","ats:Strike C","ats:Strike G","ats:Strike S","ats:Armor Crushing Shot+1","ats:Defend","ats:Defend","ats:Defend","ats:Emotion Absorption+1","UniverseFragment","ats:Hammer On","ats:Apocalypse","ats:Assault Order","ats:Part Time Job+1","RedShoes","ats:Closed Bolt Burst Fire+1","ats:Very Hot Blade","ats:Sword Rain","MeatLantern","ats:Roar Of Ursus+1","ats:Shadow Assault","ats:Curse Doll+1","ats:Consecutive Shot Auto+1","ats:Ignite","ats:Magnetic Hammer","ats:Ignite","ats:Durian+1","ats:Echo Reverb","Confused","Shame","Lonely","ats:Explosion Area Strengthen+1","SpiderBud","ats:Apocalypse+1","ats:Mental Burst","ats:Support Order"],"relics":["ats:Sanity","HollowMod:LifeEnderRelic","Twilight","Girya","REME_ComplimentaryCards","CogitoBucket","RabbitCall","LetterFromLob","REME_PuzzleBoxRelic","Gaze_r","LaetitiaHeart","ats:Lavender","ats:Originium","hubris:SphereOfDissonance","InTheNameOfLoveAndHate_r","ats:Omniscience","ShedSkin_r","Gremlin Horn","SkinProphecy","ats:Spiritual Recovery","hubris:TenFootPole","WantedRequest","Iron Hammer","FaceOfCleric","conspire:GiftBox","Replay:Ancient Bell","Oddly Smooth Stone","BehaviorAdjustment","Vajra","hubris:Towel","Potion Belt","Omamori"],"acts_visited":["Exordium","TheCity","TheBeyond"],"potions_floor_usage":[4,28,28,33,36,40],"damage_taken":[{"damage":1,"enemies":"Jaw Worm","floor":1,"turns":6},{"damage":0,"enemies":"Jaw Worm","floor":4,"turns":3},{"damage":5,"enemies":"Jaw Worm","floor":4,"turns":3},{"damage":1,"enemies":"2 Louse","floor":5,"turns":3},{"damage":0,"enemies":"Small Slimes","floor":10,"turns":3},{"damage":6,"enemies":"Gremlin Gang","floor":11,"turns":2},{"damage":8,"enemies":"Gremlin Nob","floor":14,"turns":3},{"damage":63,"enemies":"Slime Boss","floor":16,"turns":8},{"damage":17,"enemies":"2 Thieves","floor":22,"turns":5},{"damage":0,"enemies":"conspire:FuzzyDice","floor":25,"turns":4},{"damage":0,"enemies":"conspire:Head Lice","floor":28,"turns":2},{"damage":0,"enemies":"Cultist and Chosen","floor":30,"turns":4},{"damage":20,"enemies":"bossMod:newCollector","floor":33,"turns":3},{"damage":41,"enemies":"3 Darklings","floor":35,"turns":10},{"damage":15,"enemies":"3 Darklings","floor":36,"turns":6},{"damage":0,"enemies":"Orb Walker","floor":39,"turns":2},{"damage":28,"enemies":"R_Hoarder","floor":40,"turns":5},{"damage":20,"enemies":"3 Darklings","floor":41,"turns":2},{"damage":9,"enemies":"Writhing Mass","floor":42,"turns":6},{"damage":47,"enemies":"Jaw Worm Horde","floor":44,"turns":2}],"seed_played":"7238261985171135850","potions_obtained":[{"floor":1,"key":"blueLaboratory:PyrophylliteBrew"},{"floor":5,"key":"blueLaboratory:Moonshine"},{"floor":20,"key":"Energy Potion"},{"floor":22,"key":"GrandPatriotsElixir:ReiMu"},{"floor":30,"key":"AttackPotion"},{"floor":35,"key":"LifebloodPotion"},{"floor":36,"key":"SteroidPotion"}],"is_trial":false,"path_per_floor":["M","?","$","?","M","R","?","R","T","M","M","$","R","E","R","B",null,"M","?","?","T","M","R","$","M","T","R","E","?","M","$","R","B",null,"M","M","?","?","M","E","M","M","T","M"],"character_chosen":"DOCTOR_CLASS","items_purchased":["ats:Sword Rain","ats:Spiritual Recovery","ats:Ignite","conspire:GiftBox"],"campfire_rested":0,"item_purchase_floors":[12,24,31,31],"current_hp_per_floor":[71,43,43,46,49,49,49,49,49,65,66,66,66,66,66,36,72,67,67,67,67,60,60,60,74,74,74,71,71,79,79,79,62,82,71,61,61,61,59,48,32,47,47,0,0],"gold":273,"neow_bonus":"","is_daily":false,"chose_seed":false,"campfire_upgraded":7,"win_rate":0.0,"timestamp":1609373791,"path_taken":["M","?","$","?","M","R","?","R","T","M","M","$","R","E","R","BOSS","M","?","?","?","?","R","$","M","T","R","E","?","M","?","R","BOSS","M","M","?","?","M","E","M","M","T","M"],"items_purchased_type":["Card","Relic","Card","Relic"],"build_version":"2020-12-22","purchased_purges":2,"victory":false,"max_hp_per_floor":[72,72,72,72,72,72,72,72,72,72,72,72,72,72,72,72,72,72,72,72,72,72,72,72,74,74,74,76,76,79,79,79,82,82,85,90,90,90,93,96,99,102,102,106,106],"relic_stats":{"Gremlin Horn":[19,20],"FaceOfCleric":8,"counters":[23,85],"obtain_stats":[{"ats:Spiritual Recovery":24,"RabbitCall":0,"InTheNameOfLoveAndHate_r":16,"Gremlin Horn":21,"Vajra":37,"Twilight":35,"SkinProphecy":22,"CogitoBucket":0,"LaetitiaHeart":4,"FaceOfCleric":29,"Iron Hammer":28,"ats:Sanity":0,"ats:Omniscience":17,"WantedRequest":28,"Potion Belt":40,"Girya":34,"HollowMod:LifeEnderRelic":34,"ats:Lavender":9,"hubris:SphereOfDissonance":14,"Oddly Smooth Stone":34,"Replay:Ancient Bell":34,"Omamori":43,"hubris:Towel":38,"Gaze_r":4,"conspire:GiftBox":31,"ats:Originium":14,"BehaviorAdjustment":36,"LetterFromLob":1,"hubris:TenFootPole":26,"REME_PuzzleBoxRelic":2,"ShedSkin_r":18,"REME_ComplimentaryCards":0},{"ats:Spiritual Recovery":10,"RabbitCall":0,"InTheNameOfLoveAndHate_r":8,"Gremlin Horn":8,"Vajra":17,"Twilight":15,"SkinProphecy":10,"CogitoBucket":0,"LaetitiaHeart":2,"FaceOfCleric":12,"Iron Hammer":12,"ats:Sanity":0,"ats:Omniscience":8,"WantedRequest":12,"Potion Belt":19,"Girya":14,"HollowMod:LifeEnderRelic":14,"ats:Lavender":4,"hubris:SphereOfDissonance":7,"Oddly Smooth Stone":14,"Replay:Ancient Bell":14,"Omamori":21,"hubris:Towel":17,"Gaze_r":2,"conspire:GiftBox":13,"ats:Originium":7,"BehaviorAdjustment":17,"LetterFromLob":1,"hubris:TenFootPole":11,"REME_PuzzleBoxRelic":1,"ShedSkin_r":8,"REME_ComplimentaryCards":0},{"ats:Spiritual Recovery":37,"RabbitCall":0,"InTheNameOfLoveAndHate_r":27,"Gremlin Horn":31,"Vajra":67,"Twilight":60,"SkinProphecy":37,"CogitoBucket":0,"LaetitiaHeart":9,"FaceOfCleric":43,"Iron Hammer":43,"ats:Sanity":0,"ats:Omniscience":31,"WantedRequest":42,"Potion Belt":74,"Girya":50,"HollowMod:LifeEnderRelic":50,"ats:Lavender":15,"hubris:SphereOfDissonance":23,"Oddly Smooth Stone":50,"Replay:Ancient Bell":50,"Omamori":82,"hubris:Towel":67,"Gaze_r":9,"conspire:GiftBox":47,"ats:Originium":23,"BehaviorAdjustment":67,"LetterFromLob":6,"hubris:TenFootPole":41,"REME_PuzzleBoxRelic":6,"ShedSkin_r":31,"REME_ComplimentaryCards":0}]},"card_choices":[{"not_picked":["Porccubus","OSAHOGD","SpiderBud"],"picked":"Singing Bowl","floor":1},{"not_picked":["SpiderBud","FairyFestival"],"picked":"UniverseFragment","floor":1},{"not_picked":["ats:Powerful Strike","ats:Directed Diagnosis"],"picked":"ats:Hammer On","floor":1},{"not_picked":["ats:Powerful Strike","ats:Encircling Forest"],"picked":"ats:Apocalypse","floor":2},{"not_picked":["ats:Encircling Forest","ats:Leaping Hammer"],"picked":"ats:Assault Order","floor":2},{"not_picked":["Wellcheers","WallGazer"],"picked":"QueenOfHatred","floor":5},{"not_picked":["ats:Curse Doll","ats:Poison Spread"],"picked":"ats:Part Time Job","floor":5},{"not_picked":["GalaxyChild","Bloodbath"],"picked":"RedShoes","floor":10},{"not_picked":["ats:Flexible Camouflage","ats:Curse Doll"],"picked":"ats:Closed Bolt Burst Fire","floor":10},{"not_picked":["Bloodbath","MHz","Scorched"],"picked":"Singing Bowl","floor":11},{"not_picked":["BeautyBeast","Funeral"],"picked":"PunishingBird","floor":11},{"not_picked":["ats:Powerful Strike","ats:Cat Scratch"],"picked":"ats:Very Hot Blade","floor":11},{"not_picked":["HeroicMonk","Scarecrow","Yin"],"picked":"Singing Bowl","floor":14},{"not_picked":["GalaxyChild","VoidDream"],"picked":"MeatLantern","floor":14},{"not_picked":["ats:Shell Defense","ats:Cat Scratch"],"picked":"ats:Roar Of Ursus","floor":14},{"not_picked":["Murderer","SnowQueen","OldLady"],"picked":"Singing Bowl","floor":16},{"not_picked":["ats:Disruption Kick","ats:Durian"],"picked":"ats:Shadow Assault","floor":16},{"not_picked":["BeautyBeast","Bloodbath"],"picked":"Mercenary","floor":22},{"not_picked":["ats:Revitalization","ats:Part Time Job"],"picked":"ats:Curse Doll","floor":22},{"not_picked":["HeroicMonk","Freischutz","BigBadWolf"],"picked":"Singing Bowl","floor":25},{"not_picked":["ats:Curse Doll+1","ats:Beaten Up"],"picked":"ats:Consecutive Shot Auto","floor":25},{"not_picked":["Wellcheers","Bloodbath","Variant"],"picked":"Singing Bowl","floor":28},{"not_picked":["ats:Apocalypse+1","ats:Cat Scratch"],"picked":"ats:Ignite","floor":28},{"not_picked":["DespairKnight","FairyFestival","Woodsman"],"picked":"Singing Bowl","floor":30},{"not_picked":["SilentOrchestra","CrumblingArmor"],"picked":"LongBird","floor":30},{"not_picked":["ats:Curse Doll+1","ats:Charging Defense+1"],"picked":"ats:Magnetic Hammer","floor":30},{"not_picked":["ats:Ambush","ats:Fractured Body"],"picked":"ats:Durian","floor":31},{"not_picked":["DreamingCurrent","WhitesApple"],"picked":"BigBird","floor":33},{"not_picked":["ats:Volcano","ats:Rat Pack"],"picked":"ats:Echo Reverb","floor":33},{"not_picked":["Looming Evil","hubris:Disease"],"picked":"Confused","floor":34},{"not_picked":["Overencumbered","Replay:Hysterical Blindness"],"picked":"Shame","floor":34},{"not_picked":["Poor:ReiMu","hubris:Sloth"],"picked":"Lonely","floor":34},{"not_picked":["Funeral","HeroicMonk","Scorched"],"picked":"Singing Bowl","floor":35},{"not_picked":["ats:Leaping Hammer","ats:Wolf Pack"],"picked":"ats:Explosion Area Strengthen+1","floor":35},{"not_picked":["Variant","WhiteNight","LaLuna"],"picked":"Singing Bowl","floor":36},{"not_picked":["CENSORED","Funeral"],"picked":"SpiderBud","floor":36},{"not_picked":["ats:Childhood Dance","ats:Curse Doll","ats:Cat Scratch+1"],"picked":"SKIP","floor":36},{"not_picked":["Woodsman","CrumblingArmor","MHz"],"picked":"Singing Bowl","floor":39},{"not_picked":["ats:Sword Rain","ats:Powerful Strike+1"],"picked":"ats:Apocalypse+1","floor":39},{"not_picked":["Scarecrow","SnowQueen","Bloodbath"],"picked":"Singing Bowl","floor":40},{"not_picked":["ats:Cat Scratch+1","ats:Hammer On"],"picked":"ats:Mental Burst","floor":40},{"not_picked":["MeltingLove","Funeral","FieryBird"],"picked":"Singing Bowl","floor":41},{"not_picked":["ats:Apocalypse","ats:Explosion Area Strengthen+1"],"picked":"ats:Support Order","floor":41},{"not_picked":["SilentOrchestra","BodiesMountain","Woodsman"],"picked":"Singing Bowl","floor":42},{"not_picked":["ats:Ignite+1","ats:Red Shift","ats:Flexible Camouflage+1"],"picked":"SKIP","floor":42}],"player_experience":1407005,"relics_obtained":[{"floor":1,"key":"LetterFromLob"},{"floor":2,"key":"REME_PuzzleBoxRelic"},{"floor":9,"key":"ats:Lavender"},{"floor":14,"key":"ats:Originium"},{"floor":14,"key":"hubris:SphereOfDissonance"},{"floor":21,"key":"Gremlin Horn"},{"floor":26,"key":"hubris:TenFootPole"},{"floor":28,"key":"ats:Originium"},{"floor":28,"key":"Iron Hammer"},{"floor":35,"key":"Twilight"},{"floor":40,"key":"ats:Originium"},{"floor":40,"key":"Potion Belt"},{"floor":43,"key":"Omamori"}],"event_choices":[{"damage_healed":0,"gold_gain":100,"player_choice":"Pray","damage_taken":0,"max_hp_gain":0,"max_hp_loss":0,"event_name":"Golden Shrine","floor":19,"gold_loss":0},{"damage_healed":0,"gold_gain":0,"player_choice":"Bought 1 Potion","damage_taken":0,"max_hp_gain":0,"max_hp_loss":0,"event_name":"The Woman in Blue","floor":20,"gold_loss":0},{"damage_healed":0,"gold_gain":0,"player_choice":"Trade","damage_taken":0,"relics_obtained":["FaceOfCleric"],"max_hp_gain":0,"max_hp_loss":0,"event_name":"FaceTrader","floor":29,"gold_loss":0},{"damage_healed":0,"gold_gain":0,"player_choice":"Gave Potion","damage_taken":0,"relics_obtained":["Vajra"],"max_hp_gain":0,"max_hp_loss":0,"event_name":"WeMeetAgain","floor":37,"gold_loss":0}],"is_beta":false,"boss_relics":[{"not_picked":["Calling Bell","Honey Jar"],"picked":"ats:Omniscience"},{"not_picked":["Runic Dome","conspire:SeveredTorchhead"],"picked":"Replay:Ancient Bell"},{"not_picked":["Art of War","Replay:Wax Seal"],"picked":"Oddly Smooth Stone"},{"not_picked":["conspire:DeflatedDodgeball","Replay:Accelerometer"],"picked":"HollowMod:LifeEnderRelic"},{"not_picked":["hubris:Potato","Durian"],"picked":"Girya"}],"items_purged_floors":[3,3],"is_endless":false,"potions_floor_spawned":[1,4,5,22,30,35,36],"killed_by":"Jaw Worm Horde","ascension_level":0}}