{"host":"w3q5ijqu8eoknil3","time":1609375442,"event":{"mods":["AchievementEnabler","BaseMod","Block Reminder","Colored Powertips","Minty Spire (QoL Compilation)","Quick Restart","Relic Stats","ojb\u0027s Better Paths Mod","ojb\u0027s Info Mod","slay the spire mod where everything is the same but ironclad has a cowboy hat"],"gold_per_floor":[117,128,128,143,156,156,195,215,238,269,294,294,294],"floor_reached":12,"playtime":456,"items_purged":[],"score":144,"play_id":"f73dc925-ee5c-4b59-8d21-8e9531b820b3","local_time":"20201231004402","is_ascension_mode":true,"campfire_choices":[{"data":"Backstab","floor":6,"key":"SMITH"}],"circlet_count":0,"master_deck":["AscendersBane","Strike_G","Strike_G","Strike_G","Strike_G","Strike_G","Defend_G","Defend_G","Defend_G","Defend_G","Defend_G","Survivor","Neutralize","Leg Sweep","Caltrops","Blade Dance","Backstab+1","Footwork","Cloak And Dagger","Bouncing Flask","Noxious Fumes"],"relics":["Philosopher\u0027s Stone","Sundial","CeramicFish","Nunchaku","Odd Mushroom"],"acts_visited":["Exordium"],"potions_floor_usage":[7,10,12],"damage_taken":[{"damage":11,"enemies":"2 Louse","floor":1,"turns":3},{"damage":3,"enemies":"Small Slimes","floor":2,"turns":6},{"damage":2,"enemies":"Jaw Worm","floor":4,"turns":4},{"damage":4,"enemies":"3 Louse","floor":5,"turns":4},{"damage":8,"enemies":"3 Sentries","floor":7,"turns":7},{"damage":11,"enemies":"Blue Slaver","floor":8,"turns":4},{"damage":11,"enemies":"The Mushroom Lair","floor":10,"turns":5},{"damage":1,"enemies":"Looter","floor":11,"turns":3},{"damage":21,"enemies":"Lagavulin","floor":12,"turns":4}],"seed_played":"-7555149200838735072","potions_obtained":[{"floor":1,"key":"EssenceOfSteel"},{"floor":4,"key":"Explosive Potion"},{"floor":11,"key":"SteroidPotion"}],"is_trial":false,"path_per_floor":["M","M","?","M","M","R","E","M","T","?","M","E"],"character_chosen":"THE_SILENT","items_purchased":[],"campfire_rested":0,"item_purchase_floors":[],"current_hp_per_floor":[48,45,40,38,34,34,26,15,15,4,3,0,0],"gold":294,"neow_bonus":"BOSS_RELIC","is_daily":false,"chose_seed":false,"campfire_upgraded":1,"win_rate":0.0,"timestamp":1609375442,"path_taken":["M","M","?","M","M","R","E","M","T","?","M","E"],"items_purchased_type":[],"build_version":"2020-12-22","purchased_purges":0,"victory":false,"max_hp_per_floor":[66,66,66,66,66,66,66,66,66,66,66,66,66],"relic_stats":{"Nunchaku":[2],"counters":[9,40],"Sundial":[2],"CeramicFish":36,"obtain_stats":[{"Nunchaku":9,"Sundial":3,"CeramicFish":7,"Philosopher\u0027s Stone":0,"Odd Mushroom":10,"Ring of the Snake":0},{"Nunchaku":6,"Sundial":2,"CeramicFish":5,"Philosopher\u0027s Stone":0,"Odd Mushroom":7,"Ring of the Snake":0},{"Nunchaku":28,"Sundial":9,"CeramicFish":24,"Philosopher\u0027s Stone":0,"Odd Mushroom":33,"Ring of the Snake":0}]},"card_choices":[{"not_picked":["Tactician","Backstab"],"picked":"Leg Sweep","floor":1},{"not_picked":["Deflect","Bane"],"picked":"Caltrops","floor":2},{"not_picked":["Leg Sweep","Sucker Punch"],"picked":"Blade Dance","floor":4},{"not_picked":["Sucker Punch","Dodge and Roll"],"picked":"Backstab","floor":5},{"not_picked":["Escape Plan","Bane"],"picked":"Footwork","floor":7},{"not_picked":["Slice","Dodge and Roll"],"picked":"Cloak And Dagger","floor":8},{"not_picked":["Dodge and Roll","Bane"],"picked":"Bouncing Flask","floor":10},{"not_picked":["Underhanded Strike","Endless Agony"],"picked":"Noxious Fumes","floor":11}],"player_experience":964600,"relics_obtained":[{"floor":7,"key":"CeramicFish"},{"floor":9,"key":"Nunchaku"},{"floor":10,"key":"Odd Mushroom"}],"event_choices":[{"damage_healed":0,"gold_gain":0,"player_choice":"Success","damage_taken":5,"relics_obtained":["Sundial"],"max_hp_gain":0,"max_hp_loss":0,"event_name":"Scrap Ooze","floor":3,"gold_loss":0},{"damage_healed":0,"gold_gain":0,"player_choice":"Fought Mushrooms","damage_taken":0,"max_hp_gain":0,"max_hp_loss":0,"event_name":"Mushrooms","floor":10,"gold_loss":0}],"is_beta":false,"boss_relics":[],"items_purged_floors":[],"is_endless":false,"potions_floor_spawned":[1,4,11],"killed_by":"Lagavulin","ascension_level":15}}