{"host":"867cnhxguf2bzj4x","time":1609432166,"event":{"mods":["BaseMod","Duelist Mod","GifTheSpireLib","Minty Spire (QoL Compilation)","StSLib","The Bug Knight","The Cursed","The Jungle"],"gold_per_floor":[118,137,1,21,121,121,102,118,143,154,154,154,154,63,63,165,165,181,181,197,197,197],"floor_reached":21,"playtime":653,"items_purged":[],"score":188,"play_id":"47681a29-e81d-498a-ac99-b49763f44ff8","local_time":"20201231172926","is_ascension_mode":true,"campfire_choices":[{"data":"Calculated Gamble","floor":6.0,"key":"SMITH"},{"data":"Noxious Fumes","floor":13.0,"key":"SMITH"},{"floor":15.0,"key":"REST"}],"circlet_count":0,"master_deck":["Strike_G","Strike_G","Strike_G","Strike_G","Strike_G","Defend_G","Defend_G","Defend_G+1","Defend_G+1","Survivor","Neutralize","Finisher","Calculated Gamble+1","Grand Finale","Backstab","Noxious Fumes+1","Predator","Underhanded Strike","Purity","Backstab"],"relics":["Ring of the Snake","NeowsBlessing","War Paint","SlaversCollar","theJungle:WildStrawberry"],"acts_visited":["Exordium","Exordium"],"potions_floor_usage":[],"damage_taken":[{"damage":0.0,"enemies":"Cultist","floor":1.0,"turns":1.0},{"damage":0.0,"enemies":"Jaw Worm","floor":2.0,"turns":1.0},{"damage":0.0,"enemies":"Small Slimes","floor":4.0,"turns":1.0},{"damage":12.0,"enemies":"Exordium Thugs","floor":7.0,"turns":4.0},{"damage":14.0,"enemies":"Exordium Wildlife","floor":8.0,"turns":6.0},{"damage":6.0,"enemies":"Blue Slaver","floor":10.0,"turns":3.0},{"damage":57.0,"enemies":"Hexaghost","floor":16.0,"turns":11.0},{"damage":25,"enemies":"theJungle:5_Spyders","floor":18,"turns":6},{"damage":37,"enemies":"theJungle:MUSHROOMGANG","floor":20,"turns":5},{"damage":3,"enemies":"theJungle:JungleHuntersEncounter","floor":21,"turns":2}],"seed_played":"1220957739774578339","potions_obtained":[{"floor":2.0,"key":"SmokeBomb"},{"floor":8.0,"key":"Fire Potion"},{"floor":10.0,"key":"Poison Potion"}],"is_trial":false,"path_per_floor":["M","M","$","M","?","R","M","M","T","M","$","?","R","$","R","B",null,"M","?","M","M"],"character_chosen":"THE_SILENT","items_purchased":["Grand Finale","Purity"],"campfire_rested":1,"item_purchase_floors":[3,14],"current_hp_per_floor":[70,70,70,70,70,70,58,44,44,38,38,38,38,38,59,2,70,45,38,1,0,0],"gold":197,"neow_bonus":"THREE_ENEMY_KILL","is_daily":false,"chose_seed":false,"campfire_upgraded":2,"win_rate":0.0,"timestamp":1609432166,"path_taken":["M","?","$","M","?","R","M","M","T","?","?","?","R","$","R","BOSS","M","?","M","M"],"items_purchased_type":["Card","Card"],"build_version":"2020-12-22","purchased_purges":0,"victory":false,"max_hp_per_floor":[70,70,70,70,70,70,70,70,70,70,70,70,70,70,70,70,70,70,77,77,77,77],"card_choices":[{"not_picked":["Dodge and Roll","PiercingWail"],"picked":"Finisher","floor":1.0},{"not_picked":["Quick Slash","PiercingWail"],"picked":"Calculated Gamble","floor":2.0},{"not_picked":["Footwork","Bane"],"picked":"Backstab","floor":4.0},{"not_picked":["Skewer","Outmaneuver"],"picked":"Noxious Fumes","floor":7.0},{"not_picked":["Deflect","Outmaneuver"],"picked":"Predator","floor":8.0},{"not_picked":["Blade Dance","Backflip"],"picked":"Underhanded Strike","floor":10.0},{"not_picked":["PiercingWail+1","Blade Dance","Dodge and Roll"],"picked":"SKIP","floor":18},{"not_picked":["Cloak And Dagger","Deadly Poison"],"picked":"Backstab","floor":20}],"player_experience":96181,"relics_obtained":[{"floor":9.0,"key":"War Paint"}],"event_choices":[{"damage_healed":0.0,"max_hp_gain":0.0,"max_hp_loss":0.0,"gold_gain":100.0,"event_name":"Golden Shrine","player_choice":"Pray","floor":5.0,"gold_loss":0.0,"damage_taken":0.0},{"cards_removed":["Defend_G"],"damage_healed":0.0,"max_hp_gain":0.0,"max_hp_loss":0.0,"gold_gain":0.0,"event_name":"Living Wall","player_choice":"Forget","floor":12.0,"gold_loss":0.0,"damage_taken":0.0}],"is_beta":false,"boss_relics":[{"not_picked":["Coffee Dripper","SacredBark"],"picked":"SlaversCollar"}],"items_purged_floors":[],"is_endless":false,"potions_floor_spawned":[2,8,10,16,18,20],"killed_by":"theJungle:JungleHuntersEncounter","ascension_level":2}}