{"host":"52m1o8iwwagurbjs","time":1609456378,"event":{"mods":["AchievementEnabler","BaseMod","Bestiary","Colored Powertips","GifTheSpireLib","Minty Spire (QoL Compilation)","Quick Restart","RNG Fix","Relic Stats","StSLib"],"gold_per_floor":[114,138,161,17,17,39,84,84,84,114,114,114],"floor_reached":11,"playtime":753,"items_purged":["Strike_R"],"score":124,"play_id":"c35c29e0-3894-46b8-a6df-20de75d1de01","local_time":"20201231181258","is_ascension_mode":true,"campfire_choices":[],"circlet_count":0,"master_deck":["AscendersBane","Strike_R","Strike_R","Strike_R","Strike_R","Defend_R","Defend_R","Defend_R","Defend_R","Bash","Pommel Strike","Clothesline","Battle Trance","Demon Form+1","Heavy Blade","Corruption"],"relics":["Burning Blood","CeramicFish","Golden Idol","Oddly Smooth Stone","Pen Nib"],"acts_visited":["Exordium"],"potions_floor_usage":[11],"damage_taken":[{"damage":4.0,"enemies":"Small Slimes","floor":1.0,"turns":3.0},{"damage":4.0,"enemies":"Jaw Worm","floor":2.0,"turns":4.0},{"damage":6.0,"enemies":"2 Louse","floor":3.0,"turns":3.0},{"damage":10.0,"enemies":"Blue Slaver","floor":6.0,"turns":4.0},{"damage":50.0,"enemies":"Lagavulin","floor":7.0,"turns":9.0},{"damage":4.0,"enemies":"2 Fungi Beasts","floor":10.0,"turns":4.0},{"damage":16,"enemies":"Gremlin Nob","floor":11,"turns":4}],"seed_played":"9125977422012739008","potions_obtained":[{"floor":2.0,"key":"ColorlessPotion"},{"floor":10.0,"key":"Block Potion"}],"is_trial":false,"path_per_floor":["M","M","M","$","?","M","E","?","T","M","E"],"character_chosen":"IRONCLAD","items_purchased":["Battle Trance"],"campfire_rested":0,"item_purchase_floors":[4],"current_hp_per_floor":[74,76,76,76,74,70,26,26,26,28,12,12],"gold":114,"neow_bonus":"RANDOM_COMMON_RELIC","is_daily":false,"chose_seed":false,"campfire_upgraded":0,"win_rate":0.0,"timestamp":1609456378,"path_taken":["M","M","M","$","?","M","E","?","T","M","E"],"items_purchased_type":["Card"],"build_version":"2020-12-22","purchased_purges":1,"victory":false,"max_hp_per_floor":[80,80,80,80,74,74,74,74,74,74,74,74],"relic_stats":{"counters":[7,31],"Golden Idol":14,"CeramicFish":54,"Pen Nib":[1],"obtain_stats":[{"Golden Idol":5,"CeramicFish":0,"Oddly Smooth Stone":7,"Pen Nib":9,"Burning Blood":0},{"Golden Idol":3,"CeramicFish":0,"Oddly Smooth Stone":5,"Pen Nib":5,"Burning Blood":0},{"Golden Idol":10,"CeramicFish":0,"Oddly Smooth Stone":23,"Pen Nib":23,"Burning Blood":0}],"Burning Blood":36},"card_choices":[{"not_picked":["Perfected Strike","Wild Strike","Armaments"],"picked":"SKIP","floor":1.0},{"not_picked":["Headbutt","Heavy Blade"],"picked":"Pommel Strike","floor":2.0},{"not_picked":["Thunderclap","Iron Wave"],"picked":"Clothesline","floor":3.0},{"not_picked":["Sword Boomerang","Thunderclap"],"picked":"Demon Form","floor":6.0},{"not_picked":["Carnage","Rampage"],"picked":"Heavy Blade","floor":7.0},{"not_picked":["Clash","Iron Wave"],"picked":"Corruption","floor":10.0}],"player_experience":1067813,"relics_obtained":[{"floor":7.0,"key":"Oddly Smooth Stone"},{"floor":9.0,"key":"Pen Nib"}],"event_choices":[{"damage_healed":0.0,"max_hp_gain":0.0,"max_hp_loss":6.0,"gold_gain":0.0,"event_name":"Golden Idol","player_choice":"Lose Max HP","floor":5.0,"gold_loss":0.0,"damage_taken":0.0,"relics_obtained":["Golden Idol"]},{"damage_healed":0.0,"max_hp_gain":0.0,"max_hp_loss":0.0,"gold_gain":0.0,"event_name":"Living Wall","player_choice":"Grow","floor":8.0,"gold_loss":0.0,"damage_taken":0.0,"cards_upgraded":["Demon Form"]}],"is_beta":false,"boss_relics":[],"items_purged_floors":[4],"is_endless":false,"potions_floor_spawned":[2,10],"killed_by":"Gremlin Nob","ascension_level":13}}