{"host":"851hhqouejqwzba1","time":1609411249,"event":{"mods":["BaseMod","Minty Spire (QoL Compilation)","Permanent Neow","Shop Mod","StSLib","óô»ðÖ¸ÄÏ"],"gold_per_floor":[119,119,139,157,157,2,177,177,200,200,200,219,79,95,95,194,194,209,222,0,0,0,0,40,40,114,114,137,137,158,172,110,199,199,220,220,245,245,258,128,167,198,251,80,80,99,137,9,9,9],"floor_reached":51,"playtime":2495,"items_purged":["Doubt","Strike_R","Strike_R","Defend_R","Parasite"],"score":1220,"play_id":"b2da9868-37b4-400b-9b84-2729c3b37952","local_time":"20201231184049","is_ascension_mode":true,"campfire_choices":[{"data":"Bludgeon","floor":8.0,"key":"SMITH"},{"data":"Cleave","floor":10.0,"key":"SMITH"},{"data":"Armaments","floor":15.0,"key":"SMITH"},{"data":"Limit Break","floor":23.0,"key":"SMITH"},{"data":"Heavy Blade","floor":25.0,"key":"SMITH"},{"data":"Pommel Strike","floor":27.0,"key":"SMITH"},{"data":"Sword Boomerang","floor":45,"key":"SMITH"},{"data":"Pummel","floor":49,"key":"SMITH"}],"circlet_count":0,"master_deck":["AscendersBane","Strike_R","Strike_R","Defend_R","Defend_R","Defend_R+1","Bash","Bludgeon+1","Cleave+1","Pommel Strike+1","Inflame","Intimidate+1","Armaments+1","Limit Break+1","Disarm","Pummel+1","Impervious","Heavy Blade+1","Limit Break+1","Infernal Blade+1","Sword Boomerang+1","Flex+1","Reaper","Dark Shackles+1","Spot Weakness+1","True Grit+1","Offering+1","Burning Pact+1"],"relics":["Burning Blood","Golden Idol","Membership Card","Omamori","Orichalcum","Cursed Key","Sling","Enchiridion","Toxic Egg 2","Frozen Egg 2","SacredBark","Happy Flower","Torii","Boot","Bag of Preparation","Potion Belt"],"acts_visited":["Exordium","TheCity","TheBeyond"],"potions_floor_usage":[50,50],"damage_taken":[{"damage":3.0,"enemies":"Jaw Worm","floor":1.0,"turns":4.0},{"damage":9.0,"enemies":"2 Louse","floor":3.0,"turns":2.0},{"damage":0.0,"enemies":"Cultist","floor":4.0,"turns":2.0},{"damage":4.0,"enemies":"Looter","floor":12.0,"turns":3.0},{"damage":0.0,"enemies":"Exordium Wildlife","floor":14.0,"turns":4.0},{"damage":32.0,"enemies":"Slime Boss","floor":16.0,"turns":4.0},{"damage":10.0,"enemies":"3 Byrds","floor":18.0,"turns":5.0},{"damage":6.0,"enemies":"Chosen","floor":19.0,"turns":4.0},{"damage":11.0,"enemies":"Slavers","floor":24.0,"turns":4.0},{"damage":0.0,"enemies":"Snake Plant","floor":28.0,"turns":2.0},{"damage":0.0,"enemies":"Chosen and Byrds","floor":30.0,"turns":4.0},{"damage":1.0,"enemies":"Snecko","floor":31.0,"turns":4.0},{"damage":65.0,"enemies":"Champ","floor":33.0,"turns":10.0},{"damage":15.0,"enemies":"3 Darklings","floor":35.0,"turns":4.0},{"damage":16.0,"enemies":"3 Shapes","floor":37.0,"turns":4.0},{"damage":49.0,"enemies":"Spire Growth","floor":39.0,"turns":5.0},{"damage":30.0,"enemies":"Reptomancer","floor":41.0,"turns":5.0},{"damage":25.0,"enemies":"Mind Bloom Boss Battle","floor":42.0,"turns":4.0},{"damage":24,"enemies":"Writhing Mass","floor":46,"turns":7},{"damage":1,"enemies":"Giant Head","floor":47,"turns":5},{"damage":7,"enemies":"Awakened One","floor":50,"turns":3}],"seed_played":"2259153117316112151","potions_obtained":[{"floor":3.0,"key":"FairyPotion"},{"floor":4.0,"key":"BloodPotion"},{"floor":14.0,"key":"LiquidMemories"},{"floor":24.0,"key":"Energy Potion"},{"floor":28.0,"key":"BlessingOfTheForge"},{"floor":31.0,"key":"Dexterity Potion"},{"floor":35.0,"key":"SpeedPotion"},{"floor":37.0,"key":"BlessingOfTheForge"},{"floor":42.0,"key":"BlessingOfTheForge"},{"floor":46,"key":"Weak Potion"}],"is_trial":false,"path_per_floor":["M","?","M","M","?","R","?","R","T","R","?","M","$","M","R","B",null,"M","M","$","?","?","R","E","R","T","R","M","?","M","M","R","B",null,"M","?","M","?","M","R","E","?","T","$","R","M","E","$","R","B",null],"character_chosen":"IRONCLAD","items_purchased":["Membership Card","Orichalcum","Armaments","Pummel","Impervious","Sling","Strength Potion","Flex+1","PowerPotion","Dark Shackles+1","True Grit+1","Bag of Preparation","Burning Pact+1"],"campfire_rested":0,"item_purchase_floors":[6,13,13,20,20,20,20,32,40,40,44,44,48],"current_hp_per_floor":[53,53,50,56,56,56,56,56,56,56,42,57,57,63,63,37,61,57,57,57,41,29,29,24,24,24,24,30,30,36,41,41,28,63,70,70,71,71,36,36,54,71,71,71,71,53,58,58,58,57],"gold":9,"neow_bonus":"THREE_RARE_CARDS","is_daily":false,"chose_seed":false,"campfire_upgraded":8,"win_rate":0.0,"timestamp":1609411249,"path_taken":["M","?","M","M","?","R","?","R","T","R","?","?","$","M","R","BOSS","M","?","$","?","?","R","E","R","T","R","M","?","M","?","R","BOSS","M","?","M","?","M","R","E","?","T","$","R","M","E","$","R","BOSS"],"items_purchased_type":["Relic","Relic","Card","Card","Card","Relic","Potion","Card","Potion","Card","Card","Relic","Card"],"build_version":"2020-12-22","purchased_purges":5,"victory":true,"max_hp_per_floor":[75,69,69,69,69,69,69,69,69,69,69,69,69,69,69,69,69,69,69,69,69,74,74,74,74,74,74,74,74,74,74,74,74,74,74,74,74,74,74,74,74,74,74,74,74,74,74,71,71,71],"card_choices":[{"not_picked":["Exhume","Brutality"],"picked":"Bludgeon","floor":0.0},{"not_picked":["Thunderclap","Dual Wield"],"picked":"Cleave","floor":1.0},{"not_picked":["Second Wind","Headbutt"],"picked":"Pommel Strike","floor":3.0},{"not_picked":["Clash","Shockwave"],"picked":"Inflame","floor":4.0},{"not_picked":["Perfected Strike","Clash","Fire Breathing"],"picked":"SKIP","floor":12.0},{"not_picked":["Warcry","Thunderclap","Body Slam"],"picked":"SKIP","floor":14.0},{"not_picked":["Juggernaut","Barricade"],"picked":"Limit Break","floor":16.0},{"not_picked":["Pommel Strike","Infernal Blade"],"picked":"Disarm","floor":18.0},{"not_picked":["Havoc+1","Clash","Iron Wave"],"picked":"SKIP","floor":19.0},{"not_picked":["Havoc+1","Cleave+1"],"picked":"Heavy Blade","floor":24.0},{"not_picked":["Body Slam","Juggernaut+1","Feel No Pain+1"],"picked":"SKIP","floor":28.0},{"not_picked":["Disarm+1","Inflame+1"],"picked":"Infernal Blade+1","floor":30.0},{"not_picked":["Iron Wave","Headbutt"],"picked":"Sword Boomerang","floor":31.0},{"not_picked":["Juggernaut+1","Feed"],"picked":"Reaper","floor":33.0},{"not_picked":["Body Slam","Hemokinesis","Heavy Blade"],"picked":"SKIP","floor":35.0},{"not_picked":["Anger+1","Wild Strike+1"],"picked":"Spot Weakness+1","floor":37.0},{"not_picked":["Havoc+1","Fiend Fire","Wild Strike"],"picked":"SKIP","floor":39.0},{"not_picked":["Anger","Flex+1"],"picked":"Spot Weakness+1","floor":41.0},{"not_picked":["Headbutt+1","Flex+1","Sword Boomerang+1"],"picked":"SKIP","floor":46},{"not_picked":["Sever Soul+1","Perfected Strike"],"picked":"Offering+1","floor":47}],"player_experience":413813,"relics_obtained":[{"floor":9.0,"key":"Omamori"},{"floor":21.0,"key":"Enchiridion"},{"floor":24.0,"key":"Toxic Egg 2"},{"floor":26.0,"key":"Frozen Egg 2"},{"floor":41.0,"key":"Happy Flower"},{"floor":42.0,"key":"Torii"},{"floor":43.0,"key":"Boot"},{"floor":47,"key":"Potion Belt"}],"event_choices":[{"damage_healed":0.0,"max_hp_gain":0.0,"max_hp_loss":6.0,"gold_gain":0.0,"event_name":"Golden Idol","player_choice":"Lose Max HP","floor":2.0,"gold_loss":0.0,"damage_taken":0.0,"relics_obtained":["Golden Idol"]},{"damage_healed":0.0,"max_hp_gain":0.0,"max_hp_loss":0.0,"gold_gain":0.0,"cards_transformed":["Strike_R"],"event_name":"Living Wall","player_choice":"Change","floor":5.0,"gold_loss":0.0,"damage_taken":0.0,"cards_obtained":["Intimidate"]},{"damage_healed":0.0,"max_hp_gain":0.0,"max_hp_loss":0.0,"gold_gain":175.0,"event_name":"Liars Game","player_choice":"AGREE","floor":7.0,"gold_loss":0.0,"damage_taken":0.0,"cards_obtained":["Doubt"]},{"damage_healed":0.0,"max_hp_gain":0.0,"max_hp_loss":0.0,"gold_gain":0.0,"event_name":"Shining Light","player_choice":"Entered Light","floor":11.0,"gold_loss":0.0,"damage_taken":14.0,"cards_upgraded":["Defend_R","Intimidate"]},{"damage_healed":0.0,"max_hp_gain":0.0,"max_hp_loss":0.0,"gold_gain":0.0,"event_name":"Cursed Tome","player_choice":"Obtained Book","floor":21.0,"gold_loss":0.0,"damage_taken":16.0},{"damage_healed":0.0,"max_hp_gain":5.0,"max_hp_loss":0.0,"gold_gain":0.0,"event_name":"Forgotten Altar","player_choice":"Shed Blood","floor":22.0,"gold_loss":0.0,"damage_taken":17.0},{"damage_healed":0.0,"max_hp_gain":0.0,"max_hp_loss":0.0,"gold_gain":0.0,"event_name":"Duplicator","player_choice":"Copied","floor":29.0,"gold_loss":0.0,"damage_taken":0.0,"cards_obtained":["Limit Break"]},{"damage_healed":0.0,"max_hp_gain":0.0,"max_hp_loss":0.0,"gold_gain":0.0,"event_name":"Tomb of Lord Red Mask","player_choice":"Ignored","floor":36.0,"gold_loss":0.0,"damage_taken":0.0},{"cards_removed":["Spot Weakness"],"damage_healed":0.0,"max_hp_gain":0.0,"max_hp_loss":0.0,"gold_gain":0.0,"event_name":"Falling","player_choice":"Removed Skill","floor":38.0,"gold_loss":0.0,"damage_taken":0.0},{"damage_healed":0.0,"max_hp_gain":0.0,"max_hp_loss":0.0,"gold_gain":0.0,"event_name":"MindBloom","player_choice":"Fight","floor":42.0,"gold_loss":0.0,"damage_taken":0.0}],"is_beta":false,"boss_relics":[{"not_picked":["Runic Cube","Philosopher\u0027s Stone"],"picked":"Cursed Key"},{"not_picked":["Tiny House","Black Blood"],"picked":"SacredBark"}],"items_purged_floors":[13,32,40,44,48],"is_endless":false,"potions_floor_spawned":[3,4,14,24,28,31,35,37,42,46],"ascension_level":14}}