{"host":"8qkhzo0jjkmvsb7l","time":1609433953,"event":{"mods":["BaseMod","Conspire","Downfall","Marisa????????","Minty Spire (QoL Compilation)","Replay The Spire","StSLib"],"gold_per_floor":[99,118,118,118,132,142,142,52,52,52,52,52,37,57,77,174,174,174,186,186,71,71,90,144,191,191,216,288,288,288,288,329,445,445,445,479,517,517,546,546,546,546,554,554],"floor_reached":43,"playtime":1942,"items_purged":["sneckomod:Strike","Regret"],"score":459,"play_id":"178336d6-7cbe-4b2d-95db-fc55144cf002","local_time":"20201231195913","is_ascension_mode":false,"campfire_choices":[{"floor":9,"key":"REST"},{"data":"sneckomod:Unknown","floor":11,"key":"SMITH"},{"data":"sneckomod:MorePower","floor":18,"key":"SMITH"},{"floor":30,"key":"REST"},{"data":"sneckomod:UnknownRareSkill","floor":35,"key":"SMITH"},{"data":"sneckomod:Nope","floor":42,"key":"SMITH"}],"circlet_count":0,"master_deck":["sneckomod:Defend","sneckomod:Defend+1","sneckomod:TailWhip+1","sneckomod:SnekBite","sneckomod:Unknown+1","sneckomod:DangerNoodle","sneckomod:UnknownVulnerable","sneckomod:UnknownCommonSkill+1","sneckomod:UnknownClassHEXA_GHOST_PURPLE+1","sneckomod:ImprovisedAttack","sneckomod:UnknownBlock","sneckomod:ImprovisedGuard","sneckomod:UnknownExhaust+1","sneckomod:MorePower+1","sneckomod:UnknownDexterity+1","sneckomod:UnknownRareAttack+1","sneckomod:IronFang+1","sneckomod:UnknownRareSkill+1","sneckomod:UnknownRarePower+1","sneckomod:UnknownCommonAttack+1","sneckomod:UnknownWeak+1","sneckomod:Nope+1","sneckomod:UnknownUncommonPower+1","sneckomod:UnknownClassPURPLE+1","sneckomod:UnknownUncommonSkill+1","sneckomod:UnknownCommonAttack+1","sneckomod:UnknownClassMARISA_COLOR+1","sneckomod:UnknownRareSkill+1","CurseOfTheBell","sneckomod:UnknownClassMARISA_DERIVATIONS+1","sneckomod:UnknownColorless+1"],"relics":["sneckomod:SuperSneckoSoul","downfall:ShatteredFragment","conspire:Dentures","Replay:Bandana","PreservedInsect","Iron Hammer","Calling Bell","Anchor","Divine Protection","Pondfish Scales","Peace Pipe"],"acts_visited":["Exordium","TheCity","TheBeyond"],"potions_floor_usage":[16,33,33,37,39],"damage_taken":[{"damage":6,"enemies":"Small Slimes","floor":2,"turns":3},{"damage":3,"enemies":"Jaw Worm","floor":5,"turns":2},{"damage":1,"enemies":"2 Louse","floor":6,"turns":2},{"damage":5,"enemies":"downfall:FleeingMerchant","floor":8,"turns":4},{"damage":7,"enemies":"downfall:FleeingMerchant","floor":13,"turns":4},{"damage":14,"enemies":"Blue Slaver","floor":14,"turns":2},{"damage":0,"enemies":"3 Louse","floor":15,"turns":2},{"damage":64,"enemies":"downfall:Defect","floor":16,"turns":5},{"damage":28,"enemies":"3 Byrds","floor":19,"turns":7},{"damage":10,"enemies":"downfall:FleeingMerchant","floor":21,"turns":4},{"damage":33,"enemies":"Shelled Parasite and Fungi","floor":23,"turns":7},{"damage":16,"enemies":"Gremlin Leader","floor":25,"turns":5},{"damage":1,"enemies":"conspire:HollyBat","floor":27,"turns":7},{"damage":6,"enemies":"Centurion and Healer","floor":32,"turns":5},{"damage":56,"enemies":"downfall:Watcher","floor":33,"turns":8},{"damage":18,"enemies":"3 Shapes","floor":36,"turns":5},{"damage":14,"enemies":"Orb Walker","floor":37,"turns":4},{"damage":0,"enemies":"Transient","floor":39,"turns":5},{"damage":97,"enemies":"Maw","floor":43,"turns":11}],"seed_played":"3708658633993336959","potions_obtained":[{"floor":2,"key":"sneckomod:MuddlingPotion"},{"floor":5,"key":"Dexterity Potion"},{"floor":14,"key":"Strength Potion"},{"floor":15,"key":"DuplicationPotion"},{"floor":16,"key":"Swift Potion"},{"floor":25,"key":"sneckomod:DiceRollPotion"},{"floor":33,"key":"Fire Potion"},{"floor":36,"key":"Block Potion"},{"floor":39,"key":"Guardian:BlockOnCardUsePotion"}],"is_trial":false,"path_per_floor":["R","M","?","?","M","M","T","$","R","?","R","?","$","M","M","B",null,"R","M","?","$","?","M","T","E","?","M","T","?","R","?","M","B",null,"R","M","M","?","M","?","T","R","M"],"character_chosen":"THE_SNECKO","items_purchased":[],"campfire_rested":2,"item_purchase_floors":[],"current_hp_per_floor":[99,100,79,80,78,77,77,73,103,103,103,103,96,82,83,34,116,116,92,92,82,82,49,49,33,33,32,32,32,66,66,74,18,116,116,98,90,90,90,90,90,90,0,0],"gold":554,"neow_bonus":"TEN_PERCENT_HP_BONUS","is_daily":false,"chose_seed":false,"campfire_upgraded":4,"win_rate":0.0,"timestamp":1609433953,"path_taken":["R","M","?","?","M","M","T","$","R","?","R","?","?","M","M","BOSS","R","M","?","$","?","?","T","E","?","M","?","?","R","?","M","BOSS","R","M","M","?","?","?","T","R","M"],"items_purchased_type":[],"build_version":"2020-12-22","purchased_purges":2,"victory":false,"max_hp_per_floor":[99,100,100,101,102,102,102,103,103,103,103,103,103,103,104,104,116,116,116,116,116,116,116,116,116,116,116,116,116,116,116,116,116,116,116,116,116,116,116,116,116,116,116,116],"card_choices":[{"not_picked":["sneckomod:DiceBlock","sneckomod:SlitherStrike"],"picked":"sneckomod:UnknownVulnerable","floor":2},{"not_picked":["sneckomod:RainOfDice","sneckomod:Unknown2Cost"],"picked":"sneckomod:UnknownClassHEXA_GHOST_PURPLE","floor":5},{"not_picked":["sneckomod:QuickBite","sneckomod:UnknownWeak"],"picked":"sneckomod:ImprovisedAttack","floor":6},{"not_picked":["sneckomod:UnknownUncommonPower","sneckomod:UnknownRareAttack"],"picked":"sneckomod:UnknownBlock","floor":8},{"not_picked":["sneckomod:QuickMove","sneckomod:Unknown1Cost"],"picked":"sneckomod:ImprovisedGuard","floor":13},{"not_picked":["sneckomod:UnknownClassTHE_CHAMP_GRAY","sneckomod:SoulDraw","sneckomod:TrashToTreasure"],"picked":"SKIP","floor":14},{"not_picked":["sneckomod:SoulDraw","sneckomod:QuickMove"],"picked":"sneckomod:UnknownExhaust","floor":15},{"not_picked":["sneckomod:UnlimitedRolls","sneckomod:UnknownRareSkill"],"picked":"sneckomod:MorePower","floor":16},{"not_picked":["sneckomod:UnknownBlock+1","sneckomod:UnknownExhaust+1"],"picked":"sneckomod:UnknownDexterity+1","floor":19},{"not_picked":["sneckomod:UnknownUncommonPower","sneckomod:DiceBlock","sneckomod:SoulDraw"],"picked":"SKIP","floor":19},{"not_picked":["sneckomod:UnknownClassMARISA_DERIVATIONS+1","sneckomod:UnknownClassTHE_CHAMP_GRAY+1"],"picked":"sneckomod:UnknownRareAttack+1","floor":21},{"not_picked":["sneckomod:SoulRoll","sneckomod:ImprovisedAttack+1"],"picked":"sneckomod:IronFang+1","floor":21},{"not_picked":["sneckomod:UnknownClassGREEN+1","sneckomod:UnknownDexterity+1"],"picked":"sneckomod:UnknownRareSkill+1","floor":23},{"not_picked":["sneckomod:UnknownStrike+1","sneckomod:UnknownClassPURPLE+1"],"picked":"sneckomod:UnknownRarePower+1","floor":23},{"not_picked":["sneckomod:ImprovisedGuard+1","sneckomod:UnknownVulnerable"],"picked":"sneckomod:UnknownCommonAttack+1","floor":23},{"not_picked":["sneckomod:UnknownClassTHE_CHAMP_GRAY+1","sneckomod:UnknownClassSLIMEBOUND+1"],"picked":"sneckomod:UnknownWeak+1","floor":25},{"not_picked":["sneckomod:DiceBoulder","sneckomod:SnekBeam"],"picked":"sneckomod:Nope","floor":25},{"not_picked":["sneckomod:UnknownClassMARISA_COLOR+1","sneckomod:UnknownClassGREEN+1"],"picked":"sneckomod:UnknownUncommonPower+1","floor":27},{"not_picked":["sneckomod:UnknownCommonAttack+1","sneckomod:UnknownClassGUARDIAN+1"],"picked":"sneckomod:UnknownClassPURPLE+1","floor":27},{"not_picked":["sneckomod:Unknown1Cost","sneckomod:DiceCrush+1","sneckomod:UnknownClassPURPLE"],"picked":"SKIP","floor":27},{"not_picked":["sneckomod:UnknownClassPURPLE+1","sneckomod:UnknownStrike+1"],"picked":"sneckomod:UnknownUncommonSkill+1","floor":32},{"not_picked":["sneckomod:QuickMove","sneckomod:UnknownWeak"],"picked":"sneckomod:UnknownCommonAttack+1","floor":32},{"not_picked":["sneckomod:UnknownClassTHE_CHAMP_GRAY+1","sneckomod:UnknownUncommonPower+1"],"picked":"sneckomod:UnknownClassMARISA_COLOR+1","floor":33},{"not_picked":["sneckomod:Unknown3Cost","sneckomod:SerpentMind"],"picked":"sneckomod:UnknownRareSkill","floor":33},{"not_picked":["sneckomod:UnknownExhaust+1","sneckomod:Unknown+1","sneckomod:UnknownRareSkill+1"],"picked":"SKIP","floor":36},{"not_picked":["sneckomod:RainOfDice","sneckomod:UnknownCommonAttack+1","sneckomod:SerpentIdol"],"picked":"SKIP","floor":36},{"not_picked":["sneckomod:UnknownX","sneckomod:Unknown1Cost+1"],"picked":"sneckomod:UnknownClassMARISA_DERIVATIONS+1","floor":37},{"not_picked":["sneckomod:UnknownUncommonSkill+1","sneckomod:Unknown1Cost+1"],"picked":"sneckomod:UnknownColorless+1","floor":39},{"not_picked":["sneckomod:DiceBlock+1","sneckomod:CheapStock","sneckomod:Unknown3Cost"],"picked":"SKIP","floor":39}],"player_experience":219505,"relics_obtained":[{"floor":7,"key":"conspire:Dentures"},{"floor":24,"key":"Replay:Bandana"},{"floor":25,"key":"PreservedInsect"},{"floor":28,"key":"Iron Hammer"},{"floor":34,"key":"Anchor"},{"floor":34,"key":"Divine Protection"},{"floor":34,"key":"Pondfish Scales"},{"floor":41,"key":"Peace Pipe"}],"event_choices":[{"damage_healed":0,"gold_gain":0,"player_choice":"Leave","damage_taken":0,"max_hp_gain":0,"max_hp_loss":0,"event_name":"conspire:Investor","floor":10,"gold_loss":0},{"cards_removed":["sneckomod:Strike"],"damage_healed":0,"gold_gain":0,"player_choice":"Offered Basic","damage_taken":0,"max_hp_gain":0,"max_hp_loss":0,"event_name":"Bonfire Elementals","floor":22,"gold_loss":0},{"damage_healed":0,"gold_gain":0,"player_choice":"Ignored","damage_taken":0,"max_hp_gain":0,"max_hp_loss":0,"event_name":"Vampires","floor":29,"gold_loss":0},{"cards_removed":["sneckomod:Strike"],"damage_healed":0,"gold_gain":0,"player_choice":"Purged","damage_taken":0,"max_hp_gain":0,"max_hp_loss":0,"event_name":"Purifier","floor":38,"gold_loss":0},{"damage_healed":0,"gold_gain":0,"player_choice":"Forge","damage_taken":0,"max_hp_gain":0,"max_hp_loss":0,"event_name":"Accursed Blacksmith","floor":40,"gold_loss":0,"cards_upgraded":["sneckomod:UnknownExhaust"]}],"is_beta":false,"boss_relics":[{"not_picked":["Painkiller Herb","SlaversCollar"],"picked":"sneckomod:SuperSneckoSoul"},{"not_picked":["Runic Pyramid","ChewingGum"],"picked":"Calling Bell"}],"items_purged_floors":[8,21],"is_endless":false,"potions_floor_spawned":[2,5,14,15,16,19,25,27,33,36,39],"killed_by":"Maw","ascension_level":0}}