{"host":"g76swmzai3i25uo4","time":1609430513,"event":{"mods":["Act Like it!","BaseMod","Colored Map","Colored Powertips","Hallownest","Minty Spire (QoL Compilation)","Permanent Neow","StSLib","noobMod"],"gold_per_floor":[113,38,38,61,80,113,113,129,177,195,228,228,228,259,259,356,356,367,377,377,397,437,437,463,479,506,535,535,535,552,584,584,682,682,694,854,854,769,456,456,487,502,582,609,1,34,34,54,54,54],"floor_reached":51,"playtime":3518,"items_purged":["Strike_R"],"score":1043,"play_id":"0756d209-96d5-4631-a794-e4795fd0a5be","local_time":"20210101000153","is_ascension_mode":true,"campfire_choices":[{"data":"Hallownest:skillGreenpathMap","floor":7,"key":"SMITH"},{"data":"Bash","floor":12,"key":"SMITH"},{"data":"Rampage","floor":15,"key":"SMITH"},{"data":"Hallownest:attackMasterCycloneSlash","floor":23,"key":"SMITH"},{"floor":32,"key":"REST"},{"data":"Hallownest:skillKingdomsEdgeMap","floor":40,"key":"SMITH"},{"floor":49,"key":"REST"}],"circlet_count":0,"master_deck":["Strike_R+1","Bash+1","Rampage+1","Hallownest:skillGreenpathMap+1","Hallownest:skillSlugHide","Hallownest:skillSlugHide","Hallownest:skillSlugHide","Hallownest:skillSlugHide","Hallownest:skillSlugHide","Clash+1","Cleave","Seeing Red","Offering","Perfected Strike","Hallownest:attackMasterCycloneSlash+1","Perfected Strike+1","Impervious","Perfected Strike+1","Impervious","Rage","Clash","Offering","CurseOfTheBell","True Grit+1","Hallownest:skillKingdomsEdgeMap+1","Reaper","Bloodletting+1","Battle Trance+1","Apotheosis+1","Double Tap+1"],"relics":["Black Blood","ice","PreservedInsect","Singing Bowl","Oddly Smooth Stone","Red Skull","StrikeDummy","Dream Catcher","Bag of Preparation","Vajra","Whetstone","Calling Bell","Art of War","White Beast Statue","Ice Cream","Hallownest:GodTamersBeastRelic","Hallownest:HeavyBlowRelic","Blue Candle","Gambling Chip","Toxic Egg 2","Nunchaku","Paper Frog","Anchor","Self Forming Clay"],"acts_visited":["Hallownest:Greenpath","Hallownest:CityofTears","Hallownest:KingdomsEdge"],"potions_floor_usage":[13,16,22,35,36,50,50],"damage_taken":[{"damage":9,"enemies":"Hallownest:2_Baldur","floor":1,"turns":7},{"damage":2,"enemies":"2_ Uuma","floor":5,"turns":5},{"damage":0,"enemies":"Hallownest:eliteMossKnight","floor":6,"turns":5},{"damage":0,"enemies":"Hallownest:monsterHuskWarrior","floor":8,"turns":3},{"damage":20,"enemies":"Hallownest:Guard_and_Warrior","floor":10,"turns":6},{"damage":3,"enemies":"Hallownest:eliteVengeflyKing","floor":11,"turns":6},{"damage":0,"enemies":"Hallownest:monsterMarmu","floor":13,"turns":4},{"damage":4,"enemies":"Hallownest:eliteMossKnight","floor":14,"turns":4},{"damage":6,"enemies":"Hallownest:BossBrokenVessel","floor":16,"turns":7},{"damage":11,"enemies":"Hallownest:2_Mistakes","floor":18,"turns":6},{"damage":7,"enemies":"Hallownest:Guard_and_Sentry","floor":19,"turns":4},{"damage":7,"enemies":"Hallownest:Warrior_and_Youth","floor":21,"turns":5},{"damage":32,"enemies":"Hallownest:Warrior_and_Youth","floor":22,"turns":4},{"damage":67,"enemies":"Hallownest:eliteWatcherKnight","floor":24,"turns":12},{"damage":0,"enemies":"Hallownest:monsterShrumalOgre","floor":25,"turns":4},{"damage":6,"enemies":"Hallownest:eliteSoulWarrior","floor":27,"turns":6},{"damage":6,"enemies":"Hallownest:2_Flukemon","floor":30,"turns":5},{"damage":26,"enemies":"Hallownest:Nosk","floor":31,"turns":6},{"damage":54,"enemies":"Hallownest:BossMantisLord","floor":33,"turns":9},{"damage":19,"enemies":"Hallownest:Shield_Heavy","floor":35,"turns":5},{"damage":16,"enemies":"Hallownest:Shield_Heavy","floor":36,"turns":4},{"damage":22,"enemies":"Hallownest:Shield_Heavy","floor":36,"turns":5},{"damage":19,"enemies":"Hallownest:Shield_Heavy","floor":36,"turns":7},{"damage":12,"enemies":"Hallownest:Shield_Heavy","floor":36,"turns":2},{"damage":14,"enemies":"Hallownest:eliteCollector","floor":41,"turns":7},{"damage":12,"enemies":"Hallownest:2_Littles","floor":42,"turns":3},{"damage":34,"enemies":"Hallownest:StalkingDevout","floor":44,"turns":5},{"damage":13,"enemies":"Hallownest:eliteHiveKnight","floor":46,"turns":5},{"damage":6,"enemies":"Hallownest:2_Great","floor":48,"turns":4},{"damage":92,"enemies":"Hallownest:BossHollowKnight","floor":50,"turns":6}],"seed_played":"3426233024868308185","potions_obtained":[{"floor":1,"key":"Explosive Potion"},{"floor":6,"key":"SpeedPotion"},{"floor":10,"key":"AttackPotion"},{"floor":14,"key":"SpeedPotion"},{"floor":19,"key":"DuplicationPotion"},{"floor":24,"key":"Dexterity Potion"},{"floor":35,"key":"Block Potion"},{"floor":41,"key":"BlessingOfTheForge"},{"floor":44,"key":"Explosive Potion"},{"floor":48,"key":"DistilledChaos"}],"is_trial":false,"path_per_floor":["M","?","?","T","M","E","R","M","T","M","E","R","?","E","R","B",null,"M","M","?","M","?","R","E","M","T","E","?","$","M","E","R","B",null,"M","?","?","?","$","R","E","M","T","E","$","E","?","M","R","B",null],"character_chosen":"IRONCLAD","items_purchased":["Blue Candle","Paper Frog","Anchor","Apotheosis+1"],"campfire_rested":2,"item_purchase_floors":[39,45,45,45],"current_hp_per_floor":[77,77,77,77,80,80,80,82,82,68,73,73,79,83,83,83,86,88,88,88,88,68,68,13,27,27,33,37,37,43,29,57,95,95,88,67,67,67,67,67,65,65,65,43,43,56,56,65,112,44],"gold":54,"neow_bonus":"REMOVE_CARD","is_daily":false,"chose_seed":false,"campfire_upgraded":5,"win_rate":0.0,"timestamp":1609430513,"path_taken":["M","?","?","?","?","E","R","M","T","M","E","R","?","E","R","BOSS","M","M","?","M","?","R","E","M","T","E","?","?","?","E","R","BOSS","M","?","?","?","?","R","E","?","T","E","$","E","?","M","R","BOSS"],"items_purchased_type":["Relic","Relic","Relic","Card"],"build_version":"2020-12-22","purchased_purges":1,"victory":true,"max_hp_per_floor":[80,80,80,80,80,80,80,82,82,82,84,84,84,86,86,86,86,88,88,88,88,88,88,88,90,90,90,94,94,94,94,94,95,95,103,124,124,124,124,124,130,132,132,142,142,147,147,150,152,175],"card_choices":[{"not_picked":["Burning Pact","Inflame"],"picked":"Rampage","floor":1},{"not_picked":["Fire Breathing","Armaments"],"picked":"Clash","floor":5},{"not_picked":["Combust","Anger"],"picked":"Cleave","floor":6},{"not_picked":["Clothesline","Wild Strike","Rage"],"picked":"Singing Bowl","floor":8},{"not_picked":["Searing Blow","Clothesline"],"picked":"Seeing Red","floor":10},{"not_picked":["Anger","Armaments","Limit Break"],"picked":"Singing Bowl","floor":11},{"not_picked":["Heavy Blade","Infernal Blade","Cleave"],"picked":"Singing Bowl","floor":14},{"not_picked":["Immolate","Bludgeon"],"picked":"Offering","floor":16},{"not_picked":["Wild Strike+1","Dark Embrace","Power Through"],"picked":"Singing Bowl","floor":18},{"not_picked":["Anger","Armaments"],"picked":"Perfected Strike","floor":19},{"not_picked":["Wild Strike","Flex"],"picked":"Perfected Strike+1","floor":21},{"not_picked":["Headbutt","Rupture"],"picked":"Impervious","floor":24},{"not_picked":["Headbutt","Dark Embrace","Sword Boomerang"],"picked":"Singing Bowl","floor":25},{"not_picked":["Body Slam","Wild Strike"],"picked":"Perfected Strike+1","floor":27},{"not_picked":["Armaments","Havoc","Flex"],"picked":"Singing Bowl","floor":28},{"not_picked":["Warcry","Burning Pact","Thunderclap"],"picked":"Singing Bowl","floor":28},{"not_picked":["Warcry+1","Body Slam"],"picked":"Impervious","floor":30},{"not_picked":["Twin Strike","Headbutt"],"picked":"Rage","floor":31},{"not_picked":["Shrug It Off","Inflame"],"picked":"Clash","floor":32},{"not_picked":["Impervious","Barricade"],"picked":"Offering","floor":33},{"not_picked":["Pummel+1","Havoc"],"picked":"True Grit+1","floor":35},{"not_picked":["Body Slam","Perfected Strike"],"picked":"Reaper","floor":41},{"not_picked":["Iron Wave","Havoc"],"picked":"Bloodletting+1","floor":42},{"not_picked":["Spot Weakness+1","Rage+1"],"picked":"Battle Trance+1","floor":44},{"not_picked":["Perfected Strike+1","Pummel"],"picked":"Double Tap+1","floor":46},{"not_picked":["Shockwave+1","Cleave","Perfected Strike"],"picked":"Singing Bowl","floor":48},{"not_picked":["Armaments+1","Thunderclap","Wild Strike+1"],"picked":"Singing Bowl","floor":49}],"player_experience":13124,"relics_obtained":[{"floor":4,"key":"PreservedInsect"},{"floor":6,"key":"Singing Bowl"},{"floor":9,"key":"Oddly Smooth Stone"},{"floor":11,"key":"Red Skull"},{"floor":14,"key":"StrikeDummy"},{"floor":24,"key":"Dream Catcher"},{"floor":26,"key":"Bag of Preparation"},{"floor":27,"key":"Vajra"},{"floor":31,"key":"Whetstone"},{"floor":34,"key":"Art of War"},{"floor":34,"key":"White Beast Statue"},{"floor":34,"key":"Ice Cream"},{"floor":41,"key":"Gambling Chip"},{"floor":43,"key":"Toxic Egg 2"},{"floor":44,"key":"Nunchaku"},{"floor":46,"key":"Self Forming Clay"}],"event_choices":[],"is_beta":false,"boss_relics":[{"not_picked":["Runic Pyramid","Runic Dome"],"picked":"Black Blood"},{"not_picked":["Empty Cage","Tiny House"],"picked":"Calling Bell"}],"items_purged_floors":[39],"is_endless":false,"potions_floor_spawned":[1,6,10,13,14,19,21,24,33,35,36,36,36,36,41,42,44,46,48],"ascension_level":1}}