{"host":"0e3sjn8nzeyxegex","time":1609446556,"event":{"mods":["Act Like it!","AlwaysNeverKeys","BaseMod","Better Altar","Better Note","Better Sensory Stone","Better Skull","Better Third Choice","Better Vampires","Colored Map","Friendly Minions","Minty Spire (QoL Compilation)","Permanent Neow","Quick Restart","StSLib","The Alterego","The Marked","Yakumo Yukari mod"],"gold_per_floor":[120,120,120,120,22,22,22,22,22,22,22,22,22,22,22,22,22,22,22,22,22,22,22,22,22,22,22,22,22,22,22,22,22,22,22,22,22,22,22,22,22,22,22,22,22,22,22,22,22,22],"floor_reached":51,"playtime":3587,"items_purged":["AT_purpleEX"],"score":1000,"play_id":"6d61d8fd-f7b3-4839-9e2f-bee65a59bc76","local_time":"20201231152916","is_ascension_mode":true,"campfire_choices":[{"data":"Observe_purple_2","floor":6.0,"key":"SMITH"},{"data":"GluttonyofRealm_purpleEX","floor":8.0,"key":"SMITH"},{"data":"MonsterNeedle_purple","floor":15.0,"key":"SMITH"},{"data":"LoveAcrossDimensions_purple","floor":23.0,"key":"SMITH"},{"data":"DimensionStaggered_purple","floor":25.0,"key":"SMITH"},{"data":"Fancifulhole_purple","floor":28.0,"key":"SMITH"},{"data":"CommonSense_AntiCommonSense_purple","floor":32.0,"key":"SMITH"},{"data":"Umbrella_purple","floor":40.0,"key":"SMITH"},{"data":"Erosivefilter_purple","floor":42.0,"key":"SMITH"},{"data":"Charmbait_purple","floor":46,"key":"SMITH"},{"data":"StateErode_purple","floor":49,"key":"SMITH"}],"circlet_count":0,"master_deck":["Defend_purpleEX","Defend_purpleEX","Defend_purpleEX","Defend_purpleEX","Observe_purple_1","Observe_purple_2+1","StateErode_purple","MeetDecomposer_purple","StateErode_purple+1","Charmbait_purple+1","Shallow_ocean_purpleEX","GluttonyofRealm_purpleEX+1","DimensionStaggered_purple+1","Umbrella_purple+1","MonsterNeedle_purple+1","Fancifulhole_purple+1","LoveAcrossDimensions_purple+1","Erosivefilter_purple+1","Erosivefilter_purple+1","Bite","Bite","Bite","CommonSense_AntiCommonSense_purple+1","Know_ledgeAbilityRealm_purple","RuleDissolution_purple+1","Photoelasticity_Doppler_Effect_purple+1","StateErode_purple+1","OpenedBox_purple+1","Mirror_FormAndEmptin_purple+1"],"relics":["Memoryfragments_purpleEX","Ectoplasm","Matryoshka","Letter Opener","Gremlin Horn","Lantern","Bottled Lightning","Ornamental Fan","Coffee Dripper","Tiny Chest","Anchor","Bottled Tornado","ThegodofHakurei_purpleEX","Snecko Eye","Toy Ornithopter","StrikeDummy","Bag of Preparation","Strawberry","Toxic Egg 2","Bottled Flame"],"acts_visited":["Exordium","TheCity","TheBeyond"],"potions_floor_usage":[50,50,50],"damage_taken":[{"damage":1.0,"enemies":"Jaw Worm","floor":1.0,"turns":7.0},{"damage":2.0,"enemies":"Small Slimes","floor":2.0,"turns":4.0},{"damage":0.0,"enemies":"2 Louse","floor":3.0,"turns":2.0},{"damage":0.0,"enemies":"Exordium Thugs","floor":4.0,"turns":5.0},{"damage":27.0,"enemies":"3 Sentries","floor":7.0,"turns":6.0},{"damage":19.0,"enemies":"Lagavulin","floor":10.0,"turns":7.0},{"damage":9.0,"enemies":"Red Slaver","floor":11.0,"turns":2.0},{"damage":9.0,"enemies":"3 Sentries","floor":12.0,"turns":5.0},{"damage":0.0,"enemies":"Lots of Slimes","floor":13.0,"turns":2.0},{"damage":9.0,"enemies":"Gremlin Nob","floor":14.0,"turns":3.0},{"damage":6.0,"enemies":"The Guardian","floor":16.0,"turns":8.0},{"damage":0.0,"enemies":"Shell Parasite","floor":18.0,"turns":2.0},{"damage":0.0,"enemies":"3 Byrds","floor":19.0,"turns":4.0},{"damage":0.0,"enemies":"Snake Plant","floor":21.0,"turns":3.0},{"damage":0.0,"enemies":"Centurion and Healer","floor":22.0,"turns":6.0},{"damage":1.0,"enemies":"Slavers","floor":24.0,"turns":3.0},{"damage":0.0,"enemies":"Cultist and Chosen","floor":27.0,"turns":3.0},{"damage":1.0,"enemies":"Book of Stabbing","floor":31.0,"turns":4.0},{"damage":0.0,"enemies":"Champ","floor":33.0,"turns":6.0},{"damage":0.0,"enemies":"Orb Walker","floor":35.0,"turns":4.0},{"damage":0.0,"enemies":"3 Darklings","floor":36.0,"turns":3.0},{"damage":3.0,"enemies":"Maw","floor":38.0,"turns":4.0},{"damage":0.0,"enemies":"Nemesis","floor":41.0,"turns":3.0},{"damage":3,"enemies":"Giant Head","floor":44,"turns":4},{"damage":3,"enemies":"Nemesis","floor":47,"turns":3},{"damage":0,"enemies":"Transient","floor":48,"turns":5},{"damage":15,"enemies":"Awakened One","floor":50,"turns":6}],"seed_played":"1574268580879725246","potions_obtained":[{"floor":2.0,"key":"Weak Potion"},{"floor":10.0,"key":"Explosive Potion"},{"floor":12.0,"key":"Block Potion"},{"floor":16.0,"key":"Explosive Potion"},{"floor":18.0,"key":"Strength Potion"},{"floor":19.0,"key":"Ancient Potion"},{"floor":31.0,"key":"AttackPotion"},{"floor":41.0,"key":"CultistPotion"}],"is_trial":false,"path_per_floor":["M","M","M","M","$","R","E","R","T","E","M","E","M","E","R","B",null,"M","M","$","M","M","R","E","R","T","M","R","?","?","E","R","B",null,"M","M","$","M","?","R","E","R","T","E","T","R","E","M","R","B",null],"character_chosen":"Youkari","items_purchased":["Shallow_ocean_purpleEX"],"campfire_rested":0,"item_purchase_floors":[5],"current_hp_per_floor":[70,70,70,70,70,70,45,45,45,30,25,25,31,25,25,22,82,82,82,82,82,86,86,89,89,89,93,93,77,77,81,81,85,85,89,89,89,89,89,89,89,89,89,96,96,96,96,96,96,86],"gold":22,"neow_bonus":"BOSS_RELIC","is_daily":false,"chose_seed":false,"campfire_upgraded":11,"win_rate":0.0,"timestamp":1609446556,"path_taken":["M","M","M","M","$","R","E","R","T","E","M","E","M","E","R","BOSS","M","M","$","M","M","R","E","R","T","M","R","?","?","E","R","BOSS","M","M","$","M","?","R","E","R","T","E","?","R","E","M","R","BOSS"],"items_purchased_type":["Card"],"build_version":"2020-12-22","purchased_purges":1,"victory":true,"max_hp_per_floor":[70,70,70,70,70,70,70,70,70,70,74,78,82,82,82,82,82,82,82,82,82,86,86,90,90,90,94,94,77,77,81,81,85,85,89,89,89,89,89,89,89,89,89,96,96,96,96,96,96,96],"card_choices":[{"not_picked":["SfantasyHide_purple","Line_surface_state_purple"],"picked":"StateErode_purple","floor":1.0},{"not_picked":["SharpContractionReality_purple","Realm_recovery_purpleEX"],"picked":"MeetDecomposer_purple","floor":2.0},{"not_picked":["StateDuplicate_purple","PurpleNeedle_purple"],"picked":"StateErode_purple","floor":3.0},{"not_picked":["SharpContractionReality_purple","ExistenceContinue_purple"],"picked":"Charmbait_purple","floor":4.0},{"not_picked":["Boundary_DreamRealityDamnation_purple","Boundary_DynamicStaticEquilibrium_purple"],"picked":"GluttonyofRealm_purpleEX","floor":7.0},{"not_picked":["Umbrella_purple","StateDuplicate_purple"],"picked":"DimensionStaggered_purple","floor":10.0},{"not_picked":["Worldmountain_purple","Yakumo_Ran_purple"],"picked":"Umbrella_purple","floor":11.0},{"not_picked":["WingOfChimera_purple","Mirror_Drifter_purple"],"picked":"MonsterNeedle_purple","floor":12.0},{"not_picked":["Shallow_ocean_purpleEX","Mirror_FormAndEmptin_purple"],"picked":"Fancifulhole_purple","floor":13.0},{"not_picked":["Boundary_ObjectiveBoundary_purple","ExistenceContinue_purple","SfantasyHide_purple"],"picked":"SKIP","floor":14.0},{"not_picked":["Theboundaryofcreation_purpleEX","MagicEyes_LaplaceDemon_purple"],"picked":"LoveAcrossDimensions_purple","floor":16.0},{"not_picked":["Mirror_WaveAndshot_purple","StateErode_purple"],"picked":"Erosivefilter_purple","floor":18.0},{"not_picked":["DarkRealmRedLine_purple","MeetDecomposer_purple"],"picked":"Erosivefilter_purple+1","floor":19.0},{"not_picked":["RuleDissolution_purple","Anti_communist_purple","SfantasyHide_purple"],"picked":"SKIP","floor":21.0},{"not_picked":["Boundary_LightAndDark_purple","ExternalForce_HighSpeedFlying_purple","RuleDissolution_purple"],"picked":"SKIP","floor":22.0},{"not_picked":["Photoelasticity_Doppler_Effect_purple","Extrememeaning_purpleEX","MetroBOOM_purple+1"],"picked":"SKIP","floor":24.0},{"not_picked":["Worldmountain_purple","ContainerChange_purple","ExistenceContinue_purple"],"picked":"SKIP","floor":27.0},{"not_picked":["Yakumo_Ran_purple+1","Line_surface_state_purple","SharpContractionReality_purple"],"picked":"SKIP","floor":31.0},{"not_picked":["ProofOfUnderstanding_purple","Price_of_realm_purpleEX"],"picked":"Know_ledgeAbilityRealm_purple","floor":33.0},{"not_picked":["DarkRealmRedLine_purple","Realm_recovery_purpleEX+1"],"picked":"RuleDissolution_purple+1","floor":35.0},{"not_picked":["Worldmountain_purple","MonsterNeedle_purple"],"picked":"Photoelasticity_Doppler_Effect_purple+1","floor":36.0},{"not_picked":["StateErode_purple","WatchEChange_purple+1","WeekHit_purple+1"],"picked":"SKIP","floor":38.0},{"not_picked":["EighthInstrument_OneDividesIntoTwo_purple","Mirror_TwoAndThreeElementRealm_purple"],"picked":"StateErode_purple+1","floor":41.0},{"not_picked":["OmniscientAndOmnipotent_Monster_purple","Nest_LightFlightworm_purple"],"picked":"OpenedBox_purple+1","floor":44},{"not_picked":["MNeedle_purple","ButterflyHabitatTemple_purple+1"],"picked":"Mirror_FormAndEmptin_purple+1","floor":47},{"not_picked":["Mirror_WaveAndshot_purple+1","ExistenceContinue_purple","Shallow_ocean_purpleEX+1"],"picked":"SKIP","floor":48}],"player_experience":1161202,"relics_obtained":[{"floor":7.0,"key":"Matryoshka"},{"floor":9.0,"key":"Letter Opener"},{"floor":9.0,"key":"Gremlin Horn"},{"floor":10.0,"key":"Lantern"},{"floor":12.0,"key":"Bottled Lightning"},{"floor":14.0,"key":"Ornamental Fan"},{"floor":24.0,"key":"Tiny Chest"},{"floor":26.0,"key":"Anchor"},{"floor":26.0,"key":"Bottled Tornado"},{"floor":31.0,"key":"ThegodofHakurei_purpleEX"},{"floor":39.0,"key":"Toy Ornithopter"},{"floor":41.0,"key":"StrikeDummy"},{"floor":43.0,"key":"Bag of Preparation"},{"floor":44,"key":"Strawberry"},{"floor":45,"key":"Toxic Egg 2"},{"floor":47,"key":"Bottled Flame"}],"event_choices":[{"damage_healed":0.0,"max_hp_gain":0.0,"max_hp_loss":17.0,"gold_gain":0.0,"event_name":"Vampires","player_choice":"Became a vampire","floor":29.0,"gold_loss":0.0,"damage_taken":0.0,"cards_obtained":["Bite","Bite","Bite"]},{"damage_healed":0.0,"max_hp_gain":0.0,"max_hp_loss":0.0,"gold_gain":0.0,"event_name":"TheLibraryeventEX","player_choice":"Read","floor":30.0,"gold_loss":0.0,"damage_taken":0.0,"cards_obtained":["CommonSense_AntiCommonSense_purple"]},{"damage_healed":0.0,"max_hp_gain":0.0,"max_hp_loss":0.0,"gold_gain":0.0,"event_name":"Wheel of Change","player_choice":"Relic","floor":39.0,"gold_loss":0.0,"damage_taken":0.0}],"is_beta":false,"boss_relics":[{"not_picked":["Velvet Choker","Runic Pyramid"],"picked":"Coffee Dripper"},{"not_picked":["Seventeenyearold_girl_Forever","Fusion Hammer"],"picked":"Snecko Eye"}],"items_purged_floors":[5],"is_endless":false,"potions_floor_spawned":[2,10,12,16,18,19,22,31,41,47,48],"ascension_level":1}}