{"host":"4sl6z5xrlou33vwc","time":1609416794,"event":{"mods":["AchievementEnabler","BaseMod","Colored Powertips","DeckTracker","Minty Spire (QoL Compilation)"],"gold_per_floor":[119,69,69,69,87,87,162,181,181,195,210,226,73,96,96,226,226,242,267,267,267,154,154,154,54,130,130,150,168,168,168,168,296,296,309,309,325,32,56,87,87,87,87],"floor_reached":42,"playtime":1344,"items_purged":["Defend_P","Bite"],"score":559,"play_id":"47fbbb0e-3bb3-4bf0-906e-4300933f57a2","local_time":"20201231131314","is_ascension_mode":true,"campfire_choices":[{"data":"Prostrate","floor":6,"key":"SMITH"},{"data":"Defend_P","floor":15,"key":"SMITH"},{"data":"Wallop","floor":23,"key":"SMITH"},{"data":"Judgement","floor":27,"key":"SMITH"},{"data":"Prostrate","floor":30,"key":"SMITH"},{"data":"Bite","floor":32,"key":"SMITH"},{"floor":41,"key":"REST"}],"circlet_count":0,"master_deck":["Defend_P","Defend_P+1","Vigilance","Brilliance+1","LikeWater+1","Prostrate+1","Judgement+1","Bite","Bite","Bite","Bite+1","Necronomicurse","Wallop+1","Prostrate+1","Prostrate+1","Wireheading","Prostrate+1","Protect+1"],"relics":["PureWater","Golden Idol","Medical Kit","SacredBark","Necronomicon","Mummified Hand","Shuriken","Philosopher\u0027s Stone","TungstenRod","Mango"],"acts_visited":["Exordium","TheCity","TheBeyond"],"potions_floor_usage":[14,16,33,35,39,40],"damage_taken":[{"damage":1,"enemies":"Jaw Worm","floor":1,"turns":5},{"damage":0,"enemies":"2 Louse","floor":5,"turns":2},{"damage":0,"enemies":"Small Slimes","floor":8,"turns":4},{"damage":0,"enemies":"Looter","floor":10,"turns":4},{"damage":1,"enemies":"Blue Slaver","floor":11,"turns":4},{"damage":0,"enemies":"Exordium Thugs","floor":12,"turns":4},{"damage":0,"enemies":"Large Slime","floor":14,"turns":5},{"damage":24,"enemies":"The Guardian","floor":16,"turns":14},{"damage":11,"enemies":"2 Thieves","floor":18,"turns":5},{"damage":9,"enemies":"Chosen","floor":19,"turns":5},{"damage":0,"enemies":"Sentry and Sphere","floor":28,"turns":3},{"damage":0,"enemies":"3 Cultists","floor":29,"turns":4},{"damage":54,"enemies":"Automaton","floor":33,"turns":11},{"damage":0,"enemies":"3 Darklings","floor":35,"turns":4},{"damage":4,"enemies":"3 Shapes","floor":37,"turns":4},{"damage":23,"enemies":"Maw","floor":39,"turns":6},{"damage":61,"enemies":"Nemesis","floor":40,"turns":11},{"damage":78,"enemies":"Giant Head","floor":42,"turns":8}],"seed_played":"-5683395459419645518","potions_obtained":[{"floor":1,"key":"DistilledChaos"},{"floor":8,"key":"Ambrosia"},{"floor":18,"key":"FearPotion"},{"floor":29,"key":"EssenceOfSteel"},{"floor":33,"key":"SneckoOil"},{"floor":35,"key":"GamblersBrew"},{"floor":37,"key":"DistilledChaos"}],"is_trial":false,"path_per_floor":["M","$","?","?","M","R","?","M","T","M","M","M","$","M","R","B",null,"M","M","?","?","$","R","?","$","T","R","M","M","R","T","R","B",null,"M","?","M","$","M","E","R","E"],"character_chosen":"WATCHER","items_purchased":["Prostrate","Medical Kit","Wallop","TungstenRod"],"campfire_rested":1,"item_purchase_floors":[2,13,22,38],"current_hp_per_floor":[71,71,53,39,39,39,28,28,28,28,27,27,27,27,27,3,72,61,52,50,34,34,34,34,34,34,34,40,50,50,50,50,13,50,50,50,50,50,40,22,41,0,0],"gold":87,"neow_bonus":"TRANSFORM_CARD","is_daily":false,"chose_seed":false,"campfire_upgraded":6,"win_rate":0.0,"timestamp":1609416794,"path_taken":["M","$","?","?","M","R","?","M","T","?","M","M","$","M","R","BOSS","M","M","?","?","$","R","?","$","T","R","?","M","R","?","R","BOSS","M","?","M","?","M","E","R","E"],"items_purchased_type":["Card","Relic","Card","Relic"],"build_version":"2020-12-22","purchased_purges":2,"victory":false,"max_hp_per_floor":[72,72,72,72,72,72,72,72,72,72,72,72,72,72,72,72,72,72,72,50,50,50,50,50,50,50,50,50,50,50,50,50,50,50,50,50,50,50,50,64,64,64,64],"card_choices":[{"not_picked":["Crescendo","FollowUp"],"picked":"LikeWater","floor":1},{"not_picked":["ThirdEye","CrushJoints","FollowUp"],"picked":"SKIP","floor":5},{"not_picked":["ThirdEye","EmptyBody","EmptyFist"],"picked":"SKIP","floor":8},{"not_picked":["CutThroughFate","WreathOfFlame","ReachHeaven"],"picked":"SKIP","floor":10},{"not_picked":["JustLucky","WindmillStrike","Protect"],"picked":"SKIP","floor":11},{"not_picked":["DeusExMachina","BattleHymn","CutThroughFate"],"picked":"SKIP","floor":12},{"not_picked":["CutThroughFate","FearNoEvil","SashWhip"],"picked":"SKIP","floor":14},{"not_picked":["Omniscience","Wish"],"picked":"Judgement","floor":16},{"not_picked":["CutThroughFate","EmptyFist","CrushJoints"],"picked":"SKIP","floor":18},{"not_picked":["Wireheading","Crescendo+1","Vengeance"],"picked":"SKIP","floor":19},{"not_picked":["SandsOfTime","EmptyMind"],"picked":"Prostrate+1","floor":28},{"not_picked":["WindmillStrike+1","CutThroughFate"],"picked":"Prostrate","floor":29},{"not_picked":["Consecrate+1","BowlingBash","Halt+1"],"picked":"SKIP","floor":35},{"not_picked":["FollowUp","JustLucky"],"picked":"Prostrate+1","floor":37},{"not_picked":["MasterReality","ClearTheMind+1"],"picked":"Protect+1","floor":39},{"not_picked":["Halt","Meditate","ClearTheMind+1"],"picked":"SKIP","floor":40}],"player_experience":348071,"relics_obtained":[{"floor":21,"key":"Necronomicon"},{"floor":26,"key":"Mummified Hand"},{"floor":31,"key":"Shuriken"},{"floor":40,"key":"Mango"}],"event_choices":[{"damage_healed":0,"gold_gain":0,"player_choice":"Take Damage","damage_taken":18,"relics_obtained":["Golden Idol"],"max_hp_gain":0,"max_hp_loss":0,"event_name":"Golden Idol","floor":3,"gold_loss":0},{"damage_healed":0,"gold_gain":0,"player_choice":"Entered Light","damage_taken":14,"max_hp_gain":0,"max_hp_loss":0,"event_name":"Shining Light","floor":4,"gold_loss":0,"cards_upgraded":["LikeWater","Brilliance"]},{"damage_healed":0,"gold_gain":75,"player_choice":"Gather Gold","damage_taken":11,"max_hp_gain":0,"max_hp_loss":0,"event_name":"World of Goop","floor":7,"gold_loss":0},{"damage_healed":0,"gold_gain":0,"player_choice":"Became a vampire","damage_taken":0,"max_hp_gain":0,"max_hp_loss":22,"event_name":"Vampires","floor":20,"gold_loss":0,"cards_obtained":["Bite","Bite","Bite","Bite","Bite"]},{"damage_healed":0,"gold_gain":0,"player_choice":"Obtained Book","damage_taken":16,"max_hp_gain":0,"max_hp_loss":0,"event_name":"Cursed Tome","floor":21,"gold_loss":0},{"damage_healed":0,"gold_gain":0,"player_choice":"Ignored","damage_taken":0,"max_hp_gain":0,"max_hp_loss":0,"event_name":"Ghosts","floor":24,"gold_loss":0},{"damage_healed":0,"gold_gain":0,"cards_transformed":["Defend_P"],"player_choice":"Transformed","damage_taken":0,"max_hp_gain":0,"max_hp_loss":0,"event_name":"Transmorgrifier","floor":36,"gold_loss":0,"cards_obtained":["Wireheading"]}],"is_beta":false,"boss_relics":[{"not_picked":["Fusion Hammer","Busted Crown"],"picked":"SacredBark"},{"not_picked":["HolyWater","Runic Dome"],"picked":"Philosopher\u0027s Stone"}],"items_purged_floors":[22,25],"is_endless":false,"potions_floor_spawned":[1,8,18,29,33,35,37],"killed_by":"Giant Head","ascension_level":3}}