{"host":"owox7x4ngjt9htcc","time":1609396155,"event":{"mods":["BaseMod","Colored Map","DeckTracker","Keyboard Shortcuts","Minty Spire (QoL Compilation)","SuperFastMode"],"gold_per_floor":[114,129,144,159,159,189,204,204,229,244,274,289,304,319,319,419,419,434,434,449,449,173,203,203,218,218,233,94,94,9,24,24,124,124,139,139,154,154,169,199,199,229,229,259,259,274,98,113,113,113],"floor_reached":51,"playtime":1584,"items_purged":["Strike_B","Defend_B"],"score":848,"play_id":"140271c8-0b81-4b4a-ac6e-144f2ec98cdc","local_time":"20201231152915","daily_mods":["Heirloom","Time Dilation","Lethality"],"is_ascension_mode":false,"campfire_choices":[{"floor":8.0,"key":"REST"},{"data":"Zap","floor":15.0,"key":"SMITH"},{"data":"Fission","floor":24.0,"key":"SMITH"},{"floor":32,"key":"REST"},{"floor":41,"key":"REST"},{"floor":49,"key":"REST"}],"circlet_count":0,"master_deck":["Defend_B","Defend_B","Zap+1","Dualcast","Turbo","Go for the Eyes","Undo","Recycle","Chill","FTL","White Noise","Ball Lightning","Gash","Electrodynamics","Leap","Barrage","Fission+1","Ball Lightning","Lockon+1","Barrage","Consume","Capacitor","Coolheaded","Turbo","Creative AI","Madness","Madness","Force Field+1","Mayhem","Conserve Battery+1","Static Discharge"],"relics":["Cracked Core","WingedGreaves","Oddly Smooth Stone","Akabeko","Cables","Inserter","MutagenicStrength","Lee\u0027s Waffle","Bag of Marbles","Mummified Hand","Mercury Hourglass","Lantern","Empty Cage","Omamori","Singing Bowl","Symbiotic Virus","Dead Branch"],"acts_visited":["Exordium","TheCity","TheBeyond"],"potions_floor_usage":[50,50,50],"damage_taken":[{"damage":0.0,"enemies":"Cultist","floor":1.0,"turns":2.0},{"damage":8.0,"enemies":"2 Louse","floor":2.0,"turns":2.0},{"damage":5.0,"enemies":"Jaw Worm","floor":3.0,"turns":2.0},{"damage":8.0,"enemies":"Exordium Thugs","floor":4.0,"turns":4.0},{"damage":28.0,"enemies":"3 Sentries","floor":6.0,"turns":11.0},{"damage":0.0,"enemies":"Blue Slaver","floor":7.0,"turns":2.0},{"damage":4.0,"enemies":"Exordium Wildlife","floor":10.0,"turns":4.0},{"damage":13.0,"enemies":"Lagavulin","floor":11.0,"turns":5.0},{"damage":0.0,"enemies":"Large Slime","floor":12.0,"turns":2.0},{"damage":0.0,"enemies":"3 Louse","floor":13.0,"turns":2.0},{"damage":0.0,"enemies":"Exordium Thugs","floor":14.0,"turns":2.0},{"damage":22.0,"enemies":"Hexaghost","floor":16.0,"turns":8.0},{"damage":14.0,"enemies":"3 Byrds","floor":18.0,"turns":2.0},{"damage":1.0,"enemies":"Spheric Guardian","floor":20.0,"turns":3.0},{"damage":25.0,"enemies":"Slavers","floor":23.0,"turns":4.0},{"damage":0.0,"enemies":"Centurion and Healer","floor":25.0,"turns":4.0},{"damage":0,"enemies":"Cultist and Chosen","floor":27,"turns":4},{"damage":0,"enemies":"Chosen and Byrds","floor":31,"turns":3},{"damage":53,"enemies":"Automaton","floor":33,"turns":8},{"damage":0,"enemies":"3 Darklings","floor":35,"turns":4},{"damage":16,"enemies":"Orb Walker","floor":37,"turns":3},{"damage":7,"enemies":"Sphere and 2 Shapes","floor":39,"turns":3},{"damage":0,"enemies":"Reptomancer","floor":40,"turns":4},{"damage":5,"enemies":"Giant Head","floor":42,"turns":9},{"damage":0,"enemies":"Reptomancer","floor":44,"turns":4},{"damage":12,"enemies":"Writhing Mass","floor":46,"turns":4},{"damage":2,"enemies":"Maw","floor":48,"turns":5},{"damage":96,"enemies":"Donu and Deca","floor":50,"turns":6}],"seed_played":"-5051420239723459148","potions_obtained":[{"floor":1.0,"key":"SkillPotion"},{"floor":6.0,"key":"Ancient Potion"},{"floor":7.0,"key":"Energy Potion"},{"floor":10.0,"key":"LiquidBronze"},{"floor":20.0,"key":"AttackPotion"},{"floor":25,"key":"PotionOfCapacity"},{"floor":37,"key":"Regen Potion"},{"floor":48,"key":"DuplicationPotion"}],"is_trial":false,"path_per_floor":["M","M","M","M","?","E","M","R","T","M","E","M","M","M","R","B",null,"M","?","M","?","$","E","R","M","T","M","$","?","?","M","R","B",null,"M","?","M","?","M","E","R","E","T","E","?","M","$","M","R","B",null],"character_chosen":"DEFECT","items_purchased":["Lee\u0027s Waffle","Ball Lightning","Capacitor","Coolheaded","Turbo","Static Discharge"],"campfire_rested":4,"item_purchase_floors":[22,22,28,28,28,47],"current_hp_per_floor":[75,67,62,54,54,26,26,48,48,44,31,31,31,31,31,9,75,61,61,60,60,82,57,57,57,57,57,57,57,57,57,81,28,82,82,72,56,56,49,49,73,70,70,72,72,62,62,62,89,5],"gold":113,"neow_bonus":"","is_daily":true,"chose_seed":false,"campfire_upgraded":2,"win_rate":0.0,"timestamp":1609396155,"path_taken":["M","?","M","M","?","E","M","R","T","M","E","M","?","M","R","BOSS","M","?","M","?","$","E","R","M","T","M","?","?","?","M","R","BOSS","M","?","M","?","?","E","R","E","T","E","?","M","$","M","R","BOSS"],"items_purchased_type":["Relic","Card","Card","Card","Card","Card"],"build_version":"2020-12-22","purchased_purges":2,"victory":true,"max_hp_per_floor":[75,75,75,75,75,75,75,75,75,75,75,75,75,75,75,75,75,75,75,75,75,82,82,82,82,82,82,82,82,82,82,82,82,82,82,82,82,82,82,82,82,84,84,86,86,88,88,90,90,90],"card_choices":[{"not_picked":["Sweeping Beam","Skim"],"picked":"Turbo","floor":1.0},{"not_picked":["Darkness","Aggregate"],"picked":"Go for the Eyes","floor":2.0},{"not_picked":["Cold Snap","Auto Shields"],"picked":"Undo","floor":3.0},{"not_picked":["Barrage","Go for the Eyes"],"picked":"Recycle","floor":4.0},{"not_picked":["Barrage","Beam Cell"],"picked":"Sweeping Beam","floor":6.0},{"not_picked":["Buffer","Sweeping Beam"],"picked":"Chill","floor":7.0},{"not_picked":["Rebound","Melter"],"picked":"FTL","floor":10.0},{"not_picked":["Force Field","Conserve Battery"],"picked":"White Noise","floor":11.0},{"not_picked":["Rip and Tear","Hologram"],"picked":"Ball Lightning","floor":12.0},{"not_picked":["Conserve Battery","Coolheaded"],"picked":"Gash","floor":13.0},{"not_picked":["Steam","Scrape","Chaos"],"picked":"SKIP","floor":14.0},{"not_picked":["Amplify","Biased Cognition"],"picked":"Electrodynamics","floor":16.0},{"not_picked":["Go for the Eyes","Undo"],"picked":"Leap","floor":18.0},{"not_picked":["Hologram","Rebound+1"],"picked":"Barrage","floor":20.0},{"not_picked":["Doom and Gloom","Steam"],"picked":"Lockon+1","floor":23.0},{"not_picked":["Aggregate+1","Turbo"],"picked":"Barrage","floor":25},{"not_picked":["Tempest","Genetic Algorithm"],"picked":"Consume","floor":27},{"not_picked":["FTL","Beam Cell+1","Reprogram"],"picked":"SKIP","floor":31},{"not_picked":["Amplify","Buffer"],"picked":"Creative AI","floor":33},{"not_picked":["Fusion","Undo+1","Coolheaded"],"picked":"SKIP","floor":35},{"not_picked":["Compile Driver+1","Ball Lightning+1"],"picked":"Force Field+1","floor":37},{"not_picked":["Magnetism","Secret Technique"],"picked":"Mayhem","floor":38},{"not_picked":["Cold Snap+1","Reinforced Body"],"picked":"Conserve Battery+1","floor":39},{"not_picked":["Leap+1","Sweeping Beam+1","Darkness"],"picked":"SKIP","floor":40},{"not_picked":["Stack","Compile Driver","Hologram+1"],"picked":"Singing Bowl","floor":42},{"not_picked":["Conserve Battery+1","Coolheaded+1","Thunder Strike"],"picked":"Singing Bowl","floor":44},{"not_picked":["Double Energy","Sweeping Beam+1","Scrape"],"picked":"Singing Bowl","floor":46},{"not_picked":["Hologram+1","Undo+1","Consume+1"],"picked":"Singing Bowl","floor":48}],"player_experience":861909,"relics_obtained":[{"floor":6.0,"key":"Oddly Smooth Stone"},{"floor":9.0,"key":"Akabeko"},{"floor":11.0,"key":"Cables"},{"floor":23.0,"key":"Bag of Marbles"},{"floor":26,"key":"Mummified Hand"},{"floor":40,"key":"Omamori"},{"floor":42,"key":"Singing Bowl"},{"floor":43,"key":"Symbiotic Virus"},{"floor":44,"key":"Dead Branch"}],"event_choices":[{"cards_removed":["Strike_B"],"damage_healed":0.0,"max_hp_gain":0.0,"max_hp_loss":0.0,"gold_gain":0.0,"event_name":"Bonfire Elementals","player_choice":"Offered Basic","floor":5.0,"gold_loss":0.0,"damage_taken":0.0},{"damage_healed":0.0,"max_hp_gain":0.0,"max_hp_loss":0.0,"gold_gain":0.0,"event_name":"Drug Dealer","player_choice":"Inject Mutagens","floor":19.0,"gold_loss":0.0,"damage_taken":0.0,"relics_obtained":["MutagenicStrength"]},{"damage_healed":0.0,"max_hp_gain":0.0,"max_hp_loss":0.0,"gold_gain":0.0,"cards_transformed":["Strike_B"],"event_name":"Transmorgrifier","player_choice":"Transformed","floor":21.0,"gold_loss":0.0,"damage_taken":0.0,"cards_obtained":["Fission"]},{"damage_healed":0,"gold_gain":0,"player_choice":"Opened","damage_taken":0,"relics_obtained":["Mercury Hourglass"],"max_hp_gain":0,"max_hp_loss":0,"event_name":"The Mausoleum","floor":29,"gold_loss":0},{"damage_healed":0,"gold_gain":0,"player_choice":"Obtained Relic","damage_taken":0,"relics_obtained":["Lantern"],"max_hp_gain":0,"max_hp_loss":0,"event_name":"Addict","floor":30,"gold_loss":85},{"damage_healed":0,"gold_gain":0,"player_choice":"Embrace Madness","damage_taken":10,"max_hp_gain":0,"max_hp_loss":0,"event_name":"Winding Halls","floor":36,"gold_loss":0,"cards_obtained":["Madness","Madness"]},{"damage_healed":0,"gold_gain":0,"player_choice":"Memory 1","damage_taken":0,"max_hp_gain":0,"max_hp_loss":0,"event_name":"SensoryStone","floor":38,"gold_loss":0},{"cards_removed":["Sweeping Beam"],"damage_healed":0,"gold_gain":0,"player_choice":"Removed Attack","damage_taken":0,"max_hp_gain":0,"max_hp_loss":0,"event_name":"Falling","floor":45,"gold_loss":0}],"is_beta":false,"boss_relics":[{"not_picked":["Sozu","Black Star"],"picked":"Inserter"},{"not_picked":["Coffee Dripper","FrozenCore"],"picked":"Empty Cage"}],"items_purged_floors":[22,47],"is_endless":false,"potions_floor_spawned":[1,6,7,10,12,20,25,33,37,39,48],"ascension_level":0}}