{"host":"idmgg8r816nmas40","time":1609458857,"event":{"mods":["AchievementEnabler","AlwaysNeverKeys","BaseMod","BetterRewards","Block Reminder","Colored Map","Colored Powertips","DeckTracker","Googly Eyes","Highlight Path","Hubris","Infinite Spire","Minty Spire (QoL Compilation)","Quick Restart","Relic Stats","Replay The Spire","Shop Mod","StSLib","SuperFastMode","Synergy Search","Transform Curses"],"gold_per_floor":[110,110,110,123,137,162,4,39,65,91,91,108,108,121,121,199,199,213,213,224,224,241,241,273,288,288,128,128,128],"floor_reached":28,"playtime":1362,"items_purged":[],"score":595,"play_id":"2962b9e4-6300-41bd-9e91-ad2ef43472da","local_time":"20201231165417","is_ascension_mode":true,"campfire_choices":[{"floor":11.0,"key":"REST"},{"floor":15.0,"key":"REST"},{"floor":23.0,"key":"REST"}],"circlet_count":0,"master_deck":["AscendersBane","Strike_G","Strike_G","Strike_G","Strike_G","Strike_G","Defend_G","Defend_G","Defend_G","Defend_G","Defend_G","Survivor","Neutralize","Bouncing Flask","Sadistic Nature+1","Infinite Blades","Noxious Fumes","Toxin Wave","Dagger Spray","Draining Mist","Cloak And Dagger","Whirlwind","Footwork","Flying Knee","A Thousand Cuts","Catalyst","Expertise+1","Cloak And Dagger+1","Blade Dance+1","Backstab","ReplayTheSpireMod:Stacked","Leg Sweep+1","Bane","Adrenaline","Leg Sweep"],"relics":["Ring of the Snake","Replay:Wax Seal","ClockworkSouvenir","Thread and Needle","Bronze Scales","hubris:EmptyBottle","hubris:DisguiseKit","Boot","Pet Ghost","Black Star","Replay:Bottled Flurry","Smiling Mask","Replay:Multitool","Orrery"],"acts_visited":["Exordium","TheCity"],"potions_floor_usage":[28],"damage_taken":[{"damage":2.0,"enemies":"Jaw Worm","floor":1.0,"turns":3.0},{"damage":0.0,"enemies":"2 Louse","floor":4.0,"turns":3.0},{"damage":0.0,"enemies":"Cultist","floor":5.0,"turns":3.0},{"damage":13.0,"enemies":"Lagavulin","floor":6.0,"turns":5.0},{"damage":0.0,"enemies":"3 Sentries","floor":8.0,"turns":5.0},{"damage":9.0,"enemies":"Replay:BlueRogue","floor":10.0,"turns":4.0},{"damage":0.0,"enemies":"Red Slaver","floor":12.0,"turns":3.0},{"damage":0.0,"enemies":"Large Slime","floor":14.0,"turns":4.0},{"damage":12.0,"enemies":"The Guardian","floor":16.0,"turns":7.0},{"damage":8.0,"enemies":"3 Byrds","floor":18.0,"turns":3.0},{"damage":1.0,"enemies":"Spheric Guardian","floor":20.0,"turns":3.0},{"damage":20.0,"enemies":"Snecko","floor":22.0,"turns":5.0},{"damage":20.0,"enemies":"Replay:Snechameleon","floor":24.0,"turns":5.0},{"damage":0.0,"enemies":"Cultist and Chosen","floor":25.0,"turns":1.0},{"damage":30,"enemies":"Gremlin Leader","floor":28,"turns":6}],"seed_played":"4444767767853398435","potions_obtained":[{"floor":4.0,"key":"Weak Potion"},{"floor":6.0,"key":"EssenceOfSteel"},{"floor":8.0,"key":"Weak Potion"},{"floor":24.0,"key":"infinitespire:BlackPotion"}],"is_trial":false,"path_per_floor":["M","?","?","M","M","E","$","E","T","E","R","M","?","M","R","B",null,"M","?","M","?","M","R","E","M","T","$","E"],"character_chosen":"THE_SILENT","items_purchased":["Replay:Wax Seal","Bouncing Flask","Sadistic Nature","Infinite Blades","ClockworkSouvenir","Noxious Fumes","hubris:EmptyBottle","Orrery"],"campfire_rested":3,"item_purchase_floors":[0,0,0,0,0,0,7,27],"current_hp_per_floor":[57,57,46,46,46,33,33,33,33,24,43,43,43,43,62,50,62,54,54,53,47,27,46,26,26,26,26,0,0],"gold":128,"neow_bonus":"","is_daily":false,"chose_seed":false,"campfire_upgraded":0,"win_rate":0.0,"timestamp":1609458857,"path_taken":["M","?","?","M","M","E","$","E","T","E","R","M","?","M","R","BOSS","M","?","M","?","?","R","E","M","T","?","E"],"items_purchased_type":["Relic","Card","Card","Card","Relic","Card","Relic","Relic"],"build_version":"2020-12-22","purchased_purges":0,"victory":false,"max_hp_per_floor":[66,66,66,66,66,66,66,66,66,66,66,66,66,66,66,66,66,66,66,66,66,66,66,66,66,66,66,66,66],"relic_stats":{"counters":[15,60],"Bronze Scales":[130],"Black Star":1,"Boot":[89],"Smiling Mask":0,"obtain_stats":[{"hubris:DisguiseKit":8,"Thread and Needle":3,"Replay:Multitool":26,"hubris:EmptyBottle":7,"Boot":9,"Smiling Mask":24,"Pet Ghost":10,"ClockworkSouvenir":0,"Bronze Scales":6,"Orrery":27,"Black Star":17,"Replay:Bottled Flurry":24,"Replay:Wax Seal":0,"Ring of the Snake":0},{"hubris:DisguiseKit":5,"Thread and Needle":1,"Replay:Multitool":14,"hubris:EmptyBottle":4,"Boot":5,"Smiling Mask":13,"Pet Ghost":6,"ClockworkSouvenir":0,"Bronze Scales":4,"Orrery":14,"Black Star":9,"Replay:Bottled Flurry":13,"Replay:Wax Seal":0,"Ring of the Snake":0},{"hubris:DisguiseKit":19,"Thread and Needle":3,"Replay:Multitool":54,"hubris:EmptyBottle":14,"Boot":19,"Smiling Mask":53,"Pet Ghost":23,"ClockworkSouvenir":0,"Bronze Scales":14,"Orrery":54,"Black Star":37,"Replay:Bottled Flurry":53,"Replay:Wax Seal":0,"Ring of the Snake":0}],"Ring of the Snake":[30]},"card_choices":[{"not_picked":["Eviscerate","hubris:Counter","Blur"],"picked":"SKIP","floor":1.0},{"not_picked":["Blur","Deflect"],"picked":"Dagger Spray","floor":4.0},{"not_picked":["Blade Dance","Reflex","Masterful Stab"],"picked":"SKIP","floor":5.0},{"not_picked":["PiercingWail","Acrobatics"],"picked":"Draining Mist","floor":6.0},{"not_picked":["Bullet Time","Dagger Throw"],"picked":"Cloak And Dagger","floor":8.0},{"not_picked":["Acrobatics","hubris:TrickCloak","Dodge and Roll"],"picked":"Whirlwind","floor":10.0},{"not_picked":["Outmaneuver","Acrobatics","Massacre"],"picked":"Footwork","floor":12.0},{"not_picked":["Flechettes","Bane","Pommel Strike"],"picked":"Flying Knee","floor":14.0},{"not_picked":["Phantasmal Killer","Venomology","Berserk"],"picked":"A Thousand Cuts","floor":16.0},{"not_picked":["Skewer","Outmaneuver","Flex"],"picked":"Catalyst","floor":18.0},{"not_picked":["Acrobatics","Dodge and Roll","Headbutt"],"picked":"Expertise+1","floor":20.0},{"not_picked":["Hidden Blade","Sneak Up","Uppercut"],"picked":"Cloak And Dagger+1","floor":22.0},{"not_picked":["Slice","Dagger Throw","Berserk"],"picked":"Blade Dance+1","floor":24.0},{"not_picked":["ReplayTheSpireMod:Exploit Weakness","hubris:Counter","Clash"],"picked":"Backstab","floor":25.0},{"not_picked":["Predator","Escape Plan","Dodge and Roll"],"picked":"ReplayTheSpireMod:Stacked","floor":27.0},{"not_picked":["Bane+1","Masterful Stab","Double Tap"],"picked":"Leg Sweep+1","floor":27.0},{"not_picked":["Underhanded Strike","Hidden Blade","Double Tap"],"picked":"Bane","floor":27.0},{"not_picked":["Dash","ReplayTheSpireMod:Scrap Shanks","Body Slam"],"picked":"Adrenaline","floor":27.0},{"not_picked":["Atom Bomb","Phantasmal Killer","True Grit"],"picked":"Leg Sweep","floor":27.0}],"player_experience":1030089,"relics_obtained":[{"floor":6.0,"key":"Bronze Scales"},{"floor":8.0,"key":"hubris:DisguiseKit"},{"floor":9.0,"key":"Boot"},{"floor":10.0,"key":"Pet Ghost"},{"floor":24.0,"key":"Replay:Bottled Flurry"},{"floor":24.0,"key":"Smiling Mask"},{"floor":26.0,"key":"Replay:Multitool"}],"event_choices":[{"damage_healed":0.0,"max_hp_gain":0.0,"max_hp_loss":0.0,"gold_gain":0.0,"event_name":"Scrap Ooze","player_choice":"Success","floor":3.0,"gold_loss":0.0,"damage_taken":11.0,"relics_obtained":["Thread and Needle"]},{"damage_healed":0.0,"max_hp_gain":0.0,"max_hp_loss":0.0,"gold_gain":0.0,"event_name":"Living Wall","player_choice":"Grow","floor":13.0,"gold_loss":0.0,"damage_taken":0.0,"cards_upgraded":["Sadistic Nature"]},{"damage_healed":0.0,"max_hp_gain":0.0,"max_hp_loss":0.0,"gold_gain":0.0,"event_name":"Beggar","player_choice":"Ignored","floor":19.0,"gold_loss":0.0,"damage_taken":0.0},{"damage_healed":0.0,"max_hp_gain":0.0,"max_hp_loss":0.0,"gold_gain":0.0,"event_name":"Knowing Skull","player_choice":"","floor":21.0,"potions_obtained":[],"gold_loss":0.0,"damage_taken":6.0,"cards_obtained":[]}],"is_beta":false,"boss_relics":[{"not_picked":["hubris:GrandSneckoEye","hubris:Backtick"],"picked":"Black Star"}],"items_purged_floors":[],"is_endless":false,"potions_floor_spawned":[4,6,8,24],"killed_by":"Gremlin Leader","ascension_level":17}}