{"host":"kev6uqotw4tlyx8l","time":1609423884,"event":{"mods":["Act Like it!","Aspiration","BaseMod","Colored Powertips","Dota2Spire","Downfall","Hallownest","Infinite Spire","Marisa????????","Minty Spire (QoL Compilation)","Quick Restart","Remilia??????","Replay The Spire","StSLib","The Cursed","The Marked","The Mystic","The Servant 0.9.4"],"gold_per_floor":[37,96,111,128,128,159,159,171,240,262,35,45,45,45,45,59,59],"floor_reached":16,"playtime":597,"items_purged":[],"score":102,"play_id":"39d2494b-c06c-4858-bc20-4d64c1741367","local_time":"20201231211124","is_ascension_mode":false,"campfire_choices":[{"floor":7,"key":"REST"},{"floor":15,"key":"REST"}],"circlet_count":0,"master_deck":["Strike_B","Strike_B","Strike_B","Strike_B","Defend_B","Defend_B","Defend_B","Defend_B","Zap","Dualcast","Hallownest:skillGreenpathMap","Gash","Reprogram","Steam","ReplayGash","Go for the Eyes","Leap","Auto Shields","Streamline","Stack","Stack","Gash","Leap","Melter","Steam"],"relics":["Cracked Core","Darkstone Periapt","Hallownest:DreamNailRelic","Gambling Chip","infinitespire:Midas Blood","Orrery"],"acts_visited":["Hallownest:Greenpath"],"potions_floor_usage":[6,10,13],"damage_taken":[{"damage":2,"enemies":"Hallownest:monsterHuskGuard","floor":1,"turns":4},{"damage":3,"enemies":"Hallownest:2_Tiktiks_and_1_Crawlid","floor":3,"turns":2},{"damage":1,"enemies":"Hallownest:2_Baldur","floor":4,"turns":4},{"damage":24,"enemies":"Hallownest:eliteMossKnight","floor":6,"turns":4},{"damage":33,"enemies":"Hallownest:1_Ooma_and_2_Uuma","floor":8,"turns":9},{"damage":1,"enemies":"Hallownest:monsterFoolEater","floor":10,"turns":4},{"damage":0,"enemies":"Hallownest:Wandering_and_Horned","floor":12,"turns":5},{"damage":0,"enemies":"Hallownest:monsterAspidMother","floor":13,"turns":4},{"damage":38,"enemies":"Hallownest:BossHornet","floor":16,"turns":16}],"seed_played":"-2863055412487082895","potions_obtained":[{"floor":2,"key":"Death Potion"},{"floor":4,"key":"SneckoOil"},{"floor":8,"key":"Energy Potion"}],"is_trial":false,"path_per_floor":["M","?","M","M","?","E","R","M","T","M","$","M","M","$","R","B"],"character_chosen":"DEFECT","items_purchased":["Auto Shields","Orrery"],"campfire_rested":2,"item_purchase_floors":[11,11],"current_hp_per_floor":[73,55,52,51,51,27,49,16,16,15,15,15,15,15,37,0,0],"gold":59,"neow_bonus":"RANDOM_EVENT","is_daily":false,"chose_seed":false,"campfire_upgraded":0,"win_rate":0.0,"timestamp":1609423884,"path_taken":["M","?","?","M","?","E","R","M","T","M","$","M","M","$","R","BOSS"],"items_purchased_type":["Card","Relic"],"build_version":"2020-12-22","purchased_purges":0,"victory":false,"max_hp_per_floor":[75,75,75,75,75,75,75,75,75,75,75,75,75,75,75,75,75],"card_choices":[{"not_picked":["Compile Driver","ReplayTheSpireMod:Reroute Power"],"picked":"Gash","floor":1},{"not_picked":["Lockon","Chaos"],"picked":"Reprogram","floor":2},{"not_picked":["Ball Lightning","FIFO Queue"],"picked":"Steam","floor":3},{"not_picked":["Glacier","Tempest","Ball Lightning"],"picked":"SKIP","floor":4},{"not_picked":["Ball Lightning","Steam"],"picked":"ReplayGash","floor":6},{"not_picked":["Steam","Chaos"],"picked":"Go for the Eyes","floor":8},{"not_picked":["Conserve Battery","Hologram"],"picked":"Leap","floor":10},{"not_picked":["Rebound","Leap"],"picked":"Streamline","floor":11},{"not_picked":["Turbo","Lockon"],"picked":"Stack","floor":11},{"not_picked":["ReplayTheSpireMod:GoodbyeWorld","Steam Power"],"picked":"Stack","floor":11},{"not_picked":["ReplayTheSpireMod:Reroute Power","ReplayTheSpireMod:Fabricate Wheel"],"picked":"Gash","floor":11},{"not_picked":["Conserve Battery","Coolheaded"],"picked":"Leap","floor":11},{"not_picked":["Self Repair","BasicCrystalCard"],"picked":"Melter","floor":12},{"not_picked":["Creative AI","Steam Power"],"picked":"Steam","floor":13}],"player_experience":54778,"relics_obtained":[{"floor":2,"key":"Darkstone Periapt"},{"floor":6,"key":"Gambling Chip"},{"floor":9,"key":"infinitespire:Midas Blood"}],"event_choices":[],"is_beta":false,"boss_relics":[],"items_purged_floors":[],"is_endless":false,"potions_floor_spawned":[4,8],"killed_by":"Hallownest:BossHornet","ascension_level":0}}