{"host":"7jvlg611gq73pwus","time":1609373322,"event":{"mods":["BaseMod","Minty Spire (QoL Compilation)","StSLib","WarShipGirlsR/??á´Ò³R mod"],"gold_per_floor":[19,35,47,67,77,107,124,124,206,226,2,20,20,35,35,131,131,145,165,181,181,181],"floor_reached":21,"playtime":627,"items_purged":["rmod:strick"],"score":225,"play_id":"0d100143-b3c3-42a2-996e-f7ac9ccda5c6","local_time":"20201231090842","is_ascension_mode":true,"campfire_choices":[{"data":"rmod:goodfighter","floor":8.0,"key":"SMITH"},{"data":"rmod:basicallowance","floor":15.0,"key":"SMITH"}],"circlet_count":0,"master_deck":["rmod:strick","rmod:defend","rmod:defend","rmod:defend","rmod:defend","rmod:basicallowance+1","rmod:maingunfire","rmod:seals","rmod:overbreakdown","rmod:wolves","rmod:circuitoustactics","rmod:goodfighter+1","rmod:supportescort","rmod:diaomin"],"relics":["rmod:firstchargereward","Bronze Scales","Pantograph","Sling","Empty Cage"],"acts_visited":[],"potions_floor_usage":[],"damage_taken":[{"damage":2.0,"enemies":"Cultist","floor":1.0,"turns":4.0},{"damage":0.0,"enemies":"2 Louse","floor":2.0,"turns":2.0},{"damage":11.0,"enemies":"Jaw Worm","floor":3.0,"turns":4.0},{"damage":9.0,"enemies":"2 Fungi Beasts","floor":4.0,"turns":4.0},{"damage":5.0,"enemies":"3 Louse","floor":5.0,"turns":3.0},{"damage":0.0,"enemies":"Gremlin Nob","floor":6.0,"turns":2.0},{"damage":13.0,"enemies":"Blue Slaver","floor":7.0,"turns":3.0},{"damage":5.0,"enemies":"Large Slime","floor":10.0,"turns":4.0},{"damage":0.0,"enemies":"2 Fungi Beasts","floor":12.0,"turns":2.0},{"damage":0.0,"enemies":"Blue Slaver","floor":14.0,"turns":3.0},{"damage":24.0,"enemies":"The Guardian","floor":16.0,"turns":11.0},{"damage":0.0,"enemies":"Chosen","floor":18.0,"turns":3.0},{"damage":0.0,"enemies":"Spheric Guardian","floor":19.0,"turns":5.0},{"damage":11.0,"enemies":"Chosen and Byrds","floor":20.0,"turns":6.0},{"damage":0,"enemies":"Shelled Parasite and Fungi","floor":21,"turns":1}],"seed_played":"3311509262036795075","potions_obtained":[{"floor":4.0,"key":"SteroidPotion"},{"floor":5.0,"key":"SteroidPotion"},{"floor":7.0,"key":"Block Potion"},{"floor":14.0,"key":"Fruit Juice"},{"floor":16.0,"key":"BlessingOfTheForge"},{"floor":20.0,"key":"DuplicationPotion"}],"is_trial":false,"path_per_floor":["M","M","M","M","M","E","M","R","T","M","$","M","$","M","R","B",null,"M","M","M","M"],"character_chosen":"PRAEFECT","items_purchased":["Sling"],"campfire_rested":0,"item_purchase_floors":[11],"current_hp_per_floor":[73,73,62,53,48,48,35,35,35,30,30,30,30,35,35,36,80,80,80,69,69,69],"gold":181,"neow_bonus":"THREE_RARE_CARDS","is_daily":false,"chose_seed":false,"campfire_upgraded":2,"win_rate":0.0,"timestamp":1609373322,"path_taken":["M","M","?","M","M","E","M","R","T","M","$","M","?","?","R","BOSS","M","M","M","M"],"items_purchased_type":["Relic"],"build_version":"2020-12-22","purchased_purges":1,"victory":false,"max_hp_per_floor":[75,75,75,75,75,75,75,75,75,75,75,75,75,80,80,80,80,80,80,80,80,80],"card_choices":[{"not_picked":["rmod:secretscript","rmod:u235"],"picked":"rmod:seals","floor":0.0},{"not_picked":["rmod:ammunitionsupply","rmod:luckystar","rmod:combined"],"picked":"SKIP","floor":1.0},{"not_picked":["rmod:salvage","rmod:fletcherpendant","rmod:shuttlebombing"],"picked":"SKIP","floor":2.0},{"not_picked":["rmod:secretscript","rmod:luckystar"],"picked":"rmod:overbreakdown","floor":3.0},{"not_picked":["rmod:circuitoustactics","rmod:supportescort"],"picked":"rmod:wolves","floor":4.0},{"not_picked":["rmod:overbreakdown","rmod:aviationdawn"],"picked":"rmod:circuitoustactics","floor":5.0},{"not_picked":["rmod:fuelsupply","rmod:spoils"],"picked":"rmod:goodfighter","floor":6.0},{"not_picked":["rmod:launchingtorpedo","rmod:ammunitionsupply"],"picked":"rmod:supportescort","floor":7.0},{"not_picked":["rmod:circuitoustactics","rmod:heivgo","rmod:selfconfidence"],"picked":"SKIP","floor":10.0},{"not_picked":["rmod:circuitoustactics","rmod:combined","rmod:intelligenceanalysis"],"picked":"SKIP","floor":12.0},{"not_picked":["rmod:steelsupply","rmod:ring","rmod:unsinkable"],"picked":"SKIP","floor":14.0},{"not_picked":["rmod:punchline","rmod:unsinkable"],"picked":"rmod:diaomin","floor":18.0},{"not_picked":["rmod:highspeedshooting+1","rmod:supportescort","rmod:overbreakdown"],"picked":"SKIP","floor":19.0},{"not_picked":["rmod:shuttlebombing","rmod:overbreakdown","rmod:aluminumsupply"],"picked":"SKIP","floor":20.0}],"player_experience":460210,"relics_obtained":[{"floor":6.0,"key":"Bronze Scales"},{"floor":9.0,"key":"Pantograph"}],"event_choices":[],"is_beta":false,"boss_relics":[{"not_picked":["Tiny House","Astrolabe"],"picked":"Empty Cage"}],"items_purged_floors":[11],"is_endless":false,"potions_floor_spawned":[4,5,7,14,16,20],"killed_by":"Shelled Parasite and Fungi","ascension_level":1}}