{"host":"nmyw38vkdf8owddb","time":1609404717,"event":{"mods":["BaseMod","Colored Map","Colored Powertips","DeckTracker","Energized Spire","Halation","Minty Spire (QoL Compilation)","Replay The Spire","StSLib","The Alterego","Waifu the Spire"],"gold_per_floor":[114,133,133,174,191,191,210,237,237,237,253,178,190,190,190,290,290,306,137,164,10,10,10,10,10,56,66,66,66,66,81,81,179,179,189,189,203,103,113,113,133,159,184,215,230,245,257,257,257,257,257,257,32,60,66],"floor_reached":56,"playtime":4110,"items_purged":["Strike_R","Defend_R"],"score":1032,"play_id":"b0aaf4a5-d2c4-4f4b-817b-475d99336c40","local_time":"20201231175157","is_ascension_mode":false,"campfire_choices":[{"data":"Bash","floor":6,"key":"SMITH"},{"data":"Cleave","floor":10,"key":"SMITH"},{"data":"True Grit","floor":15,"key":"SMITH"},{"data":"Apotheosis","floor":23,"key":"SMITH"},{"data":"True Grit","floor":25,"key":"SMITH"},{"data":"Havoc","floor":29,"key":"SMITH"},{"data":"ReplayTheSpireMod:LeadingStrike","floor":32,"key":"SMITH"},{"data":"Juggernaut","floor":40,"key":"SMITH"},{"floor":49,"key":"RECALL"},{"data":"Offering","floor":52,"key":"SMITH"}],"circlet_count":0,"master_deck":["Strike_R","Defend_R","Defend_R","Defend_R","Bash+1","Discovery","Demon Form+1","Cleave+1","True Grit+1","Power Through","Juggernaut+1","Iron Wave","Impervious","Shrug It Off","Apotheosis+1","Second Wind","True Grit+1","Havoc+1","Berserk","ReplayTheSpireMod:LeadingStrike+1","Feel No Pain+1","Offering+1","Evolve+1","Feed","Shrug It Off+1","Headbutt+1","Warcry+1","Feel No Pain","Disarm+1"],"relics":["Burning Blood","halation:WeightlessCrab","Replay:Rubber Ducky","Mercury Hourglass","ChewingGum","Orrery","Snack Pack","Gremlin Food","halation:PinkSoulGem","Replay:Grab Bag","Replay:Bronze Core","energizedSpire:DeadBattery","SlaversCollar","Black Star","halation:EternalFortune","Regal Pillow","Self Forming Clay","halation:PrussianBluePaint","Quantum Egg","halation:TwoAmDonut","halation:PapillonHeart","ClockworkSouvenir","Red Skull","Replay:Bandana"],"acts_visited":["Exordium","TheCity","TheBeyond","TheEnding"],"potions_floor_usage":[7,8,18,39,42,47,55,55],"damage_taken":[{"damage":11,"enemies":"Jaw Worm","floor":1,"turns":3},{"damage":8,"enemies":"Small Slimes","floor":2,"turns":3},{"damage":6,"enemies":"Cultist","floor":5,"turns":3},{"damage":0,"enemies":"2 Fungi Beasts","floor":7,"turns":3},{"damage":0,"enemies":"Lagavulin","floor":8,"turns":7},{"damage":2,"enemies":"Blue Slaver","floor":11,"turns":3},{"damage":0,"enemies":"Large Slime","floor":13,"turns":3},{"damage":34,"enemies":"Hexaghost","floor":16,"turns":9},{"damage":0,"enemies":"3 Byrds","floor":18,"turns":3},{"damage":1,"enemies":"Chosen","floor":27,"turns":6},{"damage":5,"enemies":"Snake Plant","floor":31,"turns":4},{"damage":8,"enemies":"Collector","floor":33,"turns":11},{"damage":0,"enemies":"Orb Walker","floor":35,"turns":5},{"damage":9,"enemies":"3 Shapes","floor":37,"turns":5},{"damage":6,"enemies":"Spire Growth","floor":39,"turns":6},{"damage":6,"enemies":"Transient","floor":41,"turns":5},{"damage":6,"enemies":"Reptomancer","floor":42,"turns":4},{"damage":6,"enemies":"R_Hoarder","floor":44,"turns":7},{"damage":6,"enemies":"4 Shapes","floor":45,"turns":5},{"damage":6,"enemies":"Maw","floor":46,"turns":6},{"damage":35,"enemies":"3 Darklings","floor":47,"turns":6},{"damage":8,"enemies":"Replay:Hell Engine","floor":50,"turns":9},{"damage":39,"enemies":"Shield and Spear","floor":54,"turns":8},{"damage":45,"enemies":"The Heart","floor":55,"turns":10}],"seed_played":"-4941424883837913515","potions_obtained":[{"floor":4,"key":"Regen Potion"},{"floor":5,"key":"LifebloodPotion"},{"floor":11,"key":"Swift Potion"},{"floor":13,"key":"Swift Potion"},{"floor":16,"key":"Explosive Potion"},{"floor":27,"key":"LiquidBronze"},{"floor":39,"key":"Weak Potion"},{"floor":45,"key":"Adrenaline Potion"}],"is_trial":false,"path_per_floor":["M","M","?","?","M","R","M","E","T","R","M","$","M","?","R","B",null,"M","$","T","$","?","R","?","R","T","M","?","R","?","M","R","B",null,"M","?","M","$","M","R","M","E","T","E","M","M","M","?","R","B",null,"R","$","E","B",null],"character_chosen":"IRONCLAD","items_purchased":["Apotheosis","Orrery","ClockworkSouvenir","Feel No Pain"],"campfire_rested":0,"item_purchase_floors":[19,21,53,53],"current_hp_per_floor":[75,73,73,41,41,41,47,68,68,68,72,72,78,78,78,50,80,80,80,80,80,80,80,80,80,80,80,80,80,80,80,80,78,80,80,83,83,83,85,85,89,89,89,89,92,96,71,71,71,83,95,95,95,68,39],"gold":66,"neow_bonus":"RANDOM_COLORLESS","is_daily":false,"chose_seed":false,"campfire_upgraded":9,"win_rate":0.0,"timestamp":1609404717,"path_taken":["M","M","?","?","M","R","M","E","T","R","M","?","M","?","R","BOSS","M","$","?","$","?","R","?","R","T","M","?","R","?","M","R","BOSS","M","?","M","$","M","R","M","E","T","E","M","M","M","?","R","BOSS","R","$","E","BOSS"],"items_purchased_type":["Card","Relic","Relic","Card"],"build_version":"2020-12-22","purchased_purges":2,"victory":true,"max_hp_per_floor":[80,80,80,80,80,80,80,80,80,80,80,80,80,80,80,80,80,80,80,80,80,80,80,80,80,80,80,80,80,80,80,80,80,80,80,83,86,86,86,86,89,89,89,89,92,96,96,91,91,95,95,95,95,95,99],"card_choices":[{"not_picked":["Trip","Replay:Parry"],"picked":"Discovery","floor":0},{"not_picked":["Dual Wield","Clothesline"],"picked":"Rampage","floor":1},{"not_picked":["Seeing Red","Pummel","Anger"],"picked":"SKIP","floor":2},{"not_picked":["Seeing Red","Pummel","Anger"],"picked":"SKIP","floor":2},{"not_picked":["Life Link","Ghostly Armor"],"picked":"Cleave","floor":4},{"not_picked":["Metallicize","ReplayTheSpireMod:Muscle Training"],"picked":"True Grit","floor":5},{"not_picked":["Perfected Strike","Second Wind"],"picked":"Power Through","floor":7},{"not_picked":["Wild Strike","Cleave","Heavy Blade"],"picked":"SKIP","floor":8},{"not_picked":["ReplayTheSpireMod:LeadingStrike","Juggernaut","Havoc"],"picked":"SKIP","floor":11},{"not_picked":["ReplayTheSpireMod:LeadingStrike","Havoc"],"picked":"Juggernaut","floor":11},{"not_picked":["Whirlwind","Iron Wave","Anger"],"picked":"SKIP","floor":13},{"not_picked":["Whirlwind","Anger"],"picked":"Iron Wave","floor":13},{"not_picked":["Corruption","Replay:Many Hands"],"picked":"Impervious","floor":16},{"not_picked":["Headbutt","Armaments"],"picked":"Shrug It Off","floor":18},{"not_picked":["Run Through","Double Tap"],"picked":"Second Wind","floor":21},{"not_picked":["Fire Breathing","ReplayTheSpireMod:Strike From Hell+1"],"picked":"True Grit","floor":21},{"not_picked":["Cleave","Demonic Infusion"],"picked":"Havoc","floor":21},{"not_picked":["Anger","ReplayTheSpireMod:Strike From Hell","Shrug It Off"],"picked":"SKIP","floor":27},{"not_picked":["Anger","ReplayTheSpireMod:Strike From Hell","Shrug It Off"],"picked":"SKIP","floor":27},{"not_picked":["Iron Wave+1","Anger+1"],"picked":"Feel No Pain+1","floor":31},{"not_picked":["Feed","Limit Break"],"picked":"Offering","floor":33},{"not_picked":["Clash+1","ReplayTheSpireMod:LeadingStrike+1","Perfected Strike"],"picked":"SKIP","floor":35},{"not_picked":["Run Through","Twin Strike"],"picked":"Evolve+1","floor":37},{"not_picked":["Perfected Strike","ReplayTheSpireMod:Strike From Hell"],"picked":"Feed","floor":39},{"not_picked":["Run Through+1","Intimidate"],"picked":"Shrug It Off+1","floor":41},{"not_picked":["Battle Trance","Perfected Strike"],"picked":"Headbutt+1","floor":42},{"not_picked":["Havoc","Rage","Flex+1"],"picked":"SKIP","floor":44},{"not_picked":["Bloodletting+1","Anger+1"],"picked":"Warcry+1","floor":45},{"not_picked":["ReplayReversal+1","Thunderclap+1","Anger"],"picked":"SKIP","floor":46},{"not_picked":["ReplayTheSpireMod:Strike From Hell+1","Metallicize","Replay:Undeath\u0027s Touch+1"],"picked":"SKIP","floor":47},{"not_picked":["Headbutt","ReplayTheSpireMod:Strike From Hell+1"],"picked":"Disarm+1","floor":54}],"player_experience":323419,"relics_obtained":[{"floor":4,"key":"halation:WeightlessCrab"},{"floor":8,"key":"Replay:Rubber Ducky"},{"floor":9,"key":"Mercury Hourglass"},{"floor":26,"key":"Gremlin Food"},{"floor":37,"key":"halation:EternalFortune"},{"floor":41,"key":"halation:EternalFortune"},{"floor":42,"key":"Regal Pillow"},{"floor":42,"key":"Self Forming Clay"},{"floor":43,"key":"halation:PrussianBluePaint"},{"floor":44,"key":"Quantum Egg"},{"floor":44,"key":"halation:TwoAmDonut"},{"floor":54,"key":"Red Skull"},{"floor":54,"key":"Replay:Bandana"}],"event_choices":[{"cards_removed":["Strike_R"],"damage_healed":0,"gold_gain":0,"player_choice":"Offered Basic","damage_taken":0,"max_hp_gain":0,"max_hp_loss":0,"event_name":"Bonfire Elementals","floor":14,"gold_loss":0},{"damage_healed":0,"gold_gain":0,"cards_transformed":["Strike_R","Strike_R"],"player_choice":"Became Test Subject","damage_taken":0,"max_hp_gain":0,"max_hp_loss":0,"event_name":"Drug Dealer","floor":22,"gold_loss":0,"cards_obtained":["Berserk","ReplayTheSpireMod:LeadingStrike"]}],"is_beta":false,"boss_relics":[{"not_picked":["halation:SmartPhone","Replay:Ancient Bell"],"picked":"ChewingGum"},{"not_picked":["Electric Blood","energizedSpire:RedRose"],"picked":"Replay:Grab Bag"},{"not_picked":["Painkiller Herb","Busted Crown"],"picked":"Replay:Bronze Core"},{"not_picked":["Fusion Hammer","energizedSpire:TabascoSauce"],"picked":"energizedSpire:DeadBattery"},{"not_picked":["halation:Risk","halation:MonkeysPaw"],"picked":"SlaversCollar"},{"not_picked":["halation:Yufonium","Snecko Heart"],"picked":"Black Star"}],"items_purged_floors":[12,38],"is_endless":false,"potions_floor_spawned":[5,11,13,16,27,31,35,39,41,45,46],"ascension_level":0}}