{"host":"3as3fywb220oerv2","time":1609420379,"event":{"mods":["AchievementEnabler","Act Like it!","BaseMod","Highlight Path","Koishi","Minty Spire (QoL Compilation)","StSLib"],"gold_per_floor":[109,284,284,298,311,343,356,2753,2753,2753,2779,2798,2828,2838,2838,2936,2936,2954,2869,2882,2028,2028,2059,2073,2073,2073,2098,2129,2129,1241,1248,1248,1337,1337,1343,338,345,52,274,274,286,286,310,324,9,34,34,49,49,44,44,44,18,49,49],"floor_reached":56,"playtime":3104,"items_purged":["Doubt","Koishi:HeartAttack","Koishi:BasicStrike","Koishi:BasicStrike","Koishi:BasicDefend"],"score":1485,"play_id":"91685e4a-b926-4410-a46d-f865cdc6feb5","local_time":"20201231221259","is_ascension_mode":false,"campfire_choices":[{"data":"Mayhem","floor":10.0,"key":"SMITH"},{"data":"Koishi:FidgetySnatcher","floor":15,"key":"SMITH"},{"data":"Koishi:HeartStoppingHorror","floor":25,"key":"SMITH"},{"floor":29,"key":"RECALL"},{"data":"Koishi:RuptureMind","floor":32,"key":"SMITH"},{"data":"Koishi:Provoke","floor":40,"key":"SMITH"},{"data":"Koishi:RacingHeart","floor":42,"key":"SMITH"},{"data":"Koishi:GrowingPain","floor":49,"key":"SMITH"},{"data":"Koishi:HauntingSlash","floor":52,"key":"SMITH"}],"circlet_count":0,"master_deck":["Koishi:BasicStrike","Koishi:BasicDefend","Koishi:BasicDefend","Koishi:BasicDefend","Koishi:Provoke+1","Koishi:HauntingSlash+1","Koishi:SubterraneanRose","Koishi:UnconsciousUprising","Koishi:SuperEgo","Koishi:FidgetySnatcher+1","Koishi:ImGoingToCallYouNow+1","Mayhem+1","Koishi:ApparitionsStalkTheNight+1","Koishi:EmbersOfLove+1","Koishi:PredatoryInstincts+1","Koishi:ImGoingToCallYouNow+1","Koishi:UnansweredLove+1","Koishi:HeartStoppingHorror+1","Koishi:FourthEye+1","Koishi:CatchAndRose+1","Koishi:ConfinedInnocent+1","Koishi:RuptureMind+1","Koishi:FidgetySnatcher+1","Koishi:RollingInRichesHeart+1","Sadistic Nature+1","Koishi:JumpScare+1","Koishi:ImGoingToCallYouNow+1","Mayhem+1","Koishi:HeartStoppingHorror+1","Koishi:ReflexRadar+1","Koishi:RacingHeart+1","Koishi:GeneticsOfTheUnconscious+1","Koishi:PhantomBarrier+1","Koishi:GrowingPain+1","Koishi:VengefulSpirit+1","Koishi:UnansweredLove+1","Koishi:ImGoingToCallYouNow+1"],"relics":["Koishi:ImaginaryFriend","NeowsBlessing","InkBottle","Mercury Hourglass","Toxic Egg 2","Torii","Eternal Feather","Question Card","Coffee Dripper","CaptainsWheel","Frozen Egg 2","Orichalcum","Chemical X","MutagenicStrength","Pear","TungstenRod","Meat on the Bone","Red Mask","HandDrill","Bag of Marbles","Bottled Lightning","SacredBark","Ice Cream","Cauldron","Ancient Tea Set","Potion Belt","Koishi:LettersToReimu","Pen Nib"],"acts_visited":["Exordium","TheCity","TheBeyond","TheEnding"],"potions_floor_usage":[11,11,13,13,16,23,27,27,31,33,33,50,50,50,50,50],"damage_taken":[{"damage":0.0,"enemies":"2 Louse","floor":1.0,"turns":1.0},{"damage":0.0,"enemies":"Jaw Worm","floor":4.0,"turns":1.0},{"damage":0.0,"enemies":"Small Slimes","floor":5.0,"turns":1.0},{"damage":24.0,"enemies":"3 Sentries","floor":6.0,"turns":8.0},{"damage":0.0,"enemies":"Blue Slaver","floor":7.0,"turns":3.0},{"damage":5,"enemies":"Gremlin Nob","floor":11,"turns":5},{"damage":10,"enemies":"Looter","floor":12,"turns":3},{"damage":9,"enemies":"Lagavulin","floor":13,"turns":6},{"damage":11,"enemies":"Lots of Slimes","floor":14,"turns":4},{"damage":7,"enemies":"Slime Boss","floor":16,"turns":9},{"damage":1,"enemies":"3 Byrds","floor":18,"turns":4},{"damage":2,"enemies":"Chosen","floor":20,"turns":2},{"damage":15,"enemies":"Book of Stabbing","floor":23,"turns":5},{"damage":20,"enemies":"Sentry and Sphere","floor":24,"turns":6},{"damage":17,"enemies":"Slavers","floor":27,"turns":5},{"damage":0,"enemies":"Masked Bandits","floor":28,"turns":4},{"damage":0,"enemies":"3 Cultists","floor":31,"turns":4},{"damage":15,"enemies":"Champ","floor":33,"turns":5},{"damage":14,"enemies":"Orb Walker","floor":35,"turns":3},{"damage":4,"enemies":"3 Shapes","floor":37,"turns":3},{"damage":4,"enemies":"Writhing Mass","floor":41,"turns":3},{"damage":4,"enemies":"Spire Growth","floor":44,"turns":3},{"damage":0,"enemies":"Reptomancer","floor":46,"turns":3},{"damage":0,"enemies":"Maw","floor":48,"turns":4},{"damage":23,"enemies":"Awakened One","floor":50,"turns":6},{"damage":29,"enemies":"Shield and Spear","floor":54,"turns":5},{"damage":0,"enemies":"The Heart","floor":55,"turns":6}],"seed_played":"5285246256076368447","potions_obtained":[{"floor":4.0,"key":"DuplicationPotion"},{"floor":12,"key":"DistilledChaos"},{"floor":13,"key":"Fire Potion"},{"floor":23,"key":"Weak Potion"},{"floor":24,"key":"PowerPotion"},{"floor":28,"key":"BlessingOfTheForge"},{"floor":31,"key":"Block Potion"},{"floor":36,"key":"DistilledChaos"},{"floor":36,"key":"Energy Potion"},{"floor":36,"key":"SkillPotion"},{"floor":41,"key":"Swift Potion"},{"floor":44,"key":"SteroidPotion"},{"floor":54,"key":"SpeedPotion"}],"is_trial":false,"path_per_floor":["M","?","T","M","M","E","M","$","T","R","E","M","E","M","R","B",null,"M","?","M","$","?","E","M","R","T","E","?","R","$","M","R","B",null,"M","$","M","$","?","R","M","R","T","M","$","E","?","M","R","B",null,"R","$","E","B",null],"character_chosen":"KOISHI","items_purchased":["Toxic Egg 2","Koishi:ImGoingToCallYouNow+1","Regen Potion","LiquidMemories","Mayhem","Koishi:ApparitionsStalkTheNight+1","Frozen Egg 2","Orichalcum","Chemical X","EssenceOfSteel","BlessingOfTheForge","Koishi:ConfinedInnocent+1","Sadistic Nature+1","HandDrill","Bag of Marbles","Bottled Lightning","Strength Potion","Ice Cream","Mayhem+1","Koishi:HeartStoppingHorror+1","Cauldron","Ancient Tea Set","Koishi:ReflexRadar+1","Potion Belt","Koishi:GrowingPain","Koishi:UnansweredLove+1"],"campfire_rested":0,"item_purchase_floors":[8,8,8,8,8,8,21,21,21,21,21,21,30,30,30,30,30,36,36,36,36,36,36,38,45,53],"current_hp_per_floor":[60,60,60,60,60,36,36,36,36,36,60,50,60,60,60,53,60,60,60,60,60,60,70,65,70,70,70,70,70,70,70,70,70,70,70,70,70,70,70,70,70,70,70,70,70,70,70,70,70,47,70,70,70,70,70],"gold":49,"neow_bonus":"THREE_ENEMY_KILL","is_daily":false,"chose_seed":false,"campfire_upgraded":8,"win_rate":0.0,"timestamp":1609420379,"path_taken":["M","?","?","M","M","E","M","$","T","R","E","M","E","?","R","BOSS","M","?","M","$","?","E","M","R","T","E","?","R","?","M","R","BOSS","M","$","M","?","?","R","M","R","T","M","$","E","?","M","R","BOSS","R","$","E","BOSS"],"items_purchased_type":["Relic","Card","Potion","Potion","Card","Card","Relic","Relic","Relic","Potion","Potion","Card","Card","Relic","Relic","Relic","Potion","Relic","Card","Card","Relic","Relic","Card","Relic","Card","Card"],"build_version":"2020-12-22","purchased_purges":5,"victory":true,"max_hp_per_floor":[60,60,60,60,60,60,60,60,60,60,60,60,60,60,60,60,60,60,60,60,60,60,70,70,70,70,70,70,70,70,70,70,70,70,70,70,70,70,70,70,70,70,70,70,70,70,70,70,70,70,70,70,70,70,70],"card_choices":[{"not_picked":["Koishi:StingingMind","Koishi:ReleaseOfTheId"],"picked":"Koishi:SubterraneanRose","floor":1.0},{"not_picked":["Koishi:SubconsciousSweep","Koishi:ApparitionsStalkTheNight"],"picked":"Koishi:UnconsciousUprising","floor":4.0},{"not_picked":["Koishi:BloodcurdlingScream","Koishi:UnansweredLove"],"picked":"Koishi:HeartAttack","floor":5.0},{"not_picked":["Koishi:Prune","Koishi:EmbryosDream"],"picked":"Koishi:SuperEgo","floor":6.0},{"not_picked":["Koishi:UnansweredLove","Koishi:BloodcurdlingScream"],"picked":"Koishi:FidgetySnatcher","floor":7.0},{"not_picked":["Koishi:ParalyzingFear","Koishi:Bloodlust+1"],"picked":"Koishi:EmbersOfLove+1","floor":11},{"not_picked":["Koishi:UnconsciousUprising+1","Koishi:PhantomBarrier+1"],"picked":"Koishi:PredatoryInstincts+1","floor":12},{"not_picked":["Koishi:BramblyRoseGarden","Koishi:PhantomStrike"],"picked":"Koishi:ImGoingToCallYouNow+1","floor":13},{"not_picked":["Koishi:StingingMind","Koishi:Jaunt","Koishi:SubterraneanRose+1"],"picked":"Koishi:UnansweredLove+1","floor":14},{"not_picked":["Koishi:PerfectMindControl+1","Koishi:RollingInRichesHeart+1","Koishi:GrowingPain"],"picked":"Koishi:HeartStoppingHorror","floor":16},{"not_picked":["Koishi:SpiritedAway","Koishi:DreadfulBlow","Koishi:JumpScare+1"],"picked":"Koishi:FourthEye+1","floor":18},{"not_picked":["Koishi:HeartfeltFancy+1","Koishi:SprinkleStarAndHeart+1","Koishi:FleetingPhantom+1"],"picked":"Koishi:CatchAndRose+1","floor":20},{"not_picked":["Koishi:Whimsy+1","Koishi:Catatonia","Koishi:ApparitionsStalkTheNight+1"],"picked":"Koishi:RuptureMind","floor":23},{"not_picked":["Koishi:SubterraneanRose+1","Koishi:ReflexRadar+1","Koishi:EmbryosDream+1","Koishi:DanmakuParanoia+1"],"picked":"SKIP","floor":24},{"not_picked":["Koishi:UnconsciousUprising+1","Koishi:FleetingPhantom+1","Koishi:Prune"],"picked":"Koishi:FidgetySnatcher+1","floor":27},{"not_picked":["Koishi:MindNumbingTerror","Koishi:SubconsciousSweep","Koishi:FleetingPhantom+1"],"picked":"Koishi:RollingInRichesHeart+1","floor":28},{"not_picked":["Koishi:RacingHeart","Koishi:EmbersOfLove+1","Koishi:EmbryosDream+1"],"picked":"Koishi:JumpScare+1","floor":31},{"not_picked":["Koishi:HeartStoppingHorror+1","Koishi:PerfectMindControl+1","Koishi:SilentAndRestless"],"picked":"Koishi:ImGoingToCallYouNow+1","floor":33},{"not_picked":["Koishi:EmbryosDream+1","Koishi:ReflexRadar+1","Koishi:Prune+1","Koishi:JumpScare+1"],"picked":"SKIP","floor":35},{"not_picked":["Koishi:FleetingPhantom+1","Koishi:DanmakuParanoia+1","Koishi:EmbryosDream+1"],"picked":"Koishi:RacingHeart","floor":37},{"not_picked":["Koishi:FleetingPhantom+1","Koishi:ParalyzingFear","Koishi:DreadfulBlow+1"],"picked":"Koishi:GeneticsOfTheUnconscious+1","floor":41},{"not_picked":["Koishi:StingingMind","Koishi:CatchAndRose+1","Koishi:ParalyzingFear"],"picked":"Koishi:PhantomBarrier+1","floor":44},{"not_picked":["Koishi:UnconsciousUprising+1","Koishi:JumpScare+1","Koishi:HeartfeltFancy+1"],"picked":"Koishi:VengefulSpirit+1","floor":46},{"not_picked":["Koishi:UnconsciousUprising+1","Koishi:PredatoryInstincts+1","Koishi:UnconsciousUrges+1","Koishi:HeartAttack"],"picked":"SKIP","floor":48},{"not_picked":["Koishi:Ego+1","Koishi:DNAsFlaw+1","Koishi:RorschachInDanmaku+1"],"picked":"Koishi:ImGoingToCallYouNow+1","floor":54}],"player_experience":256247,"relics_obtained":[{"floor":3.0,"key":"InkBottle"},{"floor":6.0,"key":"Mercury Hourglass"},{"floor":9.0,"key":"Torii"},{"floor":11,"key":"Eternal Feather"},{"floor":13,"key":"Question Card"},{"floor":23,"key":"Pear"},{"floor":26,"key":"TungstenRod"},{"floor":27,"key":"Meat on the Bone"},{"floor":28,"key":"Red Mask"},{"floor":46,"key":"Koishi:LettersToReimu"},{"floor":54,"key":"Pen Nib"}],"event_choices":[{"damage_healed":0.0,"max_hp_gain":0.0,"max_hp_loss":0.0,"gold_gain":175.0,"event_name":"Liars Game","player_choice":"AGREE","floor":2.0,"gold_loss":0.0,"damage_taken":0.0,"cards_obtained":["Doubt"]},{"damage_healed":0,"gold_gain":0,"player_choice":"Obtained Relic","damage_taken":0,"relics_obtained":["CaptainsWheel"],"max_hp_gain":0,"max_hp_loss":0,"event_name":"Addict","floor":19,"gold_loss":85},{"damage_healed":0,"gold_gain":0,"player_choice":"Inject Mutagens","damage_taken":0,"relics_obtained":["MutagenicStrength"],"max_hp_gain":0,"max_hp_loss":0,"event_name":"Drug Dealer","floor":22,"gold_loss":0},{"damage_healed":0,"gold_gain":0,"player_choice":"Fought Bandits","damage_taken":0,"max_hp_gain":0,"max_hp_loss":0,"event_name":"Masked Bandits","floor":28,"gold_loss":0},{"damage_healed":0,"gold_gain":222,"player_choice":"Wore Mask","damage_taken":0,"max_hp_gain":0,"max_hp_loss":0,"event_name":"Tomb of Lord Red Mask","floor":39,"gold_loss":0},{"cards_removed":["Koishi:BasicStrike"],"damage_healed":0,"gold_gain":0,"player_choice":"Removed Attack","damage_taken":0,"max_hp_gain":0,"max_hp_loss":0,"event_name":"Falling","floor":47,"gold_loss":0}],"is_beta":false,"boss_relics":[{"not_picked":["Philosopher\u0027s Stone","Fusion Hammer"],"picked":"Coffee Dripper"},{"not_picked":["SlaversCollar","Pandora\u0027s Box"],"picked":"SacredBark"}],"items_purged_floors":[8,21,30,38,45],"is_endless":false,"potions_floor_spawned":[4,12,13,23,24,28,31,37,41,44,54],"ascension_level":0}}