{"host":"btkahjvw3wdsn6lk","time":1609415847,"event":{"mods":["ATMod(阿瑾Mod)","Act Like it!","BaseMod","Dota2Spire","Gensokyo","Highlight Path","Minty Spire (QoL Compilation)","RumiaBox-露米娅的神秘盒子","Spicy Shops","StSLib","The Alterego"],"gold_per_floor":[216,216,235,102,118,118,727,977,977],"floor_reached":8,"playtime":2717,"items_purged":["Regret"],"score":53,"play_id":"d2502e1a-7154-4c28-96f9-224488c396a5","local_time":"20201231195727","is_ascension_mode":true,"campfire_choices":[{"data":"alterego_mod:DiscoLights","floor":6.0,"key":"SMITH"}],"circlet_count":0,"master_deck":["alterego_mod:Strike","alterego_mod:Strike","alterego_mod:Strike","alterego_mod:Strike","alterego_mod:Defend","alterego_mod:Defend","alterego_mod:Defend","alterego_mod:Defend","alterego_mod:Impale","alterego_mod:BigMeatyClaws","alterego_mod:BrynhildrsRune","AT_ChampionStep","Gensokyo:TarnishedGold","Gensokyo:Shovel","alterego_mod:DiscoLights+1","alterego_mod:Birthday","Gensokyo:Shovel"],"relics":["alterego_mod:MasochisticConstitution","AT_ATBox","Baka","GodSword7","Ornamental Fan","DollysMirror","Toy Ornithopter"],"acts_visited":["Exordium"],"potions_floor_usage":[8,8,8],"damage_taken":[{"damage":3.0,"enemies":"Gensokyo:Python","floor":1.0,"turns":4.0},{"damage":4.0,"enemies":"Gensokyo:3_Fairies","floor":3.0,"turns":13.0},{"damage":19.0,"enemies":"Gensokyo:Gryphon","floor":5.0,"turns":9.0},{"damage":59,"enemies":"Gensokyo:Cirno","floor":8,"turns":10}],"seed_played":"-6730551803409069828","potions_obtained":[{"floor":1.0,"key":"Explosive Potion"},{"floor":3.0,"key":"ColorlessPotion"},{"floor":5.0,"key":"Block Potion"}],"is_trial":false,"path_per_floor":["M","?","M","COS","M","R","$","E"],"character_chosen":"The_Alterego","items_purchased":["Ornamental Fan","alterego_mod:Birthday","DollysMirror"],"campfire_rested":0,"item_purchase_floors":[7,7,7],"current_hp_per_floor":[68,75,72,72,54,54,54,54,54],"gold":977,"neow_bonus":"HUNDRED_GOLD","is_daily":false,"chose_seed":false,"campfire_upgraded":1,"win_rate":0.0,"timestamp":1609415847,"path_taken":["M","?","M","COS","M","R","$","E"],"items_purchased_type":["Relic","Card","Relic"],"build_version":"2020-12-22","purchased_purges":1,"victory":false,"max_hp_per_floor":[71,78,79,79,80,80,80,80,80],"card_choices":[{"not_picked":["alterego_mod:Crossover","alterego_mod:1TonWallop","alterego_mod:Belts"],"picked":"SKIP","floor":1.0},{"not_picked":["alterego_mod:GoddessCore","alterego_mod:Undulate","alterego_mod:DestructionOfProperty"],"picked":"SKIP","floor":3.0},{"not_picked":["alterego_mod:BiFurious","alterego_mod:Bunnysuit"],"picked":"alterego_mod:DiscoLights","floor":5.0}],"player_experience":400174,"relics_obtained":[{"floor":1.0,"key":"Baka"},{"floor":3.0,"key":"GodSword7"}],"event_choices":[],"is_beta":false,"boss_relics":[],"items_purged_floors":[7],"is_endless":false,"potions_floor_spawned":[1,3,5],"killed_by":"Gensokyo:Cirno","ascension_level":3}}