{"host":"dcj2yvrgcvh5dl2s","time":1609418347,"event":{"mods":["BaseMod","Better Note","Block Reminder","Colored Powertips","DeckTracker","Minty Spire (QoL Compilation)","Quick Restart","Rare Cards Sparkle","Relic Stats","StSLib"],"gold_per_floor":[116,130,145,145,145,157,182,269,281,293,293],"floor_reached":10,"playtime":369,"items_purged":[],"score":110,"play_id":"fc86e2f8-030f-43d0-b7e6-688f17d3bef6","local_time":"20201231223907","is_ascension_mode":true,"campfire_choices":[{"floor":6,"key":"REST"}],"circlet_count":0,"master_deck":["AscendersBane","Strike_R","Strike_R","Strike_R","Strike_R","Strike_R","Defend_R","Defend_R","Bash","Shame","Bloodletting","Infernal Blade","Shrug It Off","Shrug It Off","Inflame","Regret","Sword Boomerang"],"relics":["Burning Blood","Pocketwatch","MawBank","Turnip"],"acts_visited":["Exordium"],"potions_floor_usage":[10],"damage_taken":[{"damage":9,"enemies":"Cultist","floor":1,"turns":3},{"damage":15,"enemies":"2 Louse","floor":2,"turns":3},{"damage":12,"enemies":"Small Slimes","floor":3,"turns":3},{"damage":11,"enemies":"Blue Slaver","floor":7,"turns":2},{"damage":37,"enemies":"3 Sentries","floor":10,"turns":5}],"seed_played":"8120912570618725431","potions_obtained":[{"floor":2,"key":"SteroidPotion"}],"is_trial":false,"path_per_floor":["M","M","M","?","?","R","M","?","T","E"],"character_chosen":"IRONCLAD","items_purchased":[],"campfire_rested":1,"item_purchase_floors":[],"current_hp_per_floor":[65,56,50,50,24,46,41,30,30,0,0],"gold":293,"neow_bonus":"TRANSFORM_TWO_CARDS","is_daily":false,"chose_seed":false,"campfire_upgraded":0,"win_rate":0.0,"timestamp":1609418347,"path_taken":["M","M","M","?","?","R","M","?","T","E"],"items_purchased_type":[],"build_version":"2020-12-22","purchased_purges":0,"victory":false,"max_hp_per_floor":[75,75,75,75,75,75,75,75,75,75,75],"relic_stats":{"counters":[5,16],"Turnip":[2],"MawBank":60,"obtain_stats":[{"Turnip":9,"MawBank":5,"Burning Blood":0,"Pocketwatch":4},{"Turnip":4,"MawBank":3,"Burning Blood":0,"Pocketwatch":3},{"Turnip":11,"MawBank":9,"Burning Blood":0,"Pocketwatch":9}],"Burning Blood":24,"Pocketwatch":[12]},"card_choices":[{"not_picked":["True Grit","Rage"],"picked":"Shrug It Off","floor":1},{"not_picked":["Searing Blow","Headbutt"],"picked":"Shrug It Off","floor":2},{"not_picked":["True Grit","Wild Strike"],"picked":"Inflame","floor":3},{"not_picked":["Perfected Strike","Wild Strike"],"picked":"Sword Boomerang","floor":7}],"player_experience":2132256,"relics_obtained":[{"floor":9,"key":"Turnip"}],"event_choices":[{"damage_healed":0,"gold_gain":0,"player_choice":"Box","damage_taken":0,"relics_obtained":["Pocketwatch"],"max_hp_gain":0,"max_hp_loss":0,"event_name":"Big Fish","floor":4,"gold_loss":0,"cards_obtained":["Regret"]},{"damage_healed":0,"gold_gain":0,"player_choice":"Success","damage_taken":26,"relics_obtained":["MawBank"],"max_hp_gain":0,"max_hp_loss":0,"event_name":"Scrap Ooze","floor":5,"gold_loss":0},{"damage_healed":0,"gold_gain":75,"player_choice":"Gather Gold","damage_taken":11,"max_hp_gain":0,"max_hp_loss":0,"event_name":"World of Goop","floor":8,"gold_loss":0}],"is_beta":false,"boss_relics":[],"items_purged_floors":[],"is_endless":false,"potions_floor_spawned":[2],"killed_by":"3 Sentries","ascension_level":18}}