{"host":"64h6jdpsiwrne03s","time":1609435349,"event":{"mods":["Act Like it!","BaseMod","Bestiary","Colored Powertips","Gensokyo","Marisa£®ÏF”Í°°ƒß¿Ì…≥£©","Minty Spire (QoL Compilation)","Reimu£®≤©¿ˆ¡È√Œ£©","Remilia£®¿Ÿ√◊¿Ú—«£©","StSLib","The Servant 0.9.4","Youmu£®ªÍ∆«—˝√Œ£©"],"gold_per_floor":[110,40,40,40,40,66,66,98,98,110,110,128,156,156,156,254,254,266,516,534,211,211,239,253,284,284,56,68,81,107,121,121,121,121],"floor_reached":33,"playtime":2125,"items_purged":["Writhe"],"score":537,"play_id":"4b60fb37-7b3f-43da-bffb-9cfb9df28fd3","local_time":"20210101012229","is_ascension_mode":true,"campfire_choices":[{"data":"NB:ReiMu","floor":7.0,"key":"SMITH"},{"data":"OctopathBindingBorder2:ReiMu","floor":15.0,"key":"SMITH"},{"floor":32,"key":"REST"}],"circlet_count":0,"master_deck":["Strike_Lin:ReiMu","Strike_Lin:ReiMu","Strike_Lin:ReiMu","Defend_Lin:ReiMu+1","Defend_Lin:ReiMu","Defend_Lin:ReiMu","Defend_Lin:ReiMu","NB:ReiMu+1","Stagnation:ReiMu+1","RainPray2:ReiMu","DoubleButterfly:ReiMu","OctopathBindingBorder2:ReiMu+1","CardOfSanctity:ReiMu","FantasyMoon:ReiMu+1","Gensokyo:Kunekune","SubcavityFantasy:ReiMu+1","FantasyMoon:ReiMu+1","Free:ReiMu","ShadowOfCrow2:ReiMu","CardOfSanctity:ReiMu","Amulet:ReiMu+1","SubcavityFantasy:ReiMu+1","SealNeedle:ReiMu+1"],"relics":["FlyPower:ReiMu","NeowsBlessing","Gensokyo:NagashiBinaDoll","Oddly Smooth Stone","Centennial Puzzle","Gensokyo:OccultBall","Pear","White Beast Statue","DonationBox:ReiMu","Bottled Tornado","PreservedInsect","Dead Branch","Toxic Egg 2","CheatingSign:ReiMu","Mastiff:ReiMu"],"acts_visited":["Gensokyo:Gensokyo","Gensokyo:Gensokyoer"],"potions_floor_usage":[30],"damage_taken":[{"damage":0.0,"enemies":"Gensokyo:2_Kodama","floor":1.0,"turns":1.0},{"damage":0.0,"enemies":"Gensokyo:Cirno","floor":6.0,"turns":2.0},{"damage":0.0,"enemies":"Gensokyo:Mamizou","floor":8.0,"turns":4.0},{"damage":0.0,"enemies":"Gensokyo:Python","floor":10.0,"turns":5.0},{"damage":0.0,"enemies":"Gensokyo:Gryphon","floor":12.0,"turns":4.0},{"damage":2.0,"enemies":"Gensokyo:Aya","floor":13.0,"turns":7.0},{"damage":26.0,"enemies":"Gensokyo:Kokoro","floor":16.0,"turns":10.0},{"damage":0.0,"enemies":"Gensokyo:Chomper","floor":18.0,"turns":4.0},{"damage":0.0,"enemies":"Gensokyo:2_Gloops","floor":20.0,"turns":4.0},{"damage":26.0,"enemies":"Gensokyo:Koishi","floor":23.0,"turns":7.0},{"damage":2.0,"enemies":"Gensokyo:Wraith","floor":24.0,"turns":5.0},{"damage":12.0,"enemies":"Gensokyo:Reisen","floor":25.0,"turns":5.0},{"damage":0,"enemies":"Gensokyo:Swordslinger","floor":28,"turns":3},{"damage":0,"enemies":"Gensokyo:Chomper_and_Gloop","floor":29,"turns":2},{"damage":0,"enemies":"Gensokyo:Koishi","floor":30,"turns":4},{"damage":0,"enemies":"Gensokyo:3_Gloops","floor":31,"turns":2},{"damage":52,"enemies":"Gensokyo:Eternal_Rivals","floor":33,"turns":4}],"seed_played":"3330397281103162333","potions_obtained":[{"floor":8.0,"key":"DuplicationPotion"},{"floor":12.0,"key":"LiquidBronze"},{"floor":13.0,"key":"Swift Potion"},{"floor":16.0,"key":"EntropicBrew"},{"floor":18.0,"key":"GrandPatriotsElixir:ReiMu"},{"floor":24.0,"key":"Dexterity Potion"},{"floor":30,"key":"GrandPatriotsElixir:ReiMu"}],"is_trial":false,"path_per_floor":["M","?","?","$","?","E","R","E","T","M","?","M","E","T","R","B",null,"M","?","M","COS","?","E","M","E","T","$","M","M","E","M","R","B"],"character_chosen":"REIMU","items_purchased":["CheatingSign:ReiMu"],"campfire_rested":1,"item_purchase_floors":[27],"current_hp_per_floor":[59,59,59,59,59,59,59,59,59,59,59,59,67,67,67,41,67,67,67,67,67,67,41,39,27,27,27,27,27,27,27,48,0,0],"gold":121,"neow_bonus":"THREE_ENEMY_KILL","is_daily":false,"chose_seed":false,"campfire_upgraded":2,"win_rate":0.0,"timestamp":1609435349,"path_taken":["M","?","?","$","?","E","R","E","T","?","?","M","E","?","R","BOSS","M","?","M","COS","?","E","M","E","T","$","?","M","E","M","R","BOSS"],"items_purchased_type":["Relic"],"build_version":"2020-12-22","purchased_purges":1,"victory":false,"max_hp_per_floor":[65,65,65,65,65,65,65,65,65,65,65,65,75,75,75,75,75,75,71,71,71,71,71,71,71,71,71,71,71,71,71,71,71,71],"card_choices":[{"not_picked":["Meditation:ReiMu","WonderfulDomain:ReiMu","SafetyPray:ReiMu"],"picked":"SKIP","floor":1.0},{"not_picked":["PassingAway:ReiMu","MountainWay:ReiMu"],"picked":"RainPray2:ReiMu","floor":6.0},{"not_picked":["UpKicking:ReiMu","CollectionFlower2:ReiMu"],"picked":"DoubleButterfly:ReiMu","floor":8.0},{"not_picked":["NineCharacters:ReiMu","CollectionFlower2:ReiMu"],"picked":"ShadowOfCrow2:ReiMu","floor":10.0},{"not_picked":["SpiritualOutbreak2:ReiMu","TakeOff:ReiMu"],"picked":"OctopathBindingBorder2:ReiMu","floor":12.0},{"not_picked":["PrepareRite:ReiMu","TakeOff:ReiMu","ForcedLanding:ReiMu"],"picked":"SKIP","floor":13.0},{"not_picked":["CeremonyResonance:ReiMu","BlastKick2:ReiMu"],"picked":"CardOfSanctity:ReiMu","floor":16.0},{"not_picked":["BarrageOfMoneybags:ReiMu+1","SpiritualOutbreak2:ReiMu"],"picked":"FantasyMoon:ReiMu+1","floor":18.0},{"not_picked":["AirStrike:ReiMu","SubcavityInstant:ReiMu","DoubleButterfly:ReiMu"],"picked":"SKIP","floor":20.0},{"not_picked":["FineLineFantasy:ReiMu+1","DoubleButterfly:ReiMu+1"],"picked":"SubcavityFantasy:ReiMu+1","floor":23.0},{"not_picked":["AirStrike:ReiMu","LovePray:ReiMu"],"picked":"FantasyMoon:ReiMu+1","floor":23.0},{"not_picked":["RunawayExorcism:ReiMu","BlastKick2:ReiMu"],"picked":"Free:ReiMu","floor":24.0},{"not_picked":["CollectionFlower2:ReiMu","CareerPray:ReiMu+1"],"picked":"ShadowOfCrow2:ReiMu","floor":24.0},{"not_picked":["PhosphorusFlame:ReiMu","WonderfulDomain:ReiMu"],"picked":"CardOfSanctity:ReiMu","floor":25.0},{"not_picked":["SafetyPray:ReiMu+1","YinYangSange:ReiMu"],"picked":"Amulet:ReiMu+1","floor":28},{"not_picked":["SafetyPray:ReiMu+1","WonderfulDomain:ReiMu+1","OrbThrow:ReiMu"],"picked":"SKIP","floor":29},{"not_picked":["YinYangSange:ReiMu","Amulet:ReiMu+1"],"picked":"SubcavityFantasy:ReiMu+1","floor":30},{"not_picked":["PassingAway:ReiMu+1","Intuition:ReiMu+1"],"picked":"SealNeedle:ReiMu+1","floor":31}],"player_experience":338542,"relics_obtained":[{"floor":6.0,"key":"Oddly Smooth Stone"},{"floor":8.0,"key":"Centennial Puzzle"},{"floor":13.0,"key":"Pear"},{"floor":14.0,"key":"White Beast Statue"},{"floor":16.0,"key":"Gensokyo:OccultBall"},{"floor":23.0,"key":"Bottled Tornado"},{"floor":25.0,"key":"Dead Branch"},{"floor":26.0,"key":"Toxic Egg 2"},{"floor":30,"key":"Mastiff:ReiMu"},{"floor":31,"key":"Gensokyo:OccultBall"}],"event_choices":[],"is_beta":false,"boss_relics":[{"not_picked":["RedLine:ReiMu","Coffee Dripper"],"picked":"DonationBox:ReiMu"}],"items_purged_floors":[27],"is_endless":false,"potions_floor_spawned":[8,12,13,16,18,20,24,25,28,29,30,31],"killed_by":"Gensokyo:Eternal_Rivals","ascension_level":9}}