{"host":"r3d3rfw8zyydmocx","time":1609409001,"event":{"mods":["Aspiration","BaseMod","Better Third Choice","Colored Powertips","Conspire","Downfall","Hermit","Highlight Path","Hubris","Minty Spire (QoL Compilation)","StSLib","The Hierophant","The Servant 0.9.4"],"gold_per_floor":[99,99,99,99,115,127,154,154,180,105,105,105,105,138,151,255,255,255,270,288,56,86,86,86,86,86,86,86],"floor_reached":26,"playtime":1080,"items_purged":["Regret"],"score":294,"play_id":"1fe2b35a-a05b-46e3-ac8d-8c7e840b230d","local_time":"20201231020321","is_ascension_mode":true,"campfire_choices":[{"data":"Slimebound:Split","floor":1.0,"key":"SMITH"},{"data":"Slimebound:Replication","floor":10.0,"key":"SMITH"},{"data":"Slimebound:MegaLick","floor":13.0,"key":"SMITH"},{"data":"Slimebound:CheckThePlaybook","floor":18.0,"key":"SMITH"},{"data":"Slimebound:Recollect","floor":23,"key":"SMITH"},{"floor":25,"key":"REST"}],"circlet_count":0,"master_deck":["Slimebound:Strike_Slimebound+1","Slimebound:Strike_Slimebound","Slimebound:Tackle","Slimebound:Defend_Slimebound","Slimebound:Defend_Slimebound+1","Slimebound:Defend_Slimebound","Slimebound:Defend_Slimebound","Slimebound:Split+1","Slimebound:CorrosiveSpit","Slimebound:Gluttony+1","Slimebound:MegaLick+1","Slimebound:SplitMire","Slimebound:SamplingLick","Slimebound:Replication+1","Slimebound:AcidTongue","Slimebound:SplitSpecialist","Slimebound:Recollect+1","Slimebound:CheckThePlaybook+1","Slimebound:SamplingLick+1","Guardian:BronzeOrb","Slimebound:PressTheAttack","Slimebound:Replication+1"],"relics":["Slimebound:AbsorbEndCombat","downfall:HeartsMalice","HornCleat","downfall:HeartBlessingBlue","hubris:DisguiseKit","Smiling Mask","Black Star","Membership Card","Orichalcum","hubris:TenFootPole"],"acts_visited":["Exordium","TheCity"],"potions_floor_usage":[],"damage_taken":[{"damage":0.0,"enemies":"Cultist","floor":2.0,"turns":1.0},{"damage":0.0,"enemies":"Small Slimes","floor":3.0,"turns":1.0},{"damage":0.0,"enemies":"Jaw Worm","floor":4.0,"turns":1.0},{"damage":16.0,"enemies":"3 Louse","floor":5.0,"turns":4.0},{"damage":15.0,"enemies":"2 Fungi Beasts","floor":6.0,"turns":4.0},{"damage":43.0,"enemies":"Lagavulin","floor":9.0,"turns":7.0},{"damage":33.0,"enemies":"Gremlin Nob","floor":14.0,"turns":4.0},{"damage":21.0,"enemies":"Blue Slaver","floor":15.0,"turns":5.0},{"damage":56.0,"enemies":"downfall:Silent","floor":16.0,"turns":10.0},{"damage":39.0,"enemies":"Spheric Guardian","floor":19.0,"turns":4.0},{"damage":5.0,"enemies":"Shell Parasite","floor":20.0,"turns":2.0},{"damage":16.0,"enemies":"downfall:FleeingMerchant","floor":21.0,"turns":4.0},{"damage":50,"enemies":"conspire:MimicChest","floor":22,"turns":6},{"damage":58,"enemies":"Slavers","floor":26,"turns":3}],"seed_played":"-227898903680665854","potions_obtained":[{"floor":5.0,"key":"Weak Potion"},{"floor":15.0,"key":"sneckomod:MuddlingPotion"},{"floor":16.0,"key":"Weak Potion"},{"floor":19.0,"key":"FearPotion"}],"is_trial":false,"path_per_floor":["R","M","M","M","M","M","T","?","E","R","?","T","R","E","M","B",null,"R","M","M","$","?","R","T","R","E"],"character_chosen":"SLIMEBOUND","items_purchased":["Membership Card","Slimebound:PressTheAttack"],"campfire_rested":1,"item_purchase_floors":[21,21],"current_hp_per_floor":[54,54,54,54,54,57,57,57,38,48,48,48,48,33,34,16,57,57,32,35,37,23,23,23,44,0,0,0],"gold":86,"neow_bonus":"THREE_ENEMY_KILL","is_daily":false,"chose_seed":false,"campfire_upgraded":5,"win_rate":0.0,"timestamp":1609409001,"path_taken":["R","M","M","M","?","M","T","?","E","R","?","?","R","E","M","BOSS","R","M","M","$","?","R","T","R","E"],"items_purchased_type":["Relic","Card"],"build_version":"2020-12-22","purchased_purges":1,"victory":false,"max_hp_per_floor":[60,60,60,60,60,60,60,60,60,70,70,70,70,70,70,70,70,70,70,70,70,70,70,70,70,70,70,70],"card_choices":[{"not_picked":["Slimebound:SplitBruiser","Slimebound:DivideAndConquer"],"picked":"Slimebound:Gluttony","floor":2.0},{"not_picked":["Slimebound:LeechingTouch","Slimebound:ViciousTackle"],"picked":"Slimebound:MegaLick","floor":3.0},{"not_picked":["Slimebound:SplitSpecialist","Slimebound:Gluttony"],"picked":"Slimebound:SplitMire","floor":4.0},{"not_picked":["Slimebound:RollThrough","Slimebound:ViciousTackle"],"picked":"Slimebound:SamplingLick","floor":5.0},{"not_picked":["Slimebound:SlimeSpikes","Slimebound:Gluttony"],"picked":"Slimebound:Replication","floor":6.0},{"not_picked":["Slimebound:LeechingTouch","Slimebound:Schlurp"],"picked":"Slimebound:AcidTongue","floor":9.0},{"not_picked":["Slimebound:Gluttony","Slimebound:DivideAndConquer","Guardian:MultiBeam"],"picked":"Slimebound:SplitSpecialist","floor":14.0},{"not_picked":["Slimebound:FirmFortitude","Slimebound:DisruptingSlam","Guardian:PrismaticBarrier"],"picked":"Slimebound:Recollect","floor":15.0},{"not_picked":["Slimebound:MinionMaster","Slimebound:WasteNot","Guardian:BaubleBeam"],"picked":"Slimebound:CheckThePlaybook","floor":16.0},{"not_picked":["Slimebound:SplitBruiser","Slimebound:ItLooksTasty","Guardian:CrystalBeam"],"picked":"Slimebound:SamplingLick+1","floor":19.0},{"not_picked":["Slimebound:DivideAndConquer","Slimebound:SlimeSpikes","Slimebound:TongueLash","Guardian:GuardianWhirl"],"picked":"SKIP","floor":20.0},{"not_picked":["Slimebound:RollThrough","Slimebound:SlimeSpikes+1","Slimebound:SplitMire"],"picked":"Guardian:BronzeOrb","floor":21.0},{"not_picked":["Slimebound:GrowthPunch","Slimebound:LeechingTouch+1","Guardian:EvasiveProtocol"],"picked":"Slimebound:Replication+1","floor":22}],"player_experience":557298,"relics_obtained":[{"floor":9.0,"key":"HornCleat"},{"floor":12.0,"key":"hubris:DisguiseKit"},{"floor":14.0,"key":"Smiling Mask"},{"floor":22,"key":"Orichalcum"},{"floor":24,"key":"hubris:TenFootPole"}],"event_choices":[],"is_beta":false,"boss_relics":[{"not_picked":["Cursed Key","Philosopher\u0027s Stone"],"picked":"Black Star"}],"items_purged_floors":[21],"is_endless":false,"potions_floor_spawned":[5,15,16,19],"killed_by":"Slavers","ascension_level":8}}