{"host":"6pfj0wha12yu6wq3","time":1609379038,"event":{"mods":["AchievementEnabler","BaseMod","Colored Map","Colored Powertips","Curses Come First","DeckTracker","Minty Spire (QoL Compilation)","RNG Fix","Relic Sorter","Relic Stats","StSLib","UnlockEverythingMod","ojb\u0027s Better Paths Mod","ojb\u0027s Info Mod"],"gold_per_floor":[320,395,154,154,175,214,214,253,331,346,346,2,22,38,38,131,131,155,178,178,178,178],"floor_reached":21,"playtime":1635,"items_purged":[],"score":378,"play_id":"f6837815-e39c-4556-a602-f64874d3a83e","local_time":"20201230204358","is_ascension_mode":true,"campfire_choices":[{"floor":7.0,"key":"REST"},{"floor":11.0,"key":"REST"},{"data":"Noxious Fumes","floor":15.0,"key":"SMITH"}],"circlet_count":0,"master_deck":["AscendersBane","Strike_G","Strike_G","Strike_G","Strike_G","Strike_G","Defend_G","Defend_G","Defend_G","Defend_G","Defend_G","Survivor","Neutralize","Noxious Fumes+1","All Out Attack","Blade Dance","Blade Dance","Dash","Caltrops+1","Blur","Night Terror"],"relics":["Ring of the Snake","Old Coin","Bronze Scales","Bloody Idol","Lantern","Oddly Smooth Stone","White Beast Statue","Frozen Egg 2","SlaversCollar"],"acts_visited":["Exordium","TheCity"],"potions_floor_usage":[],"damage_taken":[{"damage":0.0,"enemies":"Small Slimes","floor":1.0,"turns":5.0},{"damage":1.0,"enemies":"Jaw Worm","floor":5.0,"turns":4.0},{"damage":46.0,"enemies":"Lagavulin","floor":6.0,"turns":8.0},{"damage":11.0,"enemies":"Gremlin Nob","floor":8.0,"turns":3.0},{"damage":0.0,"enemies":"Cultist","floor":10.0,"turns":3.0},{"damage":0.0,"enemies":"2 Fungi Beasts","floor":13.0,"turns":2.0},{"damage":0.0,"enemies":"Exordium Wildlife","floor":14.0,"turns":2.0},{"damage":21.0,"enemies":"Hexaghost","floor":16.0,"turns":8.0},{"damage":12.0,"enemies":"Shell Parasite","floor":18.0,"turns":6.0},{"damage":1.0,"enemies":"2 Thieves","floor":19.0,"turns":4.0},{"damage":35,"enemies":"Sentry and Sphere","floor":21,"turns":7}],"seed_played":"7890196393320413558","potions_obtained":[{"floor":5.0,"key":"GamblersBrew"},{"floor":6.0,"key":"PowerPotion"},{"floor":10.0,"key":"SneckoOil"},{"floor":13.0,"key":"LiquidMemories"},{"floor":14.0,"key":"DistilledChaos"},{"floor":16.0,"key":"Ancient Potion"},{"floor":18.0,"key":"FearPotion"},{"floor":19.0,"key":"Strength Potion"}],"is_trial":false,"path_per_floor":["M","?","$","?","M","E","R","E","T","M","R","$","M","M","R","B",null,"M","M","?","M"],"character_chosen":"THE_SILENT","items_purchased":["Bronze Scales","All Out Attack","Frozen Egg 2","Caltrops+1"],"campfire_rested":2,"item_purchase_floors":[3,3,12,12],"current_hp_per_floor":[59,48,48,48,47,1,19,8,8,8,26,26,26,26,26,5,46,34,33,33,0,0],"gold":178,"neow_bonus":"ONE_RARE_RELIC","is_daily":false,"chose_seed":false,"campfire_upgraded":1,"win_rate":0.0,"timestamp":1609379038,"path_taken":["M","?","$","?","M","E","R","E","T","M","R","$","M","M","R","BOSS","M","M","?","M"],"items_purchased_type":["Relic","Card","Relic","Card"],"build_version":"2020-12-22","purchased_purges":0,"victory":false,"max_hp_per_floor":[66,66,66,60,60,60,60,60,60,60,60,60,60,60,60,60,60,60,60,60,60,60],"relic_stats":{"counters":[11,52],"Bronze Scales":[111],"Bloody Idol":0,"obtain_stats":[{"SlaversCollar":17,"Lantern":6,"Golden Idol":4,"Bronze Scales":3,"Bloody Idol":20,"Oddly Smooth Stone":8,"Frozen Egg 2":12,"White Beast Statue":9,"Ring of the Snake":0,"Old Coin":0},{"SlaversCollar":8,"Lantern":3,"Golden Idol":1,"Bronze Scales":1,"Bloody Idol":10,"Oddly Smooth Stone":4,"Frozen Egg 2":5,"White Beast Statue":4,"Ring of the Snake":0,"Old Coin":0},{"SlaversCollar":35,"Lantern":17,"Golden Idol":5,"Bronze Scales":5,"Bloody Idol":45,"Oddly Smooth Stone":20,"Frozen Egg 2":23,"White Beast Statue":20,"Ring of the Snake":0,"Old Coin":0}],"Ring of the Snake":[22]},"card_choices":[{"not_picked":["Skewer","Cloak And Dagger"],"picked":"Noxious Fumes","floor":1.0},{"not_picked":["Acrobatics","Blur","Backflip"],"picked":"SKIP","floor":5.0},{"not_picked":["Sucker Punch","Caltrops"],"picked":"Blade Dance","floor":6.0},{"not_picked":["Endless Agony","Deflect"],"picked":"Blade Dance","floor":8.0},{"not_picked":["Backflip","Slice"],"picked":"Dash","floor":10.0},{"not_picked":["Acrobatics","Prepared"],"picked":"Blur","floor":13.0},{"not_picked":["Deadly Poison","Dagger Spray","All Out Attack"],"picked":"SKIP","floor":14.0},{"not_picked":["Envenom+1","Doppelganger"],"picked":"Night Terror","floor":16.0},{"not_picked":["Prepared","All Out Attack","Finisher"],"picked":"SKIP","floor":18.0},{"not_picked":["Cloak And Dagger","Dagger Throw","Setup"],"picked":"SKIP","floor":19.0}],"player_experience":15623,"relics_obtained":[{"floor":6.0,"key":"Lantern"},{"floor":8.0,"key":"Oddly Smooth Stone"},{"floor":9.0,"key":"White Beast Statue"}],"event_choices":[{"damage_healed":0.0,"max_hp_gain":0.0,"max_hp_loss":0.0,"gold_gain":75.0,"event_name":"World of Goop","player_choice":"Gather Gold","floor":2.0,"gold_loss":0.0,"damage_taken":11.0},{"damage_healed":0.0,"max_hp_gain":0.0,"max_hp_loss":6.0,"gold_gain":0.0,"event_name":"Golden Idol","player_choice":"Lose Max HP","floor":4.0,"gold_loss":0.0,"damage_taken":0.0,"relics_obtained":["Golden Idol"]},{"damage_healed":0.0,"max_hp_gain":0.0,"max_hp_loss":0.0,"gold_gain":0.0,"event_name":"Forgotten Altar","player_choice":"Gave Idol","floor":20.0,"relics_lost":["Golden Idol"],"gold_loss":0.0,"damage_taken":0.0,"relics_obtained":["Bloody Idol"]}],"is_beta":false,"boss_relics":[{"not_picked":["Astrolabe","Ring of the Serpent"],"picked":"SlaversCollar"}],"items_purged_floors":[],"is_endless":false,"potions_floor_spawned":[5,6,10,13,14,16,18,19],"killed_by":"Sentry and Sphere","ascension_level":20}}