{"host":"w3q5ijqu8eoknil3","time":1609373568,"event":{"mods":["AchievementEnabler","BaseMod","Block Reminder","Colored Powertips","Minty Spire (QoL Compilation)","Quick Restart","Relic Stats","ojb\u0027s Better Paths Mod","ojb\u0027s Info Mod","slay the spire mod where everything is the same but ironclad has a cowboy hat"],"gold_per_floor":[114,129,148,158,174,174,208,220,220,230,230,230,262,282,282,282,282],"floor_reached":16,"playtime":601,"items_purged":[],"score":247,"play_id":"292e5e20-4290-4a98-8502-a381f47cd470","local_time":"20201231001248","is_ascension_mode":true,"campfire_choices":[{"data":"Doppelganger","floor":6,"key":"SMITH"},{"data":"All Out Attack","floor":12,"key":"SMITH"},{"data":"Calculated Gamble","floor":15,"key":"SMITH"}],"circlet_count":0,"master_deck":["AscendersBane","Survivor","Neutralize","Cloak And Dagger","Glass Knife","Flechettes","Backstab","Blade Dance","PiercingWail","Masterful Stab","Concentrate","Quick Slash","Flying Knee","All Out Attack+1","Blade Dance","Dodge and Roll","Slice","Doppelganger+1","Heel Hook","Sucker Punch","Backstab","Calculated Gamble+1","PiercingWail"],"relics":["Pandora\u0027s Box","Lantern","Toy Ornithopter","Bird Faced Urn"],"acts_visited":["Exordium"],"potions_floor_usage":[13,13,16,16],"damage_taken":[{"damage":0,"enemies":"Cultist","floor":1,"turns":2},{"damage":0,"enemies":"Jaw Worm","floor":2,"turns":1},{"damage":0,"enemies":"Small Slimes","floor":3,"turns":2},{"damage":0,"enemies":"2 Fungi Beasts","floor":4,"turns":2},{"damage":7,"enemies":"Blue Slaver","floor":5,"turns":2},{"damage":0,"enemies":"Gremlin Nob","floor":7,"turns":2},{"damage":8,"enemies":"Exordium Wildlife","floor":8,"turns":3},{"damage":2,"enemies":"Gremlin Gang","floor":10,"turns":3},{"damage":1,"enemies":"3 Sentries","floor":13,"turns":2},{"damage":14,"enemies":"Exordium Thugs","floor":14,"turns":3},{"damage":47,"enemies":"The Guardian","floor":16,"turns":11}],"seed_played":"-7453218805568950905","potions_obtained":[{"floor":1,"key":"LiquidBronze"},{"floor":4,"key":"GhostInAJar"},{"floor":11,"key":"Fire Potion"},{"floor":13,"key":"Strength Potion"},{"floor":14,"key":"FearPotion"}],"is_trial":false,"path_per_floor":["M","M","M","M","M","R","E","M","T","M","?","R","E","M","R","B"],"character_chosen":"THE_SILENT","items_purchased":[],"campfire_rested":0,"item_purchase_floors":[],"current_hp_per_floor":[59,59,59,59,52,52,52,44,44,42,42,42,51,37,37,0,0],"gold":282,"neow_bonus":"BOSS_RELIC","is_daily":false,"chose_seed":false,"campfire_upgraded":3,"win_rate":0.0,"timestamp":1609373568,"path_taken":["M","?","M","M","?","R","E","M","T","M","?","R","E","?","R","BOSS"],"items_purchased_type":[],"build_version":"2020-12-22","purchased_purges":0,"victory":false,"max_hp_per_floor":[66,66,66,66,66,66,66,66,66,66,66,66,66,66,66,66,66],"relic_stats":{"counters":[11,33],"Bird Faced Urn":[0],"Pandora\u0027s Box":["Cloak And Dagger","Glass Knife","Flechettes","Backstab","Blade Dance","PiercingWail","Masterful Stab","Concentrate","Quick Slash","Flying Knee"],"obtain_stats":[{"Lantern":7,"Bird Faced Urn":13,"Pandora\u0027s Box":0,"Toy Ornithopter":9,"Ring of the Snake":0},{"Lantern":6,"Bird Faced Urn":9,"Pandora\u0027s Box":0,"Toy Ornithopter":7,"Ring of the Snake":0},{"Lantern":11,"Bird Faced Urn":19,"Pandora\u0027s Box":0,"Toy Ornithopter":14,"Ring of the Snake":0}],"Toy Ornithopter":20},"card_choices":[{"not_picked":["Terror","Skewer"],"picked":"All Out Attack","floor":1},{"not_picked":["Dagger Throw","Quick Slash"],"picked":"Blade Dance","floor":2},{"not_picked":["Riddle With Holes","Outmaneuver"],"picked":"Dodge and Roll","floor":3},{"not_picked":["Tactician","Outmaneuver"],"picked":"Slice","floor":4},{"not_picked":["Flying Knee","Crippling Poison"],"picked":"Doppelganger","floor":5},{"not_picked":["Prepared","PiercingWail"],"picked":"Heel Hook","floor":7},{"not_picked":["Tactician","All Out Attack"],"picked":"Sucker Punch","floor":8},{"not_picked":["Predator","Sucker Punch"],"picked":"Backstab","floor":10},{"not_picked":["Doppelganger","Riddle With Holes"],"picked":"Calculated Gamble","floor":13},{"not_picked":["Blade Dance","Sucker Punch"],"picked":"PiercingWail","floor":14}],"player_experience":964600,"relics_obtained":[{"floor":7,"key":"Lantern"},{"floor":9,"key":"Toy Ornithopter"},{"floor":13,"key":"Bird Faced Urn"}],"event_choices":[{"damage_healed":0,"gold_gain":0,"player_choice":"Got Potions","damage_taken":0,"max_hp_gain":0,"max_hp_loss":0,"event_name":"Lab","floor":11,"gold_loss":0}],"is_beta":false,"boss_relics":[],"items_purged_floors":[],"is_endless":false,"potions_floor_spawned":[1,4,13,14],"killed_by":"The Guardian","ascension_level":15}}