{"host":"2se5dq1do2gp0x9k","time":1609444251,"event":{"mods":["BaseMod","Block Reminder","Colored Map","Colored Powertips","Minty Spire (QoL Compilation)","Relic Stats","StSLib","SuperFastMode","Synergy Search"],"gold_per_floor":[116,4,4,16,26,26,58,58,81,114,114,189,189,220,220,220,220],"floor_reached":16,"playtime":579,"items_purged":["Strike_B"],"score":232,"play_id":"66582dd6-f2f5-4d3a-9b9a-be735247cbce","local_time":"20201231115051","is_ascension_mode":true,"campfire_choices":[{"data":"Hologram","floor":6.0,"key":"SMITH"},{"data":"Scrape","floor":8.0,"key":"SMITH"},{"data":"Zap","floor":13,"key":"SMITH"},{"data":"Loop","floor":15,"key":"SMITH"}],"circlet_count":0,"master_deck":["AscendersBane","Strike_B","Strike_B","Strike_B","Defend_B","Defend_B","Defend_B","Defend_B","Zap+1","Dualcast","Gash","Melter","Gash","Undo","Hologram+1","Scrape+1","Chill","Loop+1"],"relics":["Cracked Core","NeowsBlessing","Potion Belt","Happy Flower","Boot","Meat on the Bone","Orichalcum"],"acts_visited":["Exordium"],"potions_floor_usage":[],"damage_taken":[{"damage":0.0,"enemies":"Small Slimes","floor":1.0,"turns":1.0},{"damage":0.0,"enemies":"Cultist","floor":4.0,"turns":1.0},{"damage":0.0,"enemies":"2 Louse","floor":5.0,"turns":1.0},{"damage":14.0,"enemies":"3 Sentries","floor":7.0,"turns":7.0},{"damage":12,"enemies":"Lagavulin","floor":10,"turns":5},{"damage":9,"enemies":"Gremlin Nob","floor":14,"turns":3},{"damage":31,"enemies":"Slime Boss","floor":16,"turns":9}],"seed_played":"-7298187890937106167","potions_obtained":[{"floor":4.0,"key":"BlessingOfTheForge"}],"is_trial":false,"path_per_floor":["M","$","?","M","M","R","E","R","T","E","T","?","R","E","R","B"],"character_chosen":"DEFECT","items_purchased":["Melter"],"campfire_rested":0,"item_purchase_floors":[2],"current_hp_per_floor":[64,64,64,64,64,64,50,50,50,38,38,27,27,30,30,0,0],"gold":220,"neow_bonus":"THREE_ENEMY_KILL","is_daily":false,"chose_seed":false,"campfire_upgraded":4,"win_rate":0.0,"timestamp":1609444251,"path_taken":["M","$","?","?","M","R","E","R","T","E","?","?","R","E","R","BOSS"],"items_purchased_type":["Card"],"build_version":"2020-12-22","purchased_purges":1,"victory":false,"max_hp_per_floor":[71,71,71,71,71,71,71,71,71,71,71,71,71,71,71,71,71],"relic_stats":{"Happy Flower":[5],"counters":[7,27],"Orichalcum":[18],"Boot":[7],"obtain_stats":[{"Potion Belt":7,"NeowsBlessing":0,"Happy Flower":9,"Orichalcum":14,"Cracked Core":0,"Boot":10,"Meat on the Bone":11},{"Potion Belt":4,"NeowsBlessing":0,"Happy Flower":4,"Orichalcum":6,"Cracked Core":0,"Boot":5,"Meat on the Bone":5},{"Potion Belt":10,"NeowsBlessing":0,"Happy Flower":10,"Orichalcum":18,"Cracked Core":0,"Boot":15,"Meat on the Bone":15}],"Meat on the Bone":12},"card_choices":[{"not_picked":["Stack","Auto Shields"],"picked":"Gash","floor":1.0},{"not_picked":["Skim","Conserve Battery"],"picked":"Undo","floor":4.0},{"not_picked":["Conserve Battery","Leap"],"picked":"Hologram","floor":5.0},{"not_picked":["FTL","Genetic Algorithm"],"picked":"Scrape","floor":7.0},{"not_picked":["Chaos","Go for the Eyes"],"picked":"Chill","floor":10},{"not_picked":["Rip and Tear","Turbo"],"picked":"Loop","floor":14}],"player_experience":3663058,"relics_obtained":[{"floor":7.0,"key":"Potion Belt"},{"floor":9.0,"key":"Happy Flower"},{"floor":10,"key":"Boot"},{"floor":11,"key":"Meat on the Bone"},{"floor":14,"key":"Orichalcum"}],"event_choices":[{"damage_healed":0.0,"max_hp_gain":0.0,"max_hp_loss":0.0,"gold_gain":0.0,"event_name":"Match and Keep!","player_choice":"1 cards matched","floor":3.0,"gold_loss":0.0,"damage_taken":0.0,"cards_obtained":["Gash"]},{"damage_healed":0,"gold_gain":75,"player_choice":"Gather Gold","damage_taken":11,"max_hp_gain":0,"max_hp_loss":0,"event_name":"World of Goop","floor":12,"gold_loss":0}],"is_beta":false,"boss_relics":[],"items_purged_floors":[2],"is_endless":false,"potions_floor_spawned":[4],"killed_by":"Slime Boss","ascension_level":20}}