{"host":"bf9sa99gaumonoeu","time":1609374181,"event":{"mods":["AchievementEnabler","BaseMod","Colored Map","Downfall","Friendly Minions","Marisa????????","Minty Spire (QoL Compilation)","Replay The Spire","StSLib","The Cursed","The Disciple","The Servant 0.9.4"],"gold_per_floor":[99,110,110,130,150,225,252,282,300,327,339,370,370,370,383,383,383],"floor_reached":16,"playtime":1166,"items_purged":[],"score":104,"play_id":"d100b313-da98-4f7b-9c35-0ac438d60b06","local_time":"20201230222301","is_ascension_mode":false,"campfire_choices":[],"circlet_count":0,"master_deck":["sneckomod:Strike+1","sneckomod:Strike","sneckomod:Strike","sneckomod:Defend","sneckomod:Defend","sneckomod:Defend","sneckomod:TailWhip","sneckomod:SnekBite+1","sneckomod:Unknown","sneckomod:Unknown","sneckomod:SerpentIdol","sneckomod:DefensiveFlair","sneckomod:UnknownVulnerable+1","ReplayTheSpireMod:Splinters","sneckomod:QuickBite","sneckomod:UnknownClassGREEN","sneckomod:UnknownClassMARISA_COLOR","sneckomod:SoulRoll","hexamod:FourthSeal","sneckomod:UnknownStrike","Regret","sneckomod:TrashToTreasure"],"relics":["sneckomod:SneckoSoul","downfall:TeleportStone","Tiny Chest","Nunchaku","Replay:Accelerometer","PreservedInsect"],"acts_visited":["Exordium"],"potions_floor_usage":[10,10],"damage_taken":[{"damage":1.0,"enemies":"Cultist","floor":2.0,"turns":3.0},{"damage":0.0,"enemies":"Small Slimes","floor":4.0,"turns":2.0},{"damage":2.0,"enemies":"Jaw Worm","floor":5.0,"turns":3.0},{"damage":16.0,"enemies":"Exordium Wildlife","floor":9.0,"turns":4.0},{"damage":15,"enemies":"3 Sentries","floor":10,"turns":5},{"damage":4,"enemies":"2 Fungi Beasts","floor":11,"turns":2},{"damage":12,"enemies":"Large Slime","floor":12,"turns":6},{"damage":20,"enemies":"Blue Slaver","floor":15,"turns":3},{"damage":31,"enemies":"downfall:Defect","floor":16,"turns":5}],"seed_played":"6926661615534861665","potions_obtained":[{"floor":2.0,"key":"Slimebound:ThreeZeroPotion"},{"floor":5.0,"key":"SteroidPotion"},{"floor":6.0,"key":"SneckoOil"},{"floor":6.0,"key":"BlessingOfTheForge"},{"floor":9.0,"key":"FearPotion"},{"floor":11,"key":"sneckomod:MuddlingPotion"}],"is_trial":false,"path_per_floor":["R_BF","M","?","M","M","?","T","?","M","E","M","M","?","T","M","B"],"character_chosen":"THE_SNECKO","items_purchased":[],"campfire_rested":0,"item_purchase_floors":[],"current_hp_per_floor":[99,98,91,91,90,90,90,90,75,61,57,46,46,46,26,0,0],"gold":383,"neow_bonus":"TEN_PERCENT_HP_BONUS","is_daily":false,"chose_seed":false,"campfire_upgraded":0,"win_rate":0.0,"timestamp":1609374181,"path_taken":["R_BF","M","?","M","M","?","T","?","M","E","M","M","?","?","M","BOSS"],"items_purchased_type":[],"build_version":"2020-12-22","purchased_purges":0,"victory":false,"max_hp_per_floor":[99,99,99,99,100,100,100,100,101,102,102,103,103,103,103,103,103],"card_choices":[{"not_picked":["sneckomod:UnknownClassSILVER","sneckomod:UnknownBlock"],"picked":"sneckomod:SerpentIdol","floor":2.0},{"not_picked":["sneckomod:UnknownWeak","sneckomod:UnknownX"],"picked":"sneckomod:DefensiveFlair","floor":4.0},{"not_picked":["sneckomod:UnknownCommonSkill","sneckomod:SnekBeam"],"picked":"sneckomod:UnknownVulnerable","floor":5.0},{"not_picked":["sneckomod:UnknownClassBLUE","sneckomod:SoulDraw"],"picked":"sneckomod:QuickBite","floor":6.0},{"not_picked":["sneckomod:UnknownCommonAttack","sneckomod:UnknownUncommonAttack"],"picked":"sneckomod:UnknownClassGREEN","floor":9.0},{"not_picked":["sneckomod:MasterEye","sneckomod:Unknown0Cost"],"picked":"sneckomod:UnknownClassMARISA_COLOR","floor":10},{"not_picked":["sneckomod:UnknownStrike","sneckomod:DiceBlock"],"picked":"sneckomod:SoulRoll","floor":11},{"not_picked":["hexamod:SixthSeal","hexamod:ThirdSeal"],"picked":"hexamod:FourthSeal","floor":12},{"not_picked":["sneckomod:DiceBlock","sneckomod:DiceCrush"],"picked":"sneckomod:UnknownStrike","floor":12},{"not_picked":["sneckomod:Nope","sneckomod:UnknownWeak"],"picked":"sneckomod:TrashToTreasure","floor":15}],"player_experience":609754,"relics_obtained":[{"floor":7.0,"key":"Nunchaku"},{"floor":10,"key":"Replay:Accelerometer"},{"floor":14,"key":"PreservedInsect"}],"event_choices":[{"damage_healed":0.0,"max_hp_gain":0.0,"max_hp_loss":0.0,"gold_gain":0.0,"event_name":"Scrap Ooze","player_choice":"Success","floor":3.0,"gold_loss":0.0,"damage_taken":7.0,"relics_obtained":["Tiny Chest"]}],"is_beta":false,"boss_relics":[],"items_purged_floors":[],"is_endless":false,"potions_floor_spawned":[2,5,9,11],"killed_by":"downfall:Defect","ascension_level":0}}