{"host":"le69utka9ynaq64d","time":1609454806,"event":{"mods":["AchievementEnabler","Aspiration","BaseMod","Block Reminder","Conspire","Energized Spire","GifTheSpireLib","Halation","Hubris","Minty Spire (QoL Compilation)","Permanent Neow","Quick Restart","Replay The Spire","RiskOfSpire","StSLib","Stuff the Spire","The Forsaken","Trackpad","Uncapped","vexMod"],"gold_per_floor":[115,115,290,290,13,13,13,13,13,41,60,60,60,78,78,179,179,163,183,108,158,427,427,427,427,452,463,463,476,476,476,476,580,580,571,292,292,2,15,15,34,34,83,83,83,314,15,50,50,50],"floor_reached":51,"playtime":8117,"items_purged":["Doubt","Amplify","Strike_B+1"],"score":814,"play_id":"2bfcb430-a6b4-4580-8177-3f0dab78b066","local_time":"20201231174646","daily_mods":["Specialized"],"is_ascension_mode":false,"campfire_choices":[{"floor":6.0,"key":"REST"},{"floor":8.0,"key":"REST"},{"data":"Defragment","floor":13.0,"key":"SMITH"},{"floor":15.0,"key":"REST"},{"floor":24,"key":"REST"},{"data":"Reinforced Body","floor":32,"key":"SMITH"},{"data":"StuffTheSpire:Plugnplay","floor":40,"key":"SMITH"},{"data":"ReplayRNGCard","floor":42,"key":"SMITH"},{"data":"StuffTheSpire:Synthwave","floor":44,"key":"SMITH"}],"circlet_count":0,"master_deck":["Strike_B+1","Strike_B+1","Strike_B+1","Defend_B+1","Defend_B+1","Defend_B+1","Defend_B+1","Zap","Dualcast","StuffTheSpire:Synthwave+1","StuffTheSpire:Synthwave","StuffTheSpire:Synthwave+1","StuffTheSpire:Synthwave","StuffTheSpire:Synthwave","Ball Lightning","Defragment+1","Reinforced Body+1","Capacitor+1","Leap","StuffTheSpire:Synthwave","Electrodynamics","FIFO Queue","Sunder","StuffTheSpire:Plugnplay+1","Mayhem","ReplayRNGCard+1","StuffTheSpire:ShieldGenerator"],"relics":["Cracked Core","hubris:FruitBowl","Matryoshka","Replay:Rubber Ducky","Carrot","conspire:BottledYoYo","trackpad:AdjectivePendant","Replay:Bronze Core","riskOfSpire:PaulsHoof","halation:EternalFortune","trackpad:SappingStone","Bag of Marbles","Bronze Scales","riskOfSpire:ShieldGenerator","hubris:HollowSoul","riskOfSpire:HappiestMask","BargainBundle","Potion Belt","riskOfSpire:TougherTimes","Torii","Question Card"],"acts_visited":["Exordium","TheCity","TheBeyond"],"potions_floor_usage":[28,28,33,50],"damage_taken":[{"damage":6.0,"enemies":"Jaw Worm","floor":1.0,"turns":4.0},{"damage":0.0,"enemies":"Gremlin Nob","floor":10.0,"turns":3.0},{"damage":0.0,"enemies":"Cultist","floor":11.0,"turns":3.0},{"damage":0.0,"enemies":"Small Slimes","floor":14.0,"turns":3.0},{"damage":9.0,"enemies":"Hexaghost","floor":16.0,"turns":7.0},{"damage":0.0,"enemies":"Shell Parasite","floor":18.0,"turns":5.0},{"damage":0.0,"enemies":"Spheric Guardian","floor":19.0,"turns":5.0},{"damage":0,"enemies":"3 Cultists","floor":22,"turns":5},{"damage":0,"enemies":"Snecko","floor":27,"turns":6},{"damage":16,"enemies":"Slavers","floor":28,"turns":5},{"damage":6,"enemies":"Centurion and Healer","floor":29,"turns":5},{"damage":15,"enemies":"hubris:MusketHawk","floor":33,"turns":6},{"damage":0,"enemies":"3 Shapes","floor":35,"turns":3},{"damage":0,"enemies":"3 Darklings","floor":39,"turns":6},{"damage":0,"enemies":"Maw","floor":41,"turns":6},{"damage":0,"enemies":"Writhing Mass","floor":46,"turns":4},{"damage":0,"enemies":"Giant Head","floor":48,"turns":7},{"damage":54,"enemies":"conspire:OrnateMirror","floor":50,"turns":7}],"seed_played":"-3809621963476259188","potions_obtained":[{"floor":1.0,"key":"Fruit Juice"},{"floor":11.0,"key":"PotionOfCapacity"},{"floor":14.0,"key":"SkillPotion"},{"floor":19.0,"key":"Energy Potion"},{"floor":28,"key":"Ancient Potion"},{"floor":29,"key":"FocusPotion"},{"floor":35,"key":"SpeedPotion"},{"floor":48,"key":"Venom Potion"}],"is_trial":true,"path_per_floor":["M","$","?","?","$","R","?","R","T","E","M","$","R","M","R","B",null,"M","M","$","?","M","?","R","?","T","M","E","M","?","?","R","B",null,"M","$","?","$","M","R","M","R","T","R","?","M","$","E","R","B",null],"character_chosen":"DEFECT","items_purchased":["hubris:FruitBowl","Matryoshka","Replay:Rubber Ducky","Ball Lightning","Defragment","FIFO Queue","FairyPotion","BargainBundle","Sunder","StuffTheSpire:Plugnplay","Mayhem","Block Potion","Torii"],"campfire_rested":4,"item_purchase_floors":[2,2,5,5,5,36,36,38,38,38,38,38,47],"current_hp_per_floor":[74,39,39,23,23,47,35,59,59,59,59,59,59,59,80,71,80,80,80,80,80,38,42,67,67,67,67,51,49,49,88,88,73,88,88,88,88,88,88,88,88,88,88,88,88,46,46,46,72,18],"gold":50,"neow_bonus":"","is_daily":false,"chose_seed":false,"campfire_upgraded":5,"win_rate":0.0,"timestamp":1609454806,"path_taken":["M","?","?","?","$","R","?","R","T","E","M","?","R","M","R","BOSS","M","M","$","?","M","?","R","?","T","?","E","M","?","?","R","BOSS","M","$","?","?","?","R","M","R","T","R","?","M","$","E","R","BOSS"],"items_purchased_type":["Relic","Relic","Relic","Card","Card","Card","Potion","Relic","Card","Card","Card","Potion","Relic"],"build_version":"2020-12-22","purchased_purges":3,"victory":true,"max_hp_per_floor":[80,80,80,80,80,80,80,80,80,80,80,80,80,80,80,80,80,80,80,80,80,80,84,84,84,84,84,84,88,88,88,88,88,88,88,88,88,88,88,88,88,88,88,88,88,88,88,88,88,88],"card_choices":[{"not_picked":["Double Energy","Compile Driver","Beam Cell"],"picked":"SKIP","floor":1.0},{"not_picked":["hubris:SpecializedCircuitry","All For One","Tempest"],"picked":"SKIP","floor":10.0},{"not_picked":["Panic Button","ReplaySort"],"picked":"Reinforced Body","floor":11.0},{"not_picked":["ReplayGash","Glacier"],"picked":"StuffTheSpire:CleanHardDrive","floor":14.0},{"not_picked":["hubris:SpecializedCircuitry","Rainbow"],"picked":"Amplify","floor":16.0},{"not_picked":["Streamline+1","StuffTheSpire:LoadUp"],"picked":"Capacitor+1","floor":19.0},{"not_picked":["Mirror Shield","Coolheaded"],"picked":"Leap","floor":22},{"not_picked":["Streamline","Rip and Tear","BasicCrystalCard+1"],"picked":"SKIP","floor":27},{"not_picked":["ReplayGash","Undo+1"],"picked":"StuffTheSpire:Synthwave","floor":29},{"not_picked":["Core Surge","Machine Learning"],"picked":"Electrodynamics","floor":33},{"not_picked":["Auto Shields","Hologram+1","Panic Button"],"picked":"SKIP","floor":35},{"not_picked":["Crystallizer","ReplayTheSpireMod:Repulse+1","ReplayGash"],"picked":"SKIP","floor":39},{"not_picked":["Sweeping Beam","StuffTheSpire:Plugnplay+1"],"picked":"ReplayRNGCard","floor":41},{"not_picked":["Panic Button","StuffTheSpire:Coldhearted+1"],"picked":"StuffTheSpire:ShieldGenerator","floor":48}],"player_experience":376332,"relics_obtained":[{"floor":9.0,"key":"riskOfSpire:ForeignFruit"},{"floor":9.0,"key":"conspire:BottledYoYo"},{"floor":10.0,"key":"trackpad:AdjectivePendant"},{"floor":18.0,"key":"riskOfSpire:PaulsHoof"},{"floor":26,"key":"trackpad:SappingStone"},{"floor":26,"key":"Bag of Marbles"},{"floor":28,"key":"Bronze Scales"},{"floor":28,"key":"riskOfSpire:ShieldGenerator"},{"floor":29,"key":"halation:EternalFortune"},{"floor":43,"key":"Potion Belt"},{"floor":46,"key":"riskOfSpire:TougherTimes"},{"floor":48,"key":"Question Card"}],"event_choices":[{"damage_healed":0.0,"max_hp_gain":0.0,"max_hp_loss":0.0,"gold_gain":175.0,"event_name":"Liars Game","player_choice":"AGREE","floor":3.0,"gold_loss":0.0,"damage_taken":0.0,"cards_obtained":["Doubt"]},{"damage_healed":0.0,"max_hp_gain":0.0,"max_hp_loss":0.0,"gold_gain":0.0,"event_name":"Shining Light","player_choice":"Entered Light","floor":4.0,"gold_loss":0.0,"damage_taken":16.0,"cards_upgraded":["Defend_B","Defend_B"]},{"damage_healed":0.0,"max_hp_gain":0.0,"max_hp_loss":0.0,"gold_gain":0.0,"event_name":"Scrap Ooze","player_choice":"Success","floor":7.0,"gold_loss":0.0,"damage_taken":12.0,"relics_obtained":["Carrot"]},{"damage_healed":0.0,"max_hp_gain":0.0,"max_hp_loss":0.0,"gold_gain":100.0,"event_name":"The Joust","player_choice":"Bet on Murderer","floor":21.0,"gold_loss":50.0,"damage_taken":0.0},{"damage_healed":0,"gold_gain":0,"player_choice":"Simplicity","damage_taken":0,"max_hp_gain":0,"max_hp_loss":0,"event_name":"Back to Basics","floor":25,"gold_loss":0,"cards_upgraded":["Strike_B","Strike_B","Strike_B","Strike_B","Defend_B","Defend_B"]},{"cards_removed":["StuffTheSpire:CleanHardDrive"],"damage_healed":39,"gold_gain":0,"player_choice":"Offered Uncommon","damage_taken":0,"max_hp_gain":0,"max_hp_loss":0,"event_name":"Bonfire Elementals","floor":31,"gold_loss":0},{"damage_healed":0,"gold_gain":0,"player_choice":"Bought 0 Potions","damage_taken":0,"max_hp_gain":0,"max_hp_loss":0,"event_name":"The Woman in Blue","floor":37,"gold_loss":0},{"damage_healed":0,"gold_gain":0,"player_choice":"Ignored","damage_taken":0,"max_hp_gain":0,"max_hp_loss":0,"event_name":"Transmorgrifier","floor":45,"gold_loss":0}],"is_beta":false,"boss_relics":[{"not_picked":["conspire:RoyalGoblet","vexMod:MegatonBomb"],"picked":"Replay:Bronze Core"},{"not_picked":["FrozenCore","aspiration:SecretTechniqueScroll"],"picked":"hubris:HollowSoul"}],"items_purged_floors":[20,36,38],"is_endless":false,"potions_floor_spawned":[1,11,14,19,28,29,35,41,48],"ascension_level":0}}