{"host":"x1qj4d8ympd5jdqh","time":1609396640,"event":{"mods":["AchievementEnabler","AlwaysNeverKeys","BaseMod","Colored Map","Custom Start","DeckTracker","Highlight Path","Minty Spire (QoL Compilation)","StSLib","SuperFastMode"],"gold_per_floor":[109,109,184,196,211,211,538,538,538,564,564,20,20,39,39,111,111,123,48,65,77,77,77,77,20,20,20,20],"floor_reached":27,"playtime":858,"items_purged":["Strike_R"],"score":438,"play_id":"3067c219-f0ad-462a-9120-4596add89ba2","local_time":"20201231153720","is_ascension_mode":true,"campfire_choices":[{"data":"Blood for Blood","floor":6.0,"key":"SMITH"},{"data":"Wild Strike","floor":8.0,"key":"SMITH"},{"data":"Armaments","floor":15.0,"key":"SMITH"},{"floor":23.0,"key":"REST"}],"circlet_count":0,"master_deck":["AscendersBane","Defend_R+1","Defend_R+1","Defend_R","Defend_R","Bash","Pummel","Wild Strike+1","Body Slam","Battle Trance","Armaments+1","Offering","Berserk+1","Headbutt+1","Barricade+1","Ghostly Armor"],"relics":["Burning Blood","Old Coin","Calipers","War Paint","Bag of Marbles","TheAbacus","Astrolabe"],"acts_visited":["Exordium","TheCity"],"potions_floor_usage":[27,27],"damage_taken":[{"damage":0.0,"enemies":"2 Louse","floor":1.0,"turns":2.0},{"damage":13.0,"enemies":"Small Slimes","floor":4.0,"turns":4.0},{"damage":12.0,"enemies":"Cultist","floor":5.0,"turns":4.0},{"damage":20.0,"enemies":"3 Sentries","floor":7.0,"turns":8.0},{"damage":32.0,"enemies":"Gremlin Nob","floor":10.0,"turns":4.0},{"damage":6.0,"enemies":"Exordium Wildlife","floor":14.0,"turns":3.0},{"damage":9.0,"enemies":"The Guardian","floor":16.0,"turns":14.0},{"damage":15.0,"enemies":"3 Byrds","floor":18.0,"turns":5.0},{"damage":36.0,"enemies":"2 Thieves","floor":20.0,"turns":4.0},{"damage":10.0,"enemies":"Snecko","floor":21.0,"turns":8.0},{"damage":41,"enemies":"Chosen and Byrds","floor":27,"turns":4}],"seed_played":"-1046656424025034217","potions_obtained":[{"floor":4.0,"key":"SkillPotion"},{"floor":10.0,"key":"HeartOfIron"},{"floor":16.0,"key":"EssenceOfSteel"},{"floor":18.0,"key":"FearPotion"}],"is_trial":false,"path_per_floor":["M","?","?","M","M","R","E","R","T","E","?","$","?","M","R","B",null,"M","?","M","M","?","R","?","$","T","M"],"character_chosen":"IRONCLAD","items_purchased":["Armaments","Bag of Marbles","LiquidBronze","TheAbacus","Dexterity Potion"],"campfire_rested":1,"item_purchase_floors":[12,12,12,12,25],"current_hp_per_floor":[74,74,63,56,50,50,36,36,36,10,10,10,35,35,35,32,64,55,55,25,21,21,43,43,43,43,2,2],"gold":20,"neow_bonus":"THREE_CARDS","is_daily":false,"chose_seed":false,"campfire_upgraded":3,"win_rate":0.0,"timestamp":1609396640,"path_taken":["M","?","?","M","M","R","E","R","T","E","?","$","?","M","R","BOSS","M","?","M","M","?","R","?","$","T","?"],"items_purchased_type":["Card","Relic","Potion","Relic","Potion"],"build_version":"2020-12-22","purchased_purges":1,"victory":false,"max_hp_per_floor":[75,75,75,75,75,75,75,75,75,75,75,75,75,75,75,75,75,75,75,75,75,75,75,75,75,75,75,75],"card_choices":[{"not_picked":["True Grit","Flex"],"picked":"Pummel","floor":0.0},{"not_picked":["Shrug It Off","Infernal Blade"],"picked":"Wild Strike","floor":1.0},{"not_picked":["Burning Pact","True Grit"],"picked":"Body Slam","floor":4.0},{"not_picked":["Clash","Warcry","Sword Boomerang"],"picked":"SKIP","floor":5.0},{"not_picked":["Body Slam","True Grit"],"picked":"Battle Trance","floor":7.0},{"not_picked":["Wild Strike","Heavy Blade","Feel No Pain"],"picked":"SKIP","floor":10.0},{"not_picked":["Armaments","Sword Boomerang","Wild Strike"],"picked":"SKIP","floor":14.0},{"not_picked":["Berserk","Juggernaut"],"picked":"Offering","floor":16.0},{"not_picked":["Thunderclap+1","Dropkick"],"picked":"Ghostly Armor","floor":18.0},{"not_picked":["Dual Wield","Wild Strike","Heavy Blade"],"picked":"SKIP","floor":20.0},{"not_picked":["Rupture","Clothesline","Dual Wield"],"picked":"SKIP","floor":21.0}],"player_experience":1293201,"relics_obtained":[{"floor":7.0,"key":"Old Coin"},{"floor":9.0,"key":"Calipers"},{"floor":10.0,"key":"War Paint"}],"event_choices":[{"damage_healed":0.0,"max_hp_gain":0.0,"max_hp_loss":0.0,"gold_gain":0.0,"cards_transformed":["Strike_R"],"event_name":"Living Wall","player_choice":"Change","floor":2.0,"gold_loss":0.0,"damage_taken":0.0,"cards_obtained":["Blood for Blood"]},{"damage_healed":0.0,"max_hp_gain":0.0,"max_hp_loss":0.0,"gold_gain":75.0,"event_name":"World of Goop","player_choice":"Gather Gold","floor":3.0,"gold_loss":0.0,"damage_taken":11.0},{"damage_healed":0.0,"max_hp_gain":0.0,"max_hp_loss":0.0,"gold_gain":0.0,"event_name":"Shining Light","player_choice":"Ignored","floor":11.0,"gold_loss":0.0,"damage_taken":0.0},{"damage_healed":25.0,"max_hp_gain":0.0,"max_hp_loss":0.0,"gold_gain":0.0,"event_name":"Big Fish","player_choice":"Banana","floor":13.0,"gold_loss":0.0,"damage_taken":0.0},{"cards_removed":["Blood for Blood"],"damage_healed":0.0,"max_hp_gain":0.0,"max_hp_loss":0.0,"gold_gain":0.0,"event_name":"Beggar","player_choice":"Gave Gold","floor":19.0,"gold_loss":75.0,"damage_taken":0.0},{"damage_healed":0.0,"max_hp_gain":0.0,"max_hp_loss":0.0,"gold_gain":0.0,"event_name":"The Mausoleum","player_choice":"Ignored","floor":22.0,"gold_loss":0.0,"damage_taken":0.0},{"damage_healed":0.0,"max_hp_gain":0.0,"max_hp_loss":0.0,"gold_gain":0.0,"event_name":"Match and Keep!","player_choice":"0 cards matched","floor":24.0,"gold_loss":0.0,"damage_taken":0.0,"cards_obtained":[]}],"is_beta":false,"boss_relics":[{"not_picked":["Cursed Key","Philosopher\u0027s Stone"],"picked":"Astrolabe"}],"items_purged_floors":[12],"is_endless":false,"potions_floor_spawned":[4,10,14,16,18],"killed_by":"Chosen and Byrds","ascension_level":20}}