{"host":"l60rmjjsfi0fipmi","time":1609440754,"event":{"mods":["BaseMod","Colored Map","DeckTracker","Highlight Path","Minty Spire (QoL Compilation)"],"gold_per_floor":[112,62,79,98,115,115,142,142,192,118,118,118,136,146,146,241,241,261,113,130,130,149,175,175,190,272,272,292,304,334,349,349,451,451,467,312,312,325,339,339,367,367,367,367,367,367],"floor_reached":45,"playtime":4776,"items_purged":[],"score":487,"play_id":"eabd4a04-0623-4479-af86-21dbec12b180","local_time":"20201231135234","is_ascension_mode":false,"campfire_choices":[{"data":"Eruption","floor":6,"key":"SMITH"},{"data":"FearNoEvil","floor":8,"key":"SMITH"},{"data":"BattleHymn","floor":11,"key":"SMITH"},{"data":"Vigilance","floor":15,"key":"SMITH"},{"floor":24,"key":"REST"},{"data":"Protect","floor":27,"key":"SMITH"},{"data":"Evaluate","floor":32,"key":"SMITH"},{"data":"Devotion","floor":40,"key":"SMITH"}],"circlet_count":0,"master_deck":["Defend_P","Defend_P","Defend_P+1","Eruption+1","Vigilance+1","Judgement","FearNoEvil+1","FlurryOfBlows","Prostrate","Devotion+1","BattleHymn+1","Evaluate+1","Protect+1","Consecrate+1","Vengeance+1","Ragnarok+1","SashWhip","Protect+1","DeusExMachina","EmptyBody","LessonLearned","DevaForm","Protect+1","Bandage Up","Parasite","Doubt"],"relics":["PureWater","Bottled Tornado","Boot","Astrolabe","Lantern","MutagenicStrength","Strawberry","Meat on the Bone","Shuriken","Black Star","DollysMirror","Blood Vial","Ornamental Fan","InkBottle"],"acts_visited":["Exordium","TheCity","TheBeyond"],"potions_floor_usage":[23,30,33,33,41,41],"damage_taken":[{"damage":0,"enemies":"Jaw Worm","floor":1,"turns":1},{"damage":0,"enemies":"2 Louse","floor":3,"turns":2},{"damage":0,"enemies":"Small Slimes","floor":4,"turns":1},{"damage":0,"enemies":"Looter","floor":5,"turns":1},{"damage":21,"enemies":"Gremlin Nob","floor":7,"turns":4},{"damage":7,"enemies":"Blue Slaver","floor":13,"turns":2},{"damage":4,"enemies":"3 Louse","floor":14,"turns":2},{"damage":19,"enemies":"Slime Boss","floor":16,"turns":5},{"damage":5,"enemies":"Spheric Guardian","floor":18,"turns":3},{"damage":12,"enemies":"Shell Parasite","floor":20,"turns":5},{"damage":12,"enemies":"Shelled Parasite and Fungi","floor":22,"turns":5},{"damage":22,"enemies":"Gremlin Leader","floor":23,"turns":5},{"damage":2,"enemies":"Centurion and Healer","floor":25,"turns":5},{"damage":21,"enemies":"Snake Plant","floor":28,"turns":5},{"damage":4,"enemies":"Cultist and Chosen","floor":29,"turns":4},{"damage":2,"enemies":"Book of Stabbing","floor":30,"turns":4},{"damage":0,"enemies":"Snecko","floor":31,"turns":2},{"damage":15,"enemies":"Champ","floor":33,"turns":8},{"damage":29,"enemies":"3 Shapes","floor":35,"turns":2},{"damage":2,"enemies":"Orb Walker","floor":38,"turns":4},{"damage":0,"enemies":"Writhing Mass","floor":39,"turns":9},{"damage":45,"enemies":"Reptomancer","floor":41,"turns":6},{"damage":88,"enemies":"2 Orb Walkers","floor":45,"turns":6}],"seed_played":"-1839607559707002870","potions_obtained":[{"floor":5,"key":"Weak Potion"},{"floor":7,"key":"FearPotion"},{"floor":16,"key":"StancePotion"},{"floor":23,"key":"SkillPotion"},{"floor":31,"key":"BottledMiracle"},{"floor":33,"key":"Ancient Potion"},{"floor":39,"key":"AttackPotion"}],"is_trial":false,"path_per_floor":["M","?","M","M","M","R","E","R","T","$","R","$","M","M","R","B",null,"M","$","M","?","M","E","R","M","T","R","M","M","E","M","R","B",null,"M","$","?","M","M","R","E","?","T","?","?"],"character_chosen":"WATCHER","items_purchased":["BattleHymn","Lantern","DollysMirror"],"campfire_rested":1,"item_purchase_floors":[10,19,36],"current_hp_per_floor":[72,72,72,72,72,72,51,51,51,51,51,51,44,40,40,21,72,67,67,55,55,43,28,51,49,49,49,40,48,46,46,46,43,79,50,50,50,48,52,52,23,79,79,79,0,0],"gold":367,"neow_bonus":"TRANSFORM_CARD","is_daily":false,"chose_seed":false,"campfire_upgraded":7,"win_rate":0.0,"timestamp":1609440754,"path_taken":["M","?","M","M","M","R","E","R","T","$","R","$","M","M","R","BOSS","M","$","M","?","M","E","R","M","T","R","M","M","E","M","R","BOSS","M","$","?","M","M","R","E","?","T","?","?"],"items_purchased_type":["Card","Relic","Relic"],"build_version":"2020-12-22","purchased_purges":0,"victory":false,"max_hp_per_floor":[72,72,72,72,72,72,72,72,72,72,72,72,72,72,72,72,72,72,72,72,72,72,79,79,79,79,79,79,79,79,79,79,79,79,79,79,79,79,79,79,79,79,79,79,79,79],"card_choices":[{"not_picked":["BowlingBash","Prostrate"],"picked":"FearNoEvil","floor":1},{"not_picked":["CrushJoints","SashWhip"],"picked":"FlurryOfBlows","floor":3},{"not_picked":["Weave","JustLucky"],"picked":"Prostrate","floor":4},{"not_picked":["CutThroughFate","EmptyBody"],"picked":"Devotion","floor":5},{"not_picked":["WaveOfTheHand","PathToVictory","Prostrate"],"picked":"SKIP","floor":7},{"not_picked":["Weave","Evaluate","EmptyFist"],"picked":"SKIP","floor":13},{"not_picked":["Weave","EmptyFist"],"picked":"Evaluate","floor":13},{"not_picked":["JustLucky","Study"],"picked":"Protect","floor":14},{"not_picked":["WaveOfTheHand","EmptyMind+1"],"picked":"SashWhip","floor":18},{"not_picked":["FlyingSleeves+1","BowlingBash+1"],"picked":"Protect+1","floor":20},{"not_picked":["ClearTheMind","Evaluate","Consecrate+1"],"picked":"SKIP","floor":22},{"not_picked":["BowlingBash","Sanctity+1"],"picked":"DeusExMachina","floor":23},{"not_picked":["Perseverance","CrushJoints+1","FollowUp"],"picked":"SKIP","floor":25},{"not_picked":["WreathOfFlame","MentalFortress"],"picked":"EmptyBody","floor":28},{"not_picked":["FlurryOfBlows+1","ClearTheMind","Omniscience"],"picked":"SKIP","floor":29},{"not_picked":["Worship+1","CutThroughFate+1"],"picked":"LessonLearned","floor":30},{"not_picked":["BowlingBash+1","DeceiveReality","Protect"],"picked":"SKIP","floor":31},{"not_picked":["Blasphemy","Scrawl"],"picked":"DevaForm","floor":33},{"not_picked":["Crescendo","Protect","WreathOfFlame"],"picked":"SKIP","floor":35},{"not_picked":["Finesse","Impatience"],"picked":"Bandage Up","floor":37},{"not_picked":["Meditate","MentalFortress+1","Consecrate"],"picked":"SKIP","floor":38},{"not_picked":["Prostrate+1","Indignation","Halt"],"picked":"SKIP","floor":39},{"not_picked":["WreathOfFlame","ThirdEye+1","Study+1"],"picked":"SKIP","floor":41}],"player_experience":144263,"relics_obtained":[{"floor":7,"key":"Bottled Tornado"},{"floor":9,"key":"Boot"},{"floor":23,"key":"Strawberry"},{"floor":26,"key":"Meat on the Bone"},{"floor":30,"key":"Shuriken"},{"floor":41,"key":"Blood Vial"},{"floor":41,"key":"Ornamental Fan"},{"floor":43,"key":"InkBottle"}],"event_choices":[{"cards_removed":["Defend_P"],"damage_healed":0,"gold_gain":0,"player_choice":"Card Removal","damage_taken":0,"max_hp_gain":0,"max_hp_loss":0,"event_name":"The Cleric","floor":2,"gold_loss":50},{"damage_healed":0,"gold_gain":0,"player_choice":"Inject Mutagens","damage_taken":0,"relics_obtained":["MutagenicStrength"],"max_hp_gain":0,"max_hp_loss":0,"event_name":"Drug Dealer","floor":21,"gold_loss":0},{"damage_healed":0,"gold_gain":0,"player_choice":"Memory 1","damage_taken":0,"max_hp_gain":0,"max_hp_loss":0,"event_name":"SensoryStone","floor":37,"gold_loss":0},{"damage_healed":56,"gold_gain":0,"player_choice":"Heal","damage_taken":0,"max_hp_gain":0,"max_hp_loss":0,"event_name":"MindBloom","floor":42,"gold_loss":0,"cards_obtained":["Doubt"]},{"damage_healed":0,"gold_gain":0,"player_choice":"Ignored","damage_taken":0,"max_hp_gain":0,"max_hp_loss":0,"event_name":"Tomb of Lord Red Mask","floor":44,"gold_loss":0},{"damage_healed":0,"gold_gain":0,"player_choice":"Fight","damage_taken":0,"max_hp_gain":0,"max_hp_loss":0,"event_name":"Mysterious Sphere","floor":45,"gold_loss":0}],"is_beta":false,"boss_relics":[{"not_picked":["Sozu","Runic Dome"],"picked":"Astrolabe"},{"not_picked":["SlaversCollar","Busted Crown"],"picked":"Black Star"}],"items_purged_floors":[],"is_endless":false,"potions_floor_spawned":[5,7,16,22,23,28,29,31,33,39],"killed_by":"2 Orb Walkers","ascension_level":0}}