{"host":"ggy1mjjy92c62u6a","time":1609398326,"event":{"mods":["10 clothes from DAL","BaseMod","LazyManMod","Minty Spire (QoL Compilation)","Quick Restart","Relic Stats","Shop Mod","Spicy Shops","StSLib","[地精首领爬塔]The Maniac","【功能Mod】混沌之环修复补丁","【遗物卡牌】REMEMod"],"gold_per_floor":[117,135,135,135,153,173,193,193,193,216,231,226,226],"floor_reached":12,"playtime":417,"items_purged":[],"score":74,"play_id":"9ae965eb-fe5d-41f2-8b72-9b0038164d53","local_time":"20201231150526","is_ascension_mode":false,"campfire_choices":[{"data":"maniac:WitnessTrueSorcery","floor":8,"key":"SMITH"}],"circlet_count":0,"master_deck":["maniac:Strike","maniac:Strike","maniac:Strike","maniac:Strike","maniac:Strike","maniac:Defend","maniac:Defend","maniac:Defend","maniac:Defend","maniac:BurnBlood","maniac:AbyssShackle","maniac:Precision","maniac:BladesInCloak","DevaForm","maniac:ShelteringEdge","maniac:Refine","maniac:WitnessTrueSorcery+1","maniac:Deal","dwlrmod:TheArena"],"relics":["maniac:DamagedAnvil","maniac:BrokenHorn","REME_ComplimentaryCards","NeowsBlessing","dwlrmod:ProjectRecorder","Golden Idol","White Beast Statue"],"acts_visited":["Exordium"],"potions_floor_usage":[],"damage_taken":[{"damage":0,"enemies":"Cultist","floor":1,"turns":1},{"damage":0,"enemies":"2 Louse","floor":2,"turns":1},{"damage":0,"enemies":"Small Slimes","floor":5,"turns":1},{"damage":25,"enemies":"3 Louse","floor":6,"turns":5},{"damage":12,"enemies":"Exordium Wildlife","floor":7,"turns":7},{"damage":5,"enemies":"Red Slaver","floor":10,"turns":3},{"damage":3,"enemies":"Large Slime","floor":11,"turns":4},{"damage":27,"enemies":"Gremlin Nob","floor":12,"turns":3}],"seed_played":"-6689799326576943700","potions_obtained":[{"floor":1,"key":"SteroidPotion"},{"floor":5,"key":"CultistPotion"},{"floor":10,"key":"DuplicationPotion"}],"is_trial":false,"path_per_floor":["M","M","?","?","M","M","M","R","T","M","M","E"],"character_chosen":"THE_MANIAC","items_purchased":[],"campfire_rested":0,"item_purchase_floors":[],"current_hp_per_floor":[80,80,60,60,60,35,23,23,23,18,15,0,0],"gold":226,"neow_bonus":"THREE_ENEMY_KILL","is_daily":false,"chose_seed":false,"campfire_upgraded":1,"win_rate":0.0,"timestamp":1609398326,"path_taken":["M","?","?","?","M","M","M","R","T","M","M","E"],"items_purchased_type":[],"build_version":"2020-12-22","purchased_purges":0,"victory":false,"max_hp_per_floor":[80,80,80,80,80,80,80,80,80,80,80,80,80],"relic_stats":{"counters":[8,25],"Golden Idol":21,"obtain_stats":[{"maniac:DamagedAnvil":0,"maniac:BrokenHorn":0,"dwlrmod:ProjectRecorder":2,"NeowsBlessing":0,"Golden Idol":3,"White Beast Statue":9,"REME_ComplimentaryCards":0},{"maniac:DamagedAnvil":0,"maniac:BrokenHorn":0,"dwlrmod:ProjectRecorder":2,"NeowsBlessing":0,"Golden Idol":2,"White Beast Statue":5,"REME_ComplimentaryCards":0},{"maniac:DamagedAnvil":0,"maniac:BrokenHorn":0,"dwlrmod:ProjectRecorder":2,"NeowsBlessing":0,"Golden Idol":2,"White Beast Statue":15,"REME_ComplimentaryCards":0}]},"card_choices":[{"not_picked":["maniac:SecretBackups","maniac:Refine"],"picked":"maniac:Precision","floor":1},{"not_picked":["maniac:DashForward","maniac:ShelteringEdge"],"picked":"maniac:BladesInCloak","floor":2},{"not_picked":["maniac:FindAShortcut","maniac:Confront"],"picked":"maniac:Refine","floor":5},{"not_picked":["maniac:WardAndDefend","maniac:PanickyParry"],"picked":"maniac:WitnessTrueSorcery","floor":6},{"not_picked":["maniac:ListenToNone","maniac:WardAndDefend"],"picked":"maniac:Deal","floor":7},{"not_picked":["maniac:PerceiveDanger","maniac:UndyingDesire","maniac:FindAShortcut"],"picked":"SKIP","floor":10},{"not_picked":["dwlrmod:VividHorrors","dwlrmod:PowerOverwhelming"],"picked":"dwlrmod:TheArena","floor":11},{"not_picked":["maniac:PanickyParry","maniac:DashForward","maniac:FindAShortcut"],"picked":"SKIP","floor":11}],"player_experience":41914,"relics_obtained":[{"floor":2,"key":"dwlrmod:ProjectRecorder"},{"floor":9,"key":"White Beast Statue"}],"event_choices":[{"damage_healed":0,"gold_gain":0,"player_choice":"Take Damage","damage_taken":20,"relics_obtained":["Golden Idol"],"max_hp_gain":0,"max_hp_loss":0,"event_name":"Golden Idol","floor":3,"gold_loss":0},{"damage_healed":0,"gold_gain":0,"player_choice":"1 cards matched","damage_taken":0,"max_hp_gain":0,"max_hp_loss":0,"event_name":"Match and Keep!","floor":4,"gold_loss":0,"cards_obtained":["maniac:ShelteringEdge"]}],"is_beta":false,"boss_relics":[],"items_purged_floors":[],"is_endless":false,"potions_floor_spawned":[1,5,10,11],"killed_by":"Gremlin Nob","ascension_level":0}}