{"host":"watt8gvwfmxuscaf","time":1609452577,"event":{"mods":["BaseMod","CatGirl Mod","Colored Map","Colored Powertips","Conspire","Downfall","GifTheSpireLib","Hermit","Hubris","Infinite Spire","Marisa????????","Minty Spire (QoL Compilation)","Quick Restart","Rare Cards Sparkle","Relic Stats","Replay The Spire","Shop Mod","StSLib","Stuff the Spire","SuperFastMode","The Animator","The Cursed","The Hierophant","The Mystic","The Necromancer","The Poker Player","The Runesmith","The Servant 0.9.4","The Wild Card"],"gold_per_floor":[17,30,30,50,50,50,75,15,15,15,33,33,33,66,66,169,169,185,200,200,200],"floor_reached":20,"playtime":575,"items_purged":[],"score":246,"play_id":"03ec163f-8905-4ac4-b858-ded174771284","local_time":"20201231170937","is_ascension_mode":true,"campfire_choices":[{"floor":6,"key":"REST"},{"floor":10,"key":"REST"},{"floor":12,"key":"REST"},{"floor":13,"key":"REST"},{"floor":15,"key":"REST"}],"circlet_count":0,"master_deck":["Strike_B","Strike_B","Strike_B","Strike_B","Defend_B+1","Defend_B+1","Defend_B+1","Defend_B+1","Zap+1","Dualcast","Redo","Loop+1","Panic Button","Reinforced Body","Capacitor","Go for the Eyes","Rainbow","Conserve Battery","Barrage"],"relics":["Cracked Core","WingedGreaves","hubris:Reverence","infinitespire:CheckeredPen","Replay:Bottled Eggs","conspire:Dentures","Nuclear Battery"],"acts_visited":["Exordium","TheCity"],"potions_floor_usage":[7,20,20],"damage_taken":[{"damage":1,"enemies":"Cultist","floor":1,"turns":3},{"damage":13,"enemies":"Small Slimes","floor":2,"turns":2},{"damage":9,"enemies":"2 Louse","floor":4,"turns":3},{"damage":75,"enemies":"Gremlin Nob","floor":7,"turns":6},{"damage":18,"enemies":"Lots of Slimes","floor":11,"turns":4},{"damage":12,"enemies":"Lagavulin","floor":14,"turns":6},{"damage":41,"enemies":"Slime Boss","floor":16,"turns":10},{"damage":23,"enemies":"2 Thieves","floor":18,"turns":4},{"damage":18,"enemies":"Chosen","floor":19,"turns":5},{"damage":27,"enemies":"Centurion and Healer","floor":20,"turns":9}],"seed_played":"8151959309635030444","potions_obtained":[{"floor":4,"key":"Regen Potion"},{"floor":14,"key":"LiquidMemories"},{"floor":18,"key":"Swift Potion"}],"is_trial":false,"path_per_floor":["M","M","?","M","?","R","E","?","T","R","M","R","R","E","R","B",null,"M","M","M"],"character_chosen":"DEFECT","items_purchased":[],"campfire_rested":5,"item_purchase_floors":[],"current_hp_per_floor":[67,54,54,45,45,67,4,4,4,26,8,30,52,40,62,21,62,39,21,0,0],"gold":200,"neow_bonus":"ONE_RARE_RELIC","is_daily":false,"chose_seed":false,"campfire_upgraded":0,"win_rate":0.0,"timestamp":1609452577,"path_taken":["M","?","?","M","?","R","E","?","T","R","M","R","R","E","R","BOSS","M","?","M"],"items_purchased_type":[],"build_version":"2020-12-22","purchased_purges":0,"victory":false,"max_hp_per_floor":[75,75,75,75,75,75,75,75,75,75,75,75,75,75,75,75,75,75,75,75,75],"relic_stats":{"counters":[10,51],"obtain_stats":[{"conspire:Dentures":14,"WingedGreaves":0,"infinitespire:CheckeredPen":8,"Replay:Bottled Eggs":9,"Cracked Core":0,"hubris:Reverence":7,"Nuclear Battery":17},{"conspire:Dentures":6,"WingedGreaves":0,"infinitespire:CheckeredPen":4,"Replay:Bottled Eggs":4,"Cracked Core":0,"hubris:Reverence":4,"Nuclear Battery":7},{"conspire:Dentures":23,"WingedGreaves":0,"infinitespire:CheckeredPen":13,"Replay:Bottled Eggs":13,"Cracked Core":0,"hubris:Reverence":13,"Nuclear Battery":33}]},"card_choices":[{"not_picked":["Sweeping Beam","Chaos"],"picked":"Redo","floor":1},{"not_picked":["Redo","Beam Cell"],"picked":"Loop","floor":2},{"not_picked":["Hologram","Stack"],"picked":"Panic Button","floor":4},{"not_picked":["Chaos","Beam Cell"],"picked":"Reinforced Body","floor":7},{"not_picked":["Go for the Eyes","Ball Lightning"],"picked":"Capacitor","floor":11},{"not_picked":["hubris:Prefetch","Reprogram"],"picked":"Go for the Eyes","floor":14},{"not_picked":["StuffTheSpire:Purify","Hyperbeam"],"picked":"Rainbow","floor":16},{"not_picked":["Hologram","Hello World"],"picked":"Conserve Battery","floor":18},{"not_picked":["Defragment","StuffTheSpire:Plugnplay"],"picked":"Barrage","floor":19}],"player_experience":533540,"relics_obtained":[{"floor":7,"key":"hubris:Reverence"},{"floor":9,"key":"Replay:Bottled Eggs"},{"floor":14,"key":"conspire:Dentures"}],"event_choices":[{"damage_healed":0,"gold_gain":0,"player_choice":"Paid Gold","damage_taken":0,"relics_obtained":["infinitespire:CheckeredPen"],"max_hp_gain":0,"max_hp_loss":0,"event_name":"WeMeetAgain","floor":8,"gold_loss":60}],"is_beta":false,"boss_relics":[{"not_picked":["ReplayTheSpireMod:DimensionalGlitch","conspire:SeveredTorchhead"],"picked":"Nuclear Battery"}],"items_purged_floors":[],"is_endless":false,"potions_floor_spawned":[4,14,18],"killed_by":"Centurion and Healer","ascension_level":7}}