{"host":"qwttrqaysb380yri","time":1609407795,"event":{"mods":["BaseMod","Custom Start","Minty Spire (QoL Compilation)","Permanent Neow","Puzzle Mod","Relic Stats","StSLib","The Hierophant"],"gold_per_floor":[115,129,129,279,298,327,327,354,379,379,379,411,430,22,22,22,22],"floor_reached":16,"playtime":598,"items_purged":["Doubt"],"score":207,"play_id":"da57a512-4788-4f08-b843-20e5b5384bf8","local_time":"20201231104315","is_ascension_mode":true,"campfire_choices":[{"floor":7,"key":"REST"},{"data":"Adrenaline","floor":10,"key":"SMITH"},{"floor":15,"key":"REST"}],"circlet_count":0,"master_deck":["AscendersBane","Strike_G","Strike_G","Strike_G","Strike_G","Strike_G","Defend_G+1","Defend_G+1","Defend_G","Defend_G","Defend_G","Survivor","Neutralize","Quick Slash","Poisoned Stab","Masterful Stab","Adrenaline+1","Prepared","Dash","Tactician","Calculated Gamble","Dagger Spray"],"relics":["Ring of the Snake","Lantern","War Paint","Strawberry","Dream Catcher","Snake Skull","Happy Flower","TwistedFunnel"],"acts_visited":["Exordium"],"potions_floor_usage":[6,6,12,12,13,16],"damage_taken":[{"damage":1,"enemies":"Cultist","floor":1,"turns":5},{"damage":3,"enemies":"2 Louse","floor":2,"turns":3},{"damage":0,"enemies":"Small Slimes","floor":5,"turns":2},{"damage":32,"enemies":"Gremlin Nob","floor":6,"turns":4},{"damage":12,"enemies":"3 Sentries","floor":8,"turns":10},{"damage":35,"enemies":"Lagavulin","floor":12,"turns":9},{"damage":1,"enemies":"Blue Slaver","floor":13,"turns":3},{"damage":23,"enemies":"Slime Boss","floor":16,"turns":7}],"seed_played":"-6869289166757020109","potions_obtained":[{"floor":5,"key":"EntropicBrew"},{"floor":8,"key":"Weak Potion"},{"floor":12,"key":"AttackPotion"},{"floor":13,"key":"Weak Potion"}],"is_trial":false,"path_per_floor":["M","M","$","?","M","E","R","E","T","R","?","E","M","$","R","B"],"character_chosen":"THE_SILENT","items_purchased":["Happy Flower","TwistedFunnel","Calculated Gamble"],"campfire_rested":2,"item_purchase_floors":[14,14,14],"current_hp_per_floor":[58,55,55,55,55,23,42,37,37,37,42,7,6,6,29,6,6],"gold":22,"neow_bonus":"RANDOM_COMMON_RELIC","is_daily":false,"chose_seed":false,"campfire_upgraded":1,"win_rate":0.0,"timestamp":1609407795,"path_taken":["M","M","?","?","M","E","R","E","T","R","?","E","M","$","R","BOSS"],"items_purchased_type":["Relic","Relic","Card"],"build_version":"2020-12-22","purchased_purges":1,"victory":false,"max_hp_per_floor":[66,66,66,66,66,66,66,73,73,73,78,78,78,78,78,78,78],"relic_stats":{"Dream Catcher":1,"Happy Flower":[2],"counters":[8,43],"Snake Skull":[4],"War Paint":["Defend_G","Defend_G"],"obtain_stats":[{"TwistedFunnel":14,"Lantern":0,"Dream Catcher":9,"Happy Flower":14,"Strawberry":8,"Snake Skull":12,"War Paint":6,"Ring of the Snake":0},{"TwistedFunnel":7,"Lantern":0,"Dream Catcher":5,"Happy Flower":7,"Strawberry":5,"Snake Skull":6,"War Paint":4,"Ring of the Snake":0},{"TwistedFunnel":36,"Lantern":0,"Dream Catcher":24,"Happy Flower":36,"Strawberry":24,"Snake Skull":33,"War Paint":14,"Ring of the Snake":0}],"Ring of the Snake":[16]},"card_choices":[{"not_picked":["Backflip","Terror"],"picked":"Quick Slash","floor":1},{"not_picked":["Accuracy","Outmaneuver"],"picked":"Poisoned Stab","floor":2},{"not_picked":["Bane","Terror"],"picked":"Masterful Stab","floor":5},{"not_picked":["Deadly Poison","Flechettes"],"picked":"Adrenaline","floor":6},{"not_picked":["PiercingWail","Footwork"],"picked":"Prepared","floor":8},{"not_picked":["Catalyst","Endless Agony"],"picked":"Dash","floor":12},{"not_picked":["Infinite Blades","Dagger Throw"],"picked":"Tactician","floor":13},{"not_picked":["Slice","Blur"],"picked":"Dagger Spray","floor":15}],"player_experience":1967300,"relics_obtained":[{"floor":6,"key":"War Paint"},{"floor":8,"key":"Strawberry"},{"floor":9,"key":"Dream Catcher"},{"floor":12,"key":"Snake Skull"}],"event_choices":[{"damage_healed":0,"gold_gain":150,"player_choice":"AGREE","damage_taken":0,"max_hp_gain":0,"max_hp_loss":0,"event_name":"Liars Game","floor":4,"gold_loss":0,"cards_obtained":["Doubt"]},{"damage_healed":0,"gold_gain":0,"player_choice":"Donut","damage_taken":0,"max_hp_gain":5,"max_hp_loss":0,"event_name":"Big Fish","floor":11,"gold_loss":0}],"is_beta":false,"boss_relics":[],"items_purged_floors":[14],"is_endless":false,"potions_floor_spawned":[5,8,12,13],"killed_by":"Slime Boss","ascension_level":15}}