{"host":"873t0y8ybyo38pfq","time":1609436514,"event":{"mods":["BaseMod","Bestiary","Colored Map","Colored Powertips","Highlight Path","Minty Spire (QoL Compilation)","Quick Restart","RNG Fix","Rare Cards Sparkle","Relic Stats","StSLib"],"gold_per_floor":[113,125,50,50,10,10,53,53,53,86,86,101,140,100,100,193,193,214,214,192,242,242,242,257,257,257,257,257],"floor_reached":27,"playtime":863,"items_purged":[],"score":454,"play_id":"f4be2787-864d-47eb-b03e-60c2bbf5c502","local_time":"20201231124154","is_ascension_mode":true,"campfire_choices":[{"data":"Zap","floor":6,"key":"SMITH"},{"data":"Loop","floor":8,"key":"SMITH"},{"data":"Dualcast","floor":11,"key":"SMITH"},{"data":"Creative AI","floor":15,"key":"SMITH"},{"data":"Ghostly","floor":23,"key":"SMITH"},{"data":"Ghostly","floor":25,"key":"SMITH"}],"circlet_count":0,"master_deck":["AscendersBane","Defend_B","Defend_B","Defend_B","Zap+1","Dualcast+1","Loop+1","Static Discharge","Coolheaded","Skim","Glacier","Creative AI+1","Machine Learning","Reprogram+1","Ball Lightning+1","Steam+1","Conserve Battery+1","Capacitor","Ghostly","Ghostly+1","Ghostly+1","Reboot"],"relics":["Cracked Core","Gambling Chip","Golden Idol","Meat on the Bone","Strawberry","Bag of Marbles","Torii","Astrolabe"],"acts_visited":["Exordium","TheCity"],"potions_floor_usage":[7,13,24],"damage_taken":[{"damage":0,"enemies":"Cultist","floor":1,"turns":3},{"damage":0,"enemies":"Small Slimes","floor":2,"turns":3},{"damage":20,"enemies":"Lagavulin","floor":7,"turns":6},{"damage":41,"enemies":"Gremlin Nob","floor":10,"turns":4},{"damage":0,"enemies":"Jaw Worm","floor":12,"turns":3},{"damage":5,"enemies":"3 Sentries","floor":13,"turns":2},{"damage":6,"enemies":"Looter","floor":14,"turns":4},{"damage":35,"enemies":"Hexaghost","floor":16,"turns":11},{"damage":14,"enemies":"3 Byrds","floor":18,"turns":5},{"damage":7,"enemies":"2 Thieves","floor":20,"turns":4},{"damage":20,"enemies":"Cultist and Chosen","floor":24,"turns":5},{"damage":30,"enemies":"Snake Plant","floor":27,"turns":4}],"seed_played":"5370448624080281242","potions_obtained":[{"floor":2,"key":"SteroidPotion"},{"floor":12,"key":"PowerPotion"},{"floor":13,"key":"Ancient Potion"},{"floor":24,"key":"Energy Potion"}],"is_trial":false,"path_per_floor":["M","M","?","?","$","R","E","R","T","E","R","M","E","M","R","B",null,"M","?","M","?","?","R","M","R","T","M"],"character_chosen":"DEFECT","items_purchased":["Static Discharge"],"campfire_rested":0,"item_purchase_floors":[5],"current_hp_per_floor":[64,64,64,58,58,58,38,38,45,16,16,28,35,41,41,18,53,39,39,44,44,32,32,24,24,24,0,0],"gold":257,"neow_bonus":"ONE_RARE_RELIC","is_daily":false,"chose_seed":false,"campfire_upgraded":6,"win_rate":0.0,"timestamp":1609436514,"path_taken":["M","M","?","?","$","R","E","R","T","E","R","?","E","M","R","BOSS","M","?","M","?","?","R","M","R","T","M"],"items_purchased_type":["Card"],"build_version":"2020-12-22","purchased_purges":0,"victory":false,"max_hp_per_floor":[64,64,64,58,58,58,58,58,65,65,65,65,65,65,65,65,65,65,65,65,65,32,32,32,32,32,32,32],"relic_stats":{"Torii":30,"counters":[12,54],"Golden Idol":57,"Gambling Chip":[23],"Astrolabe":["Reprogram","Ball Lightning","Steam"],"obtain_stats":[{"Torii":13,"Golden Idol":4,"Gambling Chip":0,"Strawberry":9,"Astrolabe":17,"Bag of Marbles":10,"Cracked Core":0,"Meat on the Bone":7},{"Torii":6,"Golden Idol":2,"Gambling Chip":0,"Strawberry":3,"Astrolabe":8,"Bag of Marbles":4,"Cracked Core":0,"Meat on the Bone":3},{"Torii":21,"Golden Idol":6,"Gambling Chip":0,"Strawberry":12,"Astrolabe":36,"Bag of Marbles":16,"Cracked Core":0,"Meat on the Bone":12}],"Meat on the Bone":84},"card_choices":[{"not_picked":["Skim","Blizzard","Turbo"],"picked":"SKIP","floor":1},{"not_picked":["Turbo","Steam Power"],"picked":"Loop","floor":2},{"not_picked":["Hologram","Compile Driver"],"picked":"Coolheaded","floor":7},{"not_picked":["Aggregate","Steam"],"picked":"Skim","floor":10},{"not_picked":["Beam Cell","Rebound","Undo"],"picked":"SKIP","floor":12},{"not_picked":["Undo","Leap"],"picked":"Glacier","floor":13},{"not_picked":["Stack","White Noise"],"picked":"Creative AI","floor":14},{"not_picked":["Hyperbeam","Buffer"],"picked":"Machine Learning","floor":16},{"not_picked":["Sweeping Beam","Stack"],"picked":"Conserve Battery+1","floor":18},{"not_picked":["Stack","Steam"],"picked":"Capacitor","floor":20},{"not_picked":["Lockon","Rebound"],"picked":"Reboot","floor":24}],"player_experience":1446037,"relics_obtained":[{"floor":7,"key":"Meat on the Bone"},{"floor":9,"key":"Strawberry"},{"floor":10,"key":"Bag of Marbles"},{"floor":13,"key":"Torii"}],"event_choices":[{"cards_removed":["Strike_B"],"damage_healed":0,"gold_gain":0,"player_choice":"Card Removal","damage_taken":0,"max_hp_gain":0,"max_hp_loss":0,"event_name":"The Cleric","floor":3,"gold_loss":75},{"damage_healed":0,"gold_gain":0,"player_choice":"Lose Max HP","damage_taken":0,"relics_obtained":["Golden Idol"],"max_hp_gain":0,"max_hp_loss":6,"event_name":"Golden Idol","floor":4,"gold_loss":0},{"cards_removed":["Defend_B"],"damage_healed":0,"gold_gain":0,"player_choice":"Elegance","damage_taken":0,"max_hp_gain":0,"max_hp_loss":0,"event_name":"Back to Basics","floor":19,"gold_loss":0},{"damage_healed":0,"gold_gain":50,"player_choice":"Stole From Cult","damage_taken":0,"max_hp_gain":0,"max_hp_loss":0,"event_name":"Nest","floor":21,"gold_loss":0},{"damage_healed":0,"gold_gain":0,"player_choice":"Became a Ghost","damage_taken":0,"max_hp_gain":0,"max_hp_loss":33,"event_name":"Ghosts","floor":22,"gold_loss":0,"cards_obtained":["Ghostly","Ghostly","Ghostly"]}],"is_beta":false,"boss_relics":[{"not_picked":["Tiny House","Busted Crown"],"picked":"Astrolabe"}],"items_purged_floors":[],"is_endless":false,"potions_floor_spawned":[2,12,13,24],"killed_by":"Snake Plant","ascension_level":20}}