{"host":"yo9wwslrag05lh37","time":1609382006,"event":{"mods":["AchievementEnabler","BaseMod","Block Reminder","Colored Map","Colored Powertips","GifTheSpireLib","HexUI Lib","Highlight Path","Minty Spire (QoL Compilation)","Rare Cards Sparkle","Relic Stats","StSLib","everything is the same but u backflip on backflip"],"gold_per_floor":[360,17,17,29,39,39,68,86,109,109,109,123,143,168,168,266,266,231,254,38,38,52,52,52,52],"floor_reached":24,"playtime":971,"items_purged":["Clumsy","Strike_B"],"score":396,"play_id":"0f8e38b0-d6d8-4b37-9d43-ea6a6f79ede1","local_time":"20201231033326","is_ascension_mode":true,"campfire_choices":[{"data":"Zap","floor":6.0,"key":"SMITH"},{"floor":11.0,"key":"REST"},{"data":"Darkness","floor":15.0,"key":"SMITH"},{"floor":23.0,"key":"REST"}],"circlet_count":0,"master_deck":["AscendersBane","Strike_B","Strike_B","Strike_B","Defend_B","Defend_B","Defend_B","Defend_B","Zap+1","Dualcast","Self Repair","Darkness+1","Conserve Battery","Cold Snap","Capacitor","Cold Snap","Consume","Loop"],"relics":["FrozenCore","Membership Card","Singing Bowl","Dream Catcher","Pen Nib","Golden Idol","Regal Pillow","Omamori","Smiling Mask"],"acts_visited":["Exordium","TheCity"],"potions_floor_usage":[24,24],"damage_taken":[{"damage":6.0,"enemies":"Jaw Worm","floor":1.0,"turns":4.0},{"damage":6.0,"enemies":"2 Louse","floor":4.0,"turns":2.0},{"damage":2.0,"enemies":"Cultist","floor":5.0,"turns":4.0},{"damage":28.0,"enemies":"3 Sentries","floor":7.0,"turns":8.0},{"damage":5.0,"enemies":"Looter","floor":8.0,"turns":3.0},{"damage":7.0,"enemies":"Blue Slaver","floor":12.0,"turns":4.0},{"damage":17.0,"enemies":"Lots of Slimes","floor":13.0,"turns":7.0},{"damage":46.0,"enemies":"Slime Boss","floor":16.0,"turns":8.0},{"damage":15.0,"enemies":"2 Thieves","floor":18.0,"turns":5.0},{"damage":23.0,"enemies":"Spheric Guardian","floor":19.0,"turns":9.0},{"damage":22.0,"enemies":"Snecko","floor":22.0,"turns":8.0},{"damage":85,"enemies":"Gremlin Leader","floor":24,"turns":10}],"seed_played":"9151235579298563753","potions_obtained":[{"floor":7.0,"key":"FocusPotion"},{"floor":12.0,"key":"Strength Potion"},{"floor":16.0,"key":"SteroidPotion"}],"is_trial":false,"path_per_floor":["M","$","?","M","M","R","E","M","T","?","R","M","M","T","R","B",null,"M","M","$","?","M","R","E"],"character_chosen":"DEFECT","items_purchased":["Membership Card","Singing Bowl","Regen Potion","Consume","Omamori"],"campfire_rested":2,"item_purchase_floors":[2,2,20,20,20],"current_hp_per_floor":[58,58,53,54,59,59,33,37,37,37,59,61,51,51,51,14,59,44,28,28,28,15,52,0,0],"gold":52,"neow_bonus":"TWO_FIFTY_GOLD","is_daily":false,"chose_seed":false,"campfire_upgraded":2,"win_rate":0.0,"timestamp":1609382006,"path_taken":["M","$","?","M","M","R","E","M","T","?","R","M","M","?","R","BOSS","M","?","$","?","M","R","E"],"items_purchased_type":["Relic","Relic","Potion","Card","Relic"],"build_version":"2020-12-22","purchased_purges":2,"victory":false,"max_hp_per_floor":[71,71,71,71,71,71,73,75,75,68,70,72,72,72,72,74,74,74,74,74,74,76,76,76,76],"relic_stats":{"Dream Catcher":2,"Regal Pillow":15,"Singing Bowl":12,"counters":[12,72],"Golden Idol":40,"Pen Nib":[5],"Smiling Mask":0,"obtain_stats":[{"Dream Catcher":3,"Regal Pillow":14,"Singing Bowl":2,"Golden Idol":10,"Pen Nib":7,"Omamori":20,"Membership Card":2,"Cracked Core":0,"Smiling Mask":21,"FrozenCore":17},{"Dream Catcher":1,"Regal Pillow":7,"Singing Bowl":1,"Golden Idol":5,"Pen Nib":4,"Omamori":10,"Membership Card":1,"Cracked Core":0,"Smiling Mask":10,"FrozenCore":8},{"Dream Catcher":4,"Regal Pillow":32,"Singing Bowl":4,"Golden Idol":21,"Pen Nib":18,"Omamori":54,"Membership Card":4,"Cracked Core":0,"Smiling Mask":54,"FrozenCore":40}],"FrozenCore":[13]},"card_choices":[{"not_picked":["Beam Cell","Streamline"],"picked":"Self Repair","floor":1.0},{"not_picked":["Lockon","Gash"],"picked":"Darkness","floor":4.0},{"not_picked":["Turbo","Hologram"],"picked":"Conserve Battery","floor":5.0},{"not_picked":["Consume","Coolheaded","Chaos"],"picked":"Singing Bowl","floor":7.0},{"not_picked":["Blizzard","Rip and Tear","Loop"],"picked":"Singing Bowl","floor":8.0},{"not_picked":["Consume","Rebound","Conserve Battery"],"picked":"Singing Bowl","floor":11.0},{"not_picked":["Creative AI","Aggregate","Hologram"],"picked":"Singing Bowl","floor":12.0},{"not_picked":["Redo","Stack"],"picked":"Cold Snap","floor":13.0},{"not_picked":["Amplify","All For One","Hyperbeam"],"picked":"Singing Bowl","floor":16.0},{"not_picked":["Gash","Aggregate"],"picked":"Capacitor","floor":18.0},{"not_picked":["Melter","Gash"],"picked":"Cold Snap","floor":19.0},{"not_picked":["Sunder","Coolheaded+1","Turbo"],"picked":"Singing Bowl","floor":22.0},{"not_picked":["Cold Snap+1","Conserve Battery+1"],"picked":"Loop","floor":23.0}],"player_experience":1426566,"relics_obtained":[{"floor":7.0,"key":"Pen Nib"},{"floor":14.0,"key":"Regal Pillow"}],"event_choices":[{"damage_healed":0.0,"max_hp_gain":0.0,"max_hp_loss":0.0,"gold_gain":0.0,"event_name":"Scrap Ooze","player_choice":"Success","floor":3.0,"gold_loss":0.0,"damage_taken":5.0,"relics_obtained":["Dream Catcher"]},{"damage_healed":0.0,"max_hp_gain":0.0,"max_hp_loss":7.0,"gold_gain":0.0,"event_name":"Golden Idol","player_choice":"Lose Max HP","floor":10.0,"gold_loss":0.0,"damage_taken":0.0,"relics_obtained":["Golden Idol"]},{"damage_healed":0.0,"max_hp_gain":0.0,"max_hp_loss":0.0,"gold_gain":0.0,"event_name":"The Mausoleum","player_choice":"Opened","floor":21.0,"gold_loss":0.0,"damage_taken":0.0,"relics_obtained":["Smiling Mask"],"cards_obtained":["Writhe"]}],"is_beta":false,"boss_relics":[{"not_picked":["Coffee Dripper","Calling Bell"],"picked":"FrozenCore"}],"items_purged_floors":[2,20],"is_endless":false,"potions_floor_spawned":[7,12,13,16],"killed_by":"Gremlin Leader","ascension_level":20}}