{"host":"kh6fvhxn285ncg0o","time":1609422983,"event":{"mods":["Act Like it!","BaseMod","Colored Map","Friendly Minions","Keyboard Shortcuts","Minty Spire (QoL Compilation)","Quick Restart","Relic Stats","StSLib","SuperFastMode"],"gold_per_floor":[20,20,20,44,59,97,97,130,130,158,204,231,318,330,342,452,464,500,512,543,568,457,501,501,544,614,638,638,638,658,693,693,784,784,805,725,749,773,541,565,596,596,619,654,654,698,722,763,763,763,763,763,763,38,82,82],"floor_reached":57,"playtime":2579,"items_purged":["Indignation","Judgement+1","Vengeance+1"],"score":3371,"play_id":"89271bbf-6de8-45a8-ac9d-6cfb29bd9bbb","local_time":"20201231225623","is_ascension_mode":true,"campfire_choices":[{"data":"Eruption","floor":7.0,"key":"SMITH"},{"data":"SandsOfTime","floor":15.0,"key":"SMITH"},{"data":"Vault","floor":24.0,"key":"SMITH"},{"floor":28.0,"key":"REST"},{"floor":32.0,"key":"REST"},{"floor":42.0,"key":"REST"},{"floor":49.0,"key":"RECALL"},{"floor":53.0,"key":"REST"}],"circlet_count":0,"master_deck":["AscendersBane","Eruption+1","Vigilance+1","DeusExMachina+1","SandsOfTime+1","Vault+1","TalkToTheHand+1","LessonLearned+1","Study+1","MentalFortress+1","WheelKick+1","Vault+1","FlurryOfBlows+1","InnerPeace+1","Vault+1","Tantrum+1","InnerPeace+1"],"relics":["PureWater","Golden Idol","Omamori","The Courier","Strawberry","MawBank","Orichalcum","Bottled Lightning","Pandora\u0027s Box","Bronze Scales","Matryoshka","White Beast Statue","Shuriken","Ornamental Fan","Fusion Hammer","Happy Flower","Torii","Damaru","Calipers","Dream Catcher","TungstenRod","Orrery","Mango","Oddly Smooth Stone","Lizard Tail","Blood Vial"],"acts_visited":["Exordium","TheCity","TheBeyond","TheEnding"],"potions_floor_usage":[56,56],"damage_taken":[{"damage":3.0,"enemies":"2 Louse","floor":1.0,"turns":3.0},{"damage":2.0,"enemies":"Jaw Worm","floor":5.0,"turns":3.0},{"damage":22.0,"enemies":"3 Sentries","floor":6.0,"turns":7.0},{"damage":0.0,"enemies":"Gremlin Nob","floor":8.0,"turns":3.0},{"damage":2.0,"enemies":"Small Slimes","floor":10.0,"turns":2.0},{"damage":0.0,"enemies":"Lagavulin","floor":11.0,"turns":3.0},{"damage":0.0,"enemies":"3 Louse","floor":12.0,"turns":3.0},{"damage":6.0,"enemies":"3 Sentries","floor":13.0,"turns":6.0},{"damage":3.0,"enemies":"The Guardian","floor":16.0,"turns":8.0},{"damage":0.0,"enemies":"Chosen","floor":18.0,"turns":4.0},{"damage":17.0,"enemies":"Shell Parasite","floor":20.0,"turns":4.0},{"damage":0.0,"enemies":"3 Cultists","floor":21.0,"turns":4.0},{"damage":0.0,"enemies":"Gremlin Leader","floor":23.0,"turns":4.0},{"damage":6.0,"enemies":"Book of Stabbing","floor":25.0,"turns":3.0},{"damage":0.0,"enemies":"Centurion and Healer","floor":27.0,"turns":3.0},{"damage":0.0,"enemies":"Snecko","floor":30.0,"turns":4.0},{"damage":12.0,"enemies":"Gremlin Leader","floor":31.0,"turns":4.0},{"damage":0.0,"enemies":"Collector","floor":33.0,"turns":5.0},{"damage":0.0,"enemies":"Orb Walker","floor":35.0,"turns":4.0},{"damage":4.0,"enemies":"3 Shapes","floor":37.0,"turns":6.0},{"damage":0.0,"enemies":"Maw","floor":38.0,"turns":4.0},{"damage":0.0,"enemies":"Transient","floor":40.0,"turns":6.0},{"damage":33.0,"enemies":"Nemesis","floor":41.0,"turns":6.0},{"damage":1.0,"enemies":"Reptomancer","floor":44.0,"turns":4.0},{"damage":0.0,"enemies":"Nemesis","floor":46.0,"turns":4.0},{"damage":0.0,"enemies":"Writhing Mass","floor":47.0,"turns":4.0},{"damage":0.0,"enemies":"Giant Head","floor":48.0,"turns":5.0},{"damage":14.0,"enemies":"Time Eater","floor":50.0,"turns":5.0},{"damage":11.0,"enemies":"Donu and Deca","floor":51.0,"turns":5.0},{"damage":0,"enemies":"Shield and Spear","floor":55,"turns":5},{"damage":1,"enemies":"The Heart","floor":56,"turns":8}],"seed_played":"-171946117246518859","potions_obtained":[{"floor":1.0,"key":"SkillPotion"},{"floor":6.0,"key":"Block Potion"},{"floor":11.0,"key":"DuplicationPotion"},{"floor":18.0,"key":"Swift Potion"},{"floor":20.0,"key":"Block Potion"},{"floor":21.0,"key":"Strength Potion"},{"floor":23.0,"key":"SkillPotion"},{"floor":27.0,"key":"LiquidMemories"},{"floor":30.0,"key":"LiquidMemories"},{"floor":37.0,"key":"FearPotion"},{"floor":44.0,"key":"DuplicationPotion"},{"floor":46.0,"key":"PowerPotion"},{"floor":47.0,"key":"Regen Potion"},{"floor":55,"key":"LiquidMemories"}],"is_trial":false,"path_per_floor":["M","?","?","T","M","E","R","E","T","M","E","M","?","?","R","B",null,"M","?","M","M","$","E","R","E","T","M","R","?","M","E","R","B",null,"M","$","M","M","$","M","E","R","T","E","?","E","M","E","R","B","B",null,"R","$","E","B",null],"character_chosen":"WATCHER","items_purchased":["Vault","Happy Flower","Orrery","Mango","Oddly Smooth Stone","Lizard Tail"],"campfire_rested":4,"item_purchase_floors":[22,39,54,54,54,54],"current_hp_per_floor":[58,58,58,58,56,34,34,41,41,39,39,39,33,12,12,9,54,54,54,37,37,37,37,37,31,31,31,51,51,51,39,59,59,67,67,67,63,63,63,63,30,50,50,49,49,49,49,49,49,49,38,61,69,83,83,82],"gold":82,"neow_bonus":"TRANSFORM_TWO_CARDS","is_daily":false,"chose_seed":false,"campfire_upgraded":3,"win_rate":0.0,"timestamp":1609422983,"path_taken":["M","?","?","?","?","E","R","E","T","M","E","M","?","?","R","BOSS","M","?","M","M","$","E","R","E","T","M","R","?","M","E","R","BOSS","M","$","M","M","$","M","E","R","T","E","?","E","M","E","R","BOSS","BOSS","R","$","E","BOSS"],"items_purchased_type":["Card","Relic","Relic","Relic","Relic","Relic"],"build_version":"2020-12-22","purchased_purges":3,"victory":true,"max_hp_per_floor":[68,62,62,62,62,62,62,69,69,69,69,69,69,69,69,69,69,69,69,69,69,69,69,69,69,69,69,69,69,69,69,69,69,69,69,69,69,69,69,69,69,69,69,69,69,69,69,69,69,69,69,69,69,83,83,83],"relic_stats":{"Happy Flower":[17],"Torii":3,"counters":[31,139],"Golden Idol":258,"Orichalcum":[192],"MawBank":156,"Blood Vial":0,"Dream Catcher":1,"Lizard Tail":0,"Shuriken":[55],"Ornamental Fan":[200],"Bronze Scales":[120],"Pandora\u0027s Box":["SashWhip","Indignation","Study","Fasting2","Judgement"],"obtain_stats":[{"Calipers":44,"Torii":41,"Mango":54,"Blood Vial":55,"Dream Catcher":46,"Lizard Tail":54,"Matryoshka":25,"Strawberry":8,"Fusion Hammer":34,"Happy Flower":39,"Golden Idol":2,"Damaru":43,"Oddly Smooth Stone":54,"The Courier":6,"Omamori":4,"Orichalcum":11,"MawBank":9,"White Beast Statue":26,"Shuriken":26,"Ornamental Fan":31,"Bronze Scales":23,"Orrery":54,"Pandora\u0027s Box":17,"Bottled Lightning":13,"PureWater":0,"TungstenRod":48},{"Calipers":24,"Torii":23,"Mango":29,"Blood Vial":30,"Dream Catcher":25,"Lizard Tail":29,"Matryoshka":14,"Strawberry":4,"Fusion Hammer":18,"Happy Flower":21,"Golden Idol":1,"Damaru":23,"Oddly Smooth Stone":29,"The Courier":3,"Omamori":1,"Orichalcum":6,"MawBank":4,"White Beast Statue":14,"Shuriken":14,"Ornamental Fan":17,"Bronze Scales":13,"Orrery":29,"Pandora\u0027s Box":9,"Bottled Lightning":8,"PureWater":0,"TungstenRod":27},{"Calipers":103,"Torii":99,"Mango":126,"Blood Vial":131,"Dream Catcher":107,"Lizard Tail":126,"Matryoshka":57,"Strawberry":16,"Fusion Hammer":73,"Happy Flower":87,"Golden Idol":3,"Damaru":99,"Oddly Smooth Stone":126,"The Courier":13,"Omamori":3,"Orichalcum":21,"MawBank":16,"White Beast Statue":57,"Shuriken":57,"Ornamental Fan":68,"Bronze Scales":54,"Orrery":126,"Pandora\u0027s Box":38,"Bottled Lightning":30,"PureWater":0,"TungstenRod":116}],"TungstenRod":5},"card_choices":[{"not_picked":["SashWhip","CarveReality","Halt"],"picked":"SKIP","floor":1.0},{"not_picked":["CarveReality","EmptyBody"],"picked":"SandsOfTime","floor":5.0},{"not_picked":["DeceiveReality","Crescendo"],"picked":"Vault","floor":6.0},{"not_picked":["SpiritShield","Wallop","EmptyBody"],"picked":"SKIP","floor":8.0},{"not_picked":["Halt","WreathOfFlame","Prostrate"],"picked":"SKIP","floor":10.0},{"not_picked":["EmptyBody","PathToVictory"],"picked":"TalkToTheHand","floor":11.0},{"not_picked":["Indignation","BowlingBash","Crescendo"],"picked":"SKIP","floor":12.0},{"not_picked":["Wish","Ragnarok"],"picked":"LessonLearned","floor":16.0},{"not_picked":["FlyingSleeves","LikeWater"],"picked":"MentalFortress","floor":18.0},{"not_picked":["Prostrate","ClearTheMind","PathToVictory"],"picked":"SKIP","floor":20.0},{"not_picked":["SashWhip","CutThroughFate","Crescendo"],"picked":"SKIP","floor":21.0},{"not_picked":["SandsOfTime+1","Nirvana"],"picked":"FlurryOfBlows","floor":23.0},{"not_picked":["Collect","Wallop","Wish"],"picked":"SKIP","floor":25.0},{"not_picked":["CutThroughFate","Prostrate","BowlingBash"],"picked":"SKIP","floor":27.0},{"not_picked":["CutThroughFate","Prostrate","BowlingBash"],"picked":"SKIP","floor":27.0},{"not_picked":["FollowUp","Crescendo","BowlingBash"],"picked":"SKIP","floor":30.0},{"not_picked":["MasterReality","FlurryOfBlows+1","SashWhip"],"picked":"SKIP","floor":31.0},{"not_picked":["Omniscience","ConjureBlade"],"picked":"Vault","floor":33.0},{"not_picked":["SashWhip","BowlingBash","EmptyMind"],"picked":"SKIP","floor":35.0},{"not_picked":["Wireheading","FlyingSleeves","PathToVictory"],"picked":"SKIP","floor":37.0},{"not_picked":["EmptyFist","Collect"],"picked":"Tantrum","floor":38.0},{"not_picked":["BowlingBash+1","FlurryOfBlows","FollowUp"],"picked":"SKIP","floor":40.0},{"not_picked":["Prostrate","FollowUp","BattleHymn"],"picked":"SKIP","floor":41.0},{"not_picked":["ThirdEye","JustLucky","Fasting2+1"],"picked":"SKIP","floor":44.0},{"not_picked":["ThirdEye","JustLucky","Fasting2+1"],"picked":"SKIP","floor":44.0},{"not_picked":["Fasting2","CarveReality","Wish"],"picked":"SKIP","floor":46.0},{"not_picked":["CutThroughFate","BowlingBash","LikeWater+1"],"picked":"SKIP","floor":47.0},{"not_picked":["JustLucky","EmptyBody","ClearTheMind"],"picked":"SKIP","floor":48.0},{"not_picked":["JustLucky","Meditate"],"picked":"InnerPeace+1","floor":54},{"not_picked":["Judgement","Halt","CutThroughFate"],"picked":"SKIP","floor":55}],"player_experience":3336479,"relics_obtained":[{"floor":4.0,"key":"Omamori"},{"floor":6.0,"key":"The Courier"},{"floor":8.0,"key":"Strawberry"},{"floor":9.0,"key":"MawBank"},{"floor":11.0,"key":"Orichalcum"},{"floor":13.0,"key":"Bottled Lightning"},{"floor":23.0,"key":"Bronze Scales"},{"floor":25.0,"key":"Matryoshka"},{"floor":26.0,"key":"White Beast Statue"},{"floor":26.0,"key":"Shuriken"},{"floor":31.0,"key":"Ornamental Fan"},{"floor":41.0,"key":"Torii"},{"floor":43.0,"key":"Damaru"},{"floor":44.0,"key":"Calipers"},{"floor":46.0,"key":"Dream Catcher"},{"floor":48.0,"key":"TungstenRod"},{"floor":55,"key":"Blood Vial"}],"event_choices":[{"damage_healed":0.0,"max_hp_gain":0.0,"max_hp_loss":6.0,"gold_gain":0.0,"event_name":"Golden Idol","player_choice":"Lose Max HP","floor":2.0,"gold_loss":0.0,"damage_taken":0.0,"relics_obtained":["Golden Idol"]},{"cards_removed":["Defend_P"],"damage_healed":0.0,"max_hp_gain":0.0,"max_hp_loss":0.0,"gold_gain":0.0,"event_name":"Living Wall","player_choice":"Forget","floor":3.0,"gold_loss":0.0,"damage_taken":0.0},{"damage_healed":0.0,"max_hp_gain":0.0,"max_hp_loss":0.0,"gold_gain":0.0,"event_name":"Dead Adventurer","player_choice":"Searched \u00271\u0027 times","floor":13.0,"gold_loss":0.0,"damage_taken":0.0},{"damage_healed":0.0,"max_hp_gain":0.0,"max_hp_loss":0.0,"gold_gain":0.0,"event_name":"Shining Light","player_choice":"Entered Light","floor":14.0,"gold_loss":0.0,"damage_taken":21.0,"cards_upgraded":["TalkToTheHand","CrushJoints"]},{"damage_healed":0.0,"max_hp_gain":0.0,"max_hp_loss":0.0,"gold_gain":0.0,"cards_transformed":["Fasting2","SashWhip"],"event_name":"Drug Dealer","player_choice":"Became Test Subject","floor":19.0,"gold_loss":0.0,"damage_taken":0.0,"cards_obtained":["Vengeance","WheelKick"]},{"damage_healed":0.0,"max_hp_gain":0.0,"max_hp_loss":0.0,"gold_gain":0.0,"event_name":"The Library","player_choice":"Read","floor":29.0,"gold_loss":0.0,"damage_taken":0.0,"cards_obtained":["InnerPeace"]},{"cards_removed":["CrushJoints"],"damage_healed":0.0,"max_hp_gain":0.0,"max_hp_loss":0.0,"gold_gain":0.0,"event_name":"Falling","player_choice":"Removed Attack","floor":45.0,"gold_loss":0.0,"damage_taken":0.0}],"is_beta":false,"boss_relics":[{"not_picked":["Black Star","Busted Crown"],"picked":"Pandora\u0027s Box"},{"not_picked":["Calling Bell","Velvet Choker"],"picked":"Fusion Hammer"}],"items_purged_floors":[22,36,39],"is_endless":false,"potions_floor_spawned":[1,6,10,11,18,20,21,23,27,30,31,33,35,37,38,40,41,44,46,47,48,55],"ascension_level":20}}