{"host":"zig6x0mxqzam82fb","time":1609445561,"event":{"mods":["BaseMod","Block Reminder","Colored Map","Colored Powertips","Marisa????????","Minty Spire (QoL Compilation)","Relic Stats","StSLib","The Cursed","The Marked","Waifu the Spire"],"gold_per_floor":[115,128,145,161,174,174,203,222,274,274,331,345,364,464,464,464,464],"floor_reached":16,"playtime":820,"items_purged":[],"score":164,"play_id":"af3c1237-8217-4567-bb5f-a50f82ca0b77","local_time":"20201231151241","is_ascension_mode":true,"campfire_choices":[{"floor":6,"key":"REST"},{"floor":15,"key":"REST"}],"circlet_count":0,"master_deck":["AscendersBane","Strike_B","Strike_B","Strike_B","Defend_B","Defend_B","Defend_B","Defend_B","Zap","Dualcast","Defragment","Melter","FTL","Sunder","Undo","Streamline","Rebound","Tempest","Coolheaded","Compile Driver","Buffer"],"relics":["Cracked Core","WingedGreaves","Ancient Tea Set","Strawberry","Kunai"],"acts_visited":["Exordium"],"potions_floor_usage":[7,11,11],"damage_taken":[{"damage":2,"enemies":"Jaw Worm","floor":1,"turns":3},{"damage":5,"enemies":"2 Louse","floor":2,"turns":2},{"damage":7,"enemies":"Small Slimes","floor":3,"turns":3},{"damage":17,"enemies":"Looter","floor":4,"turns":3},{"damage":19,"enemies":"Exordium Thugs","floor":5,"turns":5},{"damage":8,"enemies":"Gremlin Nob","floor":7,"turns":3},{"damage":0,"enemies":"3 Louse","floor":8,"turns":2},{"damage":0,"enemies":"Gremlin Nob","floor":11,"turns":2},{"damage":17,"enemies":"Exordium Wildlife","floor":12,"turns":4},{"damage":17,"enemies":"Large Slime","floor":13,"turns":4},{"damage":29,"enemies":"Hexaghost","floor":16,"turns":9}],"seed_played":"-2676412061092107783","potions_obtained":[{"floor":1,"key":"Fire Potion"},{"floor":2,"key":"LiquidMemories"},{"floor":7,"key":"FearPotion"}],"is_trial":false,"path_per_floor":["M","M","M","M","M","R","E","M","T","?","?","M","M","?","R","B"],"character_chosen":"DEFECT","items_purchased":[],"campfire_rested":2,"item_purchase_floors":[],"current_hp_per_floor":[66,61,54,37,18,38,30,30,37,37,37,20,3,3,25,0,0],"gold":464,"neow_bonus":"ONE_RARE_RELIC","is_daily":false,"chose_seed":false,"campfire_upgraded":0,"win_rate":0.0,"timestamp":1609445561,"path_taken":["M","M","M","M","M","R","E","M","T","?","?","M","M","?","R","BOSS"],"items_purchased_type":[],"build_version":"2020-12-22","purchased_purges":0,"victory":false,"max_hp_per_floor":[68,68,68,68,68,68,68,68,75,75,75,75,75,75,75,75,75],"relic_stats":{"counters":[11,40],"Kunai":[2],"obtain_stats":[{"Strawberry":9,"WingedGreaves":0,"Kunai":11,"Cracked Core":0,"Ancient Tea Set":7},{"Strawberry":7,"WingedGreaves":0,"Kunai":8,"Cracked Core":0,"Ancient Tea Set":6},{"Strawberry":21,"WingedGreaves":0,"Kunai":23,"Cracked Core":0,"Ancient Tea Set":19}]},"card_choices":[{"not_picked":["Force Field","Go for the Eyes"],"picked":"Defragment","floor":1},{"not_picked":["Static Discharge","Force Field"],"picked":"Melter","floor":2},{"not_picked":["Hello World","Sweeping Beam"],"picked":"FTL","floor":3},{"not_picked":["Self Repair","Steam"],"picked":"Sunder","floor":4},{"not_picked":["Compile Driver","Barrage"],"picked":"Undo","floor":5},{"not_picked":["Defragment","Genetic Algorithm"],"picked":"Streamline","floor":7},{"not_picked":["Beam Cell","Compile Driver"],"picked":"Rebound","floor":8},{"not_picked":["Gash","Leap"],"picked":"Coolheaded","floor":11},{"not_picked":["Blizzard","Stack"],"picked":"Compile Driver","floor":12},{"not_picked":["Cold Snap","Sweeping Beam"],"picked":"Buffer","floor":13}],"player_experience":409037,"relics_obtained":[{"floor":7,"key":"Ancient Tea Set"},{"floor":9,"key":"Strawberry"},{"floor":11,"key":"Kunai"}],"event_choices":[{"damage_healed":0,"gold_gain":0,"cards_transformed":["Strike_B"],"player_choice":"Change","damage_taken":0,"max_hp_gain":0,"max_hp_loss":0,"event_name":"Living Wall","floor":10,"gold_loss":0,"cards_obtained":["Tempest"]},{"damage_healed":0,"gold_gain":0,"player_choice":"Searched \u00271\u0027 times","damage_taken":0,"max_hp_gain":0,"max_hp_loss":0,"event_name":"Dead Adventurer","floor":11,"gold_loss":0},{"damage_healed":0,"gold_gain":100,"player_choice":"Pray","damage_taken":0,"max_hp_gain":0,"max_hp_loss":0,"event_name":"Golden Shrine","floor":14,"gold_loss":0}],"is_beta":false,"boss_relics":[],"items_purged_floors":[],"is_endless":false,"potions_floor_spawned":[1,2,5,7,8],"killed_by":"Hexaghost","ascension_level":11}}