{"host":"bu0lvejwxlz725fi","time":1609438201,"event":{"mods":["AchievementEnabler","BaseMod","Downfall","Marisa????????","Minty Spire (QoL Compilation)","StSLib","The Disciple","The Hierophant","The Necromancer","The Senshi","The Servant 0.9.4"],"gold_per_floor":[102,122,134,145,130,130,130],"floor_reached":6,"playtime":519,"items_purged":[],"score":40,"play_id":"0d13d612-aee8-4709-ad2b-8dde8a2d077c","local_time":"20201231191001","is_ascension_mode":false,"campfire_choices":[],"circlet_count":0,"master_deck":["hierophant:Strike_Hierophant","hierophant:Strike_Hierophant","hierophant:Strike_Hierophant","hierophant:Strike_Hierophant","hierophant:Punish","hierophant:Defend_Hierophant","hierophant:Defend_Hierophant","hierophant:Defend_Hierophant","hierophant:Defend_Hierophant","hierophant:ChurchCoffers","hierophant:RepressedViolence","hierophant:Zeal","hierophant:Purify","hierophant:Embezzle","hierophant:Sermon"],"relics":["hierophant:PropheticMaskRelic","CaptainsWheel"],"acts_visited":["Exordium"],"potions_floor_usage":[6],"damage_taken":[{"damage":1,"enemies":"2 Louse","floor":1,"turns":2},{"damage":0,"enemies":"Cultist","floor":2,"turns":4},{"damage":7,"enemies":"Small Slimes","floor":3,"turns":2},{"damage":14,"enemies":"Blue Slaver","floor":4,"turns":3},{"damage":10,"enemies":"Looter","floor":5,"turns":3},{"damage":18,"enemies":"Lagavulin","floor":6,"turns":6}],"seed_played":"-1355220744468220350","potions_obtained":[{"floor":3,"key":"FearPotion"},{"floor":5,"key":"Swift Potion"}],"is_trial":false,"path_per_floor":["M","M","M","M","M","E"],"character_chosen":"HIEROPHANT","items_purchased":[],"campfire_rested":0,"item_purchase_floors":[],"current_hp_per_floor":[53,53,46,32,22,4,4],"gold":130,"neow_bonus":"ONE_RARE_RELIC","is_daily":false,"chose_seed":false,"campfire_upgraded":0,"win_rate":0.0,"timestamp":1609438201,"path_taken":["M","M","M","M","M","E"],"items_purchased_type":[],"build_version":"2020-12-22","purchased_purges":0,"victory":false,"max_hp_per_floor":[75,75,75,75,75,75,75],"card_choices":[{"not_picked":["hierophant:ArchangelShield","hierophant:DisplayOfPower"],"picked":"hierophant:RepressedViolence","floor":1},{"not_picked":["hierophant:RepressedViolence","hierophant:Doomsaying"],"picked":"hierophant:Zeal","floor":2},{"not_picked":["hierophant:Encroach","hierophant:Doomsaying"],"picked":"hierophant:Purify","floor":3},{"not_picked":["hierophant:FieryStrike","hierophant:Racketeering"],"picked":"hierophant:Embezzle","floor":4},{"not_picked":["hierophant:Community","hierophant:FieryStrike"],"picked":"hierophant:Sermon","floor":5}],"player_experience":135888,"relics_obtained":[],"event_choices":[],"is_beta":false,"boss_relics":[],"items_purged_floors":[],"is_endless":false,"potions_floor_spawned":[3,5],"killed_by":"Lagavulin","ascension_level":0}}