{"host":"m1168lp3vv5pgdep","time":1609417540,"event":{"mods":["Act Like it!","Aspiration","BaseMod","Better Altar","Better Match","Better Sensory Stone","Better Skull","Better Third Choice","Block Reminder","CCEM","Curses Come First","Elementarium","Gensokyo","GungeonMod","Hallownest","Hermit","Hubris","Menagerie","Minty Spire (QoL Compilation)","Pale of the Ancients","Permanent Neow","Quick Restart","Small Relic Pack","Spicy Shops","StSLib","The Bug Knight","The Forsaken","Wandering Minibosses","WarShipGirlsR/????R mod"],"gold_per_floor":[109,0,106,121,148,183,183,213,213,213,213,224,241,273,273,377,377,390,133,133,143,143,175,175,203,273,13,13,39,39,58,58,155,155,155,155],"floor_reached":35,"playtime":3589,"items_purged":["HollowMod:NailStrikeStart","HollowMod:NailStrikeStart","HollowMod:NailStrikeStart"],"score":477,"play_id":"df5eca1e-3bda-4c61-b606-97593a962137","local_time":"20201231122540","is_ascension_mode":true,"campfire_choices":[{"floor":7.0,"key":"RECALL"},{"data":"HollowMod:SlysStrikes","floor":15,"key":"SMITH"},{"data":"HollowMod:VoidDash","floor":24,"key":"SMITH"},{"data":"HollowMod:DoubleDash","floor":28,"key":"SMITH"},{"floor":32,"key":"REST"}],"circlet_count":0,"master_deck":["HollowMod:NailStrikeStart","HollowMod:QuickDashStart+1","HollowMod:QuickDashStart","HollowMod:FocusHealStart+1","HollowMod:PogoStrike","HollowMod:WraithStrike+1","HollowMod:WraithStrike","HollowMod:MonarchWings","HollowMod:SlysStrikes+1","HollowMod:DescendingDark","HollowMod:DoubleDash+1","HollowMod:VoidDash+1","Mind Blast+1","HollowMod:VengefulSpirit+1","HollowMod:ZotesMagnificence","HollowMod:BlackTendrils+1","HollowMod:NewInfectedGuardian+1","hubris:Envy"],"relics":["HollowMod:VesselMask","NeowsBlessing","Hallownest:BankAccountRelic","Smiling Mask","CCEMRelics:OrganicArmor","Pear","DemoMod:Relodestone","WingedGreaves","relicPack:KazumaCape","aspiration:HummingbirdHeart","relicPack:OneForAll","hubris:DeckOfHolding","Strawberry","Du-Vu Doll","Oddly Smooth Stone","Hallownest:WatcherSealRelic","Astrolabe"],"acts_visited":["Hallownest:Greenpath","Hallownest:CityofTears","Hallownest:KingdomsEdge"],"potions_floor_usage":[23,25,25,25,33,33,33],"damage_taken":[{"damage":0.0,"enemies":"Hallownest:monsterHuskGuard","floor":1.0,"turns":1.0},{"damage":0.0,"enemies":"Hallownest:2_MossCreeps","floor":4.0,"turns":1.0},{"damage":0.0,"enemies":"Hallownest:eliteMossKnight","floor":6.0,"turns":1.0},{"damage":20.0,"enemies":"Hallownest:eliteCrystalGuardian","floor":8.0,"turns":8.0},{"damage":1.0,"enemies":"2_ Uuma","floor":12.0,"turns":5.0},{"damage":25.0,"enemies":"Hallownest:1_Ooma_and_2_Uuma","floor":13.0,"turns":10.0},{"damage":9.0,"enemies":"Hallownest:eliteVengeflyKing","floor":14.0,"turns":9.0},{"damage":26,"enemies":"Hallownest:BossFalseKnight","floor":16,"turns":12},{"damage":0,"enemies":"Hallownest:2_Mistakes","floor":18,"turns":5},{"damage":26,"enemies":"Hallownest:Guard_and_Sentry","floor":21,"turns":7},{"damage":39,"enemies":"Hallownest:eliteSoulWarrior","floor":23,"turns":10},{"damage":20,"enemies":"Hallownest:Nosk","floor":25,"turns":10},{"damage":0,"enemies":"Hallownest:monsterShrumalOgre","floor":31,"turns":6},{"damage":56,"enemies":"Hallownest:BossGrimm","floor":33,"turns":17},{"damage":54,"enemies":"Hallownest:3_Siblings","floor":35,"turns":7}],"seed_played":"-6569965522871014300","potions_obtained":[{"floor":1.0,"key":"Regen Potion"},{"floor":6.0,"key":"SkillPotion"},{"floor":16,"key":"LiquidBronze"},{"floor":21,"key":"ColorlessPotion"},{"floor":31,"key":"Weak Potion"},{"floor":33,"key":"GamblersBrew"}],"is_trial":false,"path_per_floor":["M","?","?","M","T","E","R","E","T","?","?","M","M","E","R","B",null,"M","$","?","M","?","E","R","E","T","$","R","T","?","M","R","B",null,"M"],"character_chosen":"THE_BUGKNIGHT","items_purchased":["aspiration:HummingbirdHeart","Du-Vu Doll","Block Potion"],"campfire_rested":1,"item_purchase_floors":[19,27,27],"current_hp_per_floor":[75,75,54,54,54,54,54,59,59,59,59,70,57,54,54,40,85,85,85,85,66,66,37,37,36,36,36,36,36,36,46,73,29,92,45,45],"gold":155,"neow_bonus":"THREE_ENEMY_KILL","is_daily":false,"chose_seed":false,"campfire_upgraded":3,"win_rate":0.0,"timestamp":1609417540,"path_taken":["M","?","?","?","?","E","R","E","T","?","?","M","M","E","R","BOSS","M","$","?","?","?","E","R","E","T","$","R","?","?","M","R","BOSS","M"],"items_purchased_type":["Relic","Relic","Potion"],"build_version":"2020-12-22","purchased_purges":3,"victory":false,"max_hp_per_floor":[75,75,75,75,75,75,75,85,85,85,85,85,85,85,85,85,85,85,85,85,85,85,85,85,92,92,92,92,92,92,92,92,92,92,92,92],"card_choices":[{"not_picked":["HollowMod:InfectedAttack","HollowMod:MonarchWings"],"picked":"HollowMod:WraithStrike","floor":1.0},{"not_picked":["HollowMod:InfectedAttack","HollowMod:BaldurShell"],"picked":"HollowMod:WraithStrike","floor":4.0},{"not_picked":["HollowMod:HeavyBlow","HollowMod:PerfectDash"],"picked":"HollowMod:MonarchWings","floor":6.0},{"not_picked":["HollowMod:InfectionAssault","HollowMod:PureNailStrike","HollowMod:CornifersMapStart"],"picked":"SKIP","floor":8.0},{"not_picked":["HollowMod:CrystalDash","HollowMod:SoulVessel"],"picked":"HollowMod:SlysStrikes","floor":12.0},{"not_picked":["HollowMod:DoubleDash","HollowMod:SoulVessel"],"picked":"HollowMod:DescendingDark","floor":13.0},{"not_picked":["HollowMod:WraithStrike","HollowMod:MidwifesHunger"],"picked":"HollowMod:DoubleDash","floor":14.0},{"not_picked":["HollowMod:ZotesMagnificence","HollowMod:HornetsHelp"],"picked":"HollowMod:VoidDash","floor":16},{"not_picked":["HollowMod:DreamGate","HollowMod:SoulVessel","HollowMod:ChannelNail+1"],"picked":"SKIP","floor":18},{"not_picked":["Dark Shackles+1","Purity+1"],"picked":"Mind Blast+1","floor":20},{"not_picked":["HollowMod:CrystalDash","HollowMod:CornifersMapStart+1"],"picked":"HollowMod:VengefulSpirit+1","floor":21},{"not_picked":["HollowMod:LifebloodCocoon","HollowMod:ShapeofUnn","HollowMod:BaldurShell+1"],"picked":"SKIP","floor":23},{"not_picked":["HollowMod:NewLittleFool+1","HollowMod:ChannelNail","HollowMod:HeavyBlow+1"],"picked":"SKIP","floor":25},{"not_picked":["HollowMod:InfectionAssault","HollowMod:GrimmsGift","HollowMod:QuirrelsAssistance"],"picked":"SKIP","floor":31},{"not_picked":["HollowMod:VoidDash","HollowMod:LifebloodCore"],"picked":"HollowMod:ZotesMagnificence","floor":33}],"player_experience":241684,"relics_obtained":[{"floor":5.0,"key":"Smiling Mask"},{"floor":6.0,"key":"CCEMRelics:OrganicArmor"},{"floor":8.0,"key":"Pear"},{"floor":9.0,"key":"DemoMod:Relodestone"},{"floor":14.0,"key":"WingedGreaves"},{"floor":23,"key":"hubris:DeckOfHolding"},{"floor":25,"key":"Strawberry"},{"floor":29,"key":"Oddly Smooth Stone"}],"event_choices":[{"damage_healed":0.0,"max_hp_gain":0.0,"max_hp_loss":0.0,"gold_gain":106.0,"event_name":"betterSkull:BetterSkull","player_choice":"UP GO ","floor":3.0,"gold_loss":0.0,"damage_taken":24.0,"cards_upgraded":["HollowMod:QuickDashStart"],"relics_obtained":[]},{"damage_healed":0,"gold_gain":0,"player_choice":"2","damage_taken":0,"max_hp_gain":0,"max_hp_loss":0,"event_name":"betterMatch:BetterMatch","floor":20,"gold_loss":0,"cards_obtained":["betterMatch:ColorlessUncommonCard"]}],"is_beta":false,"boss_relics":[{"not_picked":["relicPack:ShieldShield","hubris:BlackHole"],"picked":"relicPack:KazumaCape"},{"not_picked":["CCEMRelics:GreenEgg","Runic Pyramid"],"picked":"Astrolabe"}],"items_purged_floors":[19,27,27],"is_endless":false,"potions_floor_spawned":[1,6,16,21,31,33],"killed_by":"Hallownest:3_Siblings","ascension_level":1}}