{"host":"hxb85ejwp6zvj2g7","time":1609381725,"event":{"mods":["BaseMod","BetterRewards","Colored Map","Friendly Minions","Kiyohime（清姬）","Marisa（F雨　魔理沙）","Minty Spire (QoL Compilation)","READ ME - Guardian Mod","READ ME - Snecko Mod","Remilia（蕾米莉亚）","StSLib","The Administrix","The Construct","The Cursed","The Disciple","The Mystic","The Necromancer","The Servant 0.9.4"],"gold_per_floor":[109,109,127,141,141,166,166,182,182,182,197,232,248,265,265,367,367,385,395,2,15,27,27,27],"floor_reached":23,"playtime":2579,"items_purged":[],"score":232,"play_id":"1fc98600-5d6b-494d-bbfa-53a245318bb6","local_time":"20201231102845","is_ascension_mode":false,"campfire_choices":[{"data":"Epidemic","floor":7,"key":"SMITH"},{"data":"Vampiric_Strike","floor":10,"key":"SMITH"},{"floor":15,"key":"RECALL"}],"circlet_count":0,"master_deck":["Strike_W","Defend_W","Defend_W","Defend_W","Defend_W","Negative_Energy_Arrows","Bone_Wall","Bone_Spikes","Plague_Bolt","Vampiric_Strike+1","Epidemic+1","Finger_Of_Death","Cloudkill","Negative_Energy_Shield","Exploit","Negative_Energy_Sphere","Hellfire","Summon_Lich+1","Requiem+1","Spectral_Walk+1","Uncharnel","Toxic_Smoke_Screen","Chill_Blood+1","Thousand_Bone_Knives"],"relics":["Vampire_Amulet","FaceOfCleric","Lantern","Letter Opener","Pantograph","Astrolabe","Mummified Hand","ClockworkSouvenir"],"acts_visited":["Exordium","TheCity"],"potions_floor_usage":[6,11,13,16,21],"damage_taken":[{"damage":2,"enemies":"Jaw Worm","floor":1,"turns":4},{"damage":0,"enemies":"Cultist","floor":3,"turns":3},{"damage":1,"enemies":"Small Slimes","floor":4,"turns":3},{"damage":19,"enemies":"3 Sentries","floor":6,"turns":9},{"damage":2,"enemies":"Blue Slaver","floor":8,"turns":4},{"damage":11,"enemies":"Large Slime","floor":11,"turns":6},{"damage":33,"enemies":"Gremlin Nob","floor":12,"turns":5},{"damage":0,"enemies":"Lots of Slimes","floor":13,"turns":2},{"damage":20,"enemies":"Gremlin Gang","floor":14,"turns":4},{"damage":90,"enemies":"Hexaghost","floor":16,"turns":13},{"damage":12,"enemies":"Chosen","floor":18,"turns":5},{"damage":31,"enemies":"Spheric Guardian","floor":19,"turns":6},{"damage":42,"enemies":"Shelled Parasite and Fungi","floor":21,"turns":7},{"damage":16,"enemies":"Snake Plant","floor":22,"turns":4},{"damage":10,"enemies":"Book of Stabbing","floor":23,"turns":2}],"seed_played":"-7014265922958353785","potions_obtained":[{"floor":3,"key":"DistilledChaos"},{"floor":8,"key":"PowerPotion"},{"floor":12,"key":"SneckoOil"},{"floor":13,"key":"Dexterity Potion"},{"floor":19,"key":"Energy Potion"}],"is_trial":false,"path_per_floor":["M","?","M","M","T","E","R","M","T","R","M","E","M","M","R","B",null,"M","M","$","M","M","E"],"character_chosen":"NECROMANCER","items_purchased":["Mummified Hand","ClockworkSouvenir"],"campfire_rested":0,"item_purchase_floors":[20,20],"current_hp_per_floor":[82,82,83,84,84,74,74,77,77,77,83,56,70,62,62,6,91,82,57,57,20,10,0,0],"gold":27,"neow_bonus":"TEN_PERCENT_HP_BONUS","is_daily":false,"chose_seed":false,"campfire_upgraded":2,"win_rate":0.0,"timestamp":1609381725,"path_taken":["M","?","?","M","?","E","R","M","T","R","M","E","M","M","R","BOSS","M","M","$","M","M","E"],"items_purchased_type":["Relic","Relic"],"build_version":"2020-12-22","purchased_purges":0,"victory":false,"max_hp_per_floor":[82,82,83,84,84,85,85,86,86,86,87,88,89,90,90,91,91,92,93,93,94,95,95,95],"card_choices":[{"not_picked":["Bone_Bullets","Negative_Energy_Mist"],"picked":"Bone_Spikes","floor":1},{"not_picked":["Life_Drain","Negative_Energy_Mist"],"picked":"Plague_Bolt","floor":3},{"not_picked":["Death_Knell","Necromantic_Selection"],"picked":"Vampiric_Strike","floor":4},{"not_picked":["Chill_Blood","Scare"],"picked":"Epidemic","floor":6},{"not_picked":["Negative_Energy_Javelin","Blood_Whip"],"picked":"Finger_Of_Death","floor":8},{"not_picked":["Bone_Bullets","Negative_Energy_Sphere"],"picked":"Cloudkill","floor":11},{"not_picked":["Blood_Shield","Blood_for_Blood"],"picked":"Negative_Energy_Shield","floor":12},{"not_picked":["Bone_Armor","Bone_Bullets"],"picked":"Exploit","floor":13},{"not_picked":["Blood_for_Blood","Vampiric_Strike"],"picked":"Negative_Energy_Sphere","floor":14},{"not_picked":["Reap_The_Weak","Grasp_Heart"],"picked":"Hellfire","floor":16},{"not_picked":["Negative_Energy_Mist+1","Life_Tap+1"],"picked":"Uncharnel","floor":18},{"not_picked":["Plague_Bolt","Spectral_Armor+1"],"picked":"Toxic_Smoke_Screen","floor":19},{"not_picked":["Negative_Energy_Javelin","Consume_Illness"],"picked":"Chill_Blood+1","floor":21},{"not_picked":["Death_March_Dance","Negative_Energy_Shield"],"picked":"Thousand_Bone_Knives","floor":22}],"player_experience":87336,"relics_obtained":[{"floor":6,"key":"Lantern"},{"floor":9,"key":"Letter Opener"},{"floor":12,"key":"Pantograph"}],"event_choices":[{"damage_healed":0,"gold_gain":0,"player_choice":"Trade","damage_taken":0,"relics_obtained":["FaceOfCleric"],"max_hp_gain":0,"max_hp_loss":0,"event_name":"FaceTrader","floor":2,"gold_loss":0}],"is_beta":false,"boss_relics":[{"not_picked":["construct:ClawGrip","Runic Pyramid"],"picked":"Astrolabe"}],"items_purged_floors":[],"is_endless":false,"potions_floor_spawned":[3,8,12,13,19],"killed_by":"Book of Stabbing","ascension_level":0}}