{"host":"7qmclr78zvlntuh5","time":1609458298,"event":{"mods":["BaseMod","Downfall","Minty Spire (QoL Compilation)","StSLib"],"gold_per_floor":[99,99,99,24,24,35,35,49,91,100,0,23,57,57,80,192,192,92,119,119,183,192,192,239,239,314,378,378,378,378],"floor_reached":28,"playtime":1765,"items_purged":["Guardian:Strike_Guardian"],"score":303,"play_id":"005b9339-78f9-4e81-81aa-1ac4bf6c4b70","local_time":"20201231184458","is_ascension_mode":true,"campfire_choices":[{"floor":1,"key":"RECALL"},{"data":"Guardian:SentryBeam","floor":11,"key":"SMITH"},{"data":"Guardian:GatlingBeam","floor":18,"key":"SMITH"},{"data":"Guardian:CurlUp","floor":23,"key":"SMITH"},{"data":"Guardian:PrimingBeam","floor":25,"key":"SMITH"}],"circlet_count":0,"master_deck":["Guardian:Strike_Guardian","Guardian:Defend_Guardian","Guardian:Defend_Guardian","Guardian:Defend_Guardian","Guardian:Defend_Guardian","Guardian:CurlUp+1","Guardian:TwinSlam+1","Guardian:SentryBeam+1","Guardian:TimeBomb+1","Guardian:Suspension+1","Guardian:TemporalStrike","Guardian:TimeBomb+1","Guardian:PrimingBeam+1","Guardian:GatlingBeam+1","Guardian:Planning+1","Guardian:ShieldCharger+1","Guardian:Gem_White","Guardian:BronzeArmor+1"],"relics":["Guardian:ModeShifter","downfall:HeartsMalice","Toxic Egg 2","CeramicFish","downfall:HeartBlessingRed","Boot","Coffee Dripper","downfall:HeartBlessingBlue","downfall:KnowingSkull","Pen Nib","Pear"],"acts_visited":["Exordium","TheCity"],"potions_floor_usage":[26],"damage_taken":[{"damage":0,"enemies":"2 Louse","floor":2,"turns":1},{"damage":0,"enemies":"downfall:FleeingMerchant","floor":4,"turns":1},{"damage":0,"enemies":"Cultist","floor":5,"turns":1},{"damage":8,"enemies":"Jaw Worm","floor":6,"turns":5},{"damage":8,"enemies":"Exordium Wildlife","floor":8,"turns":5},{"damage":13,"enemies":"Lagavulin","floor":9,"turns":6},{"damage":10,"enemies":"3 Sentries","floor":13,"turns":4},{"damage":3,"enemies":"2 Fungi Beasts","floor":15,"turns":3},{"damage":22,"enemies":"downfall:Ironclad","floor":16,"turns":7},{"damage":11,"enemies":"Shell Parasite","floor":19,"turns":4},{"damage":10,"enemies":"Chosen","floor":21,"turns":3},{"damage":33,"enemies":"Gremlin Leader","floor":26,"turns":8},{"damage":17,"enemies":"Centurion and Healer","floor":27,"turns":5},{"damage":1,"enemies":"3 Cultists","floor":28,"turns":2}],"seed_played":"8756618374653738494","potions_obtained":[{"floor":6,"key":"Guardian:BlockOnCardUsePotion"},{"floor":8,"key":"SteroidPotion"},{"floor":21,"key":"hexamod:EctoCoolerPotion"}],"is_trial":false,"path_per_floor":["R","M","?","$","M","M","T","M","E","?","R","T","E","?","M","B",null,"R","M","?","M","?","R","T","R","E","M","M"],"character_chosen":"GUARDIAN","items_purchased":[],"campfire_rested":0,"item_purchase_floors":[],"current_hp_per_floor":[80,80,80,80,80,72,72,64,51,51,51,51,41,41,38,16,80,90,79,71,61,61,61,61,61,38,21,20,20,20],"gold":378,"neow_bonus":"THREE_ENEMY_KILL","is_daily":false,"chose_seed":false,"campfire_upgraded":4,"win_rate":0.0,"timestamp":1609458298,"path_taken":["R","M","?","?","?","M","T","M","E","?","R","?","E","?","M","BOSS","R","M","?","?","?","R","T","R","E","M","M"],"items_purchased_type":[],"build_version":"2020-12-22","purchased_purges":1,"victory":false,"max_hp_per_floor":[80,80,80,80,80,80,80,80,80,80,80,80,80,80,80,80,80,90,90,90,90,90,90,90,90,100,100,100,100,100],"card_choices":[{"not_picked":["Guardian:Harden","Guardian:TemporalStrike"],"picked":"Guardian:Gem_Purple","floor":2},{"not_picked":["Guardian:FloatingOrbs","Guardian:SentryBeam"],"picked":"Guardian:Gem_Crimson","floor":4},{"not_picked":["Guardian:WalkerClaw","Guardian:Suspension"],"picked":"Guardian:Gem_Fragmented","floor":5},{"not_picked":["Guardian:Gem_Red","Guardian:Reroute"],"picked":"Guardian:SentryBeam","floor":6},{"not_picked":["Guardian:Clone+1","Guardian:Preprogram+1"],"picked":"Guardian:TimeBomb+1","floor":8},{"not_picked":["Guardian:PiercingHide+1","Guardian:VentSteam+1"],"picked":"Guardian:Suspension+1","floor":9},{"not_picked":["Guardian:WalkerClaw","Guardian:CrystalBeam"],"picked":"Guardian:TimeBomb+1","floor":13},{"not_picked":["Guardian:Reroute","Guardian:Gem_Cyan"],"picked":"Guardian:PrimingBeam","floor":15},{"not_picked":["Guardian:StasisEngine","Guardian:FastForward+1"],"picked":"Guardian:GatlingBeam","floor":16},{"not_picked":["Guardian:TemporalStrike","Guardian:PolyBeam+1"],"picked":"Guardian:Planning+1","floor":19},{"not_picked":["Guardian:Reroute+1","Guardian:CrystalBeam"],"picked":"Guardian:Gem_Lightblue","floor":21},{"not_picked":["Guardian:TemporalShield+1","Guardian:SentryBeam+1"],"picked":"Guardian:Gem_White","floor":26},{"not_picked":["Guardian:PrimingBeam+1","Guardian:EvasiveProtocol"],"picked":"Guardian:BronzeArmor+1","floor":27}],"player_experience":202791,"relics_obtained":[{"floor":7,"key":"Toxic Egg 2"},{"floor":9,"key":"CeramicFish"},{"floor":13,"key":"Boot"},{"floor":24,"key":"Pen Nib"},{"floor":26,"key":"Pear"}],"event_choices":[{"damage_healed":0,"gold_gain":0,"cards_transformed":["Guardian:Strike_Guardian"],"player_choice":"Change","damage_taken":0,"max_hp_gain":0,"max_hp_loss":0,"event_name":"Living Wall","floor":10,"gold_loss":0,"cards_obtained":["Guardian:TemporalStrike"]},{"cards_removed":["Guardian:Strike_Guardian"],"damage_healed":0,"gold_gain":0,"player_choice":"Card Removal","damage_taken":0,"max_hp_gain":0,"max_hp_loss":0,"event_name":"The Cleric","floor":14,"gold_loss":0},{"damage_healed":0,"gold_gain":0,"player_choice":"Read","damage_taken":0,"max_hp_gain":0,"max_hp_loss":0,"event_name":"The Library","floor":22,"gold_loss":0,"cards_obtained":["Guardian:ShieldCharger"]}],"is_beta":false,"boss_relics":[{"not_picked":["Black Star","SlaversCollar"],"picked":"Coffee Dripper"}],"items_purged_floors":[4],"is_endless":false,"potions_floor_spawned":[6,8,21],"killed_by":"3 Cultists","ascension_level":3}}