{"host":"rmsq46plbpwfbxcc","time":1609394701,"event":{"mods":["AchievementEnabler","BaseMod","Colored Map","Colored Powertips","DeckTracker","KOR Keyword Fix","Minty Spire (QoL Compilation)","Permanent Neow","SuperFastMode"],"gold_per_floor":[109,121,121,121,142,142,165,165,165,165,165,125,164,0,0,0,0],"floor_reached":16,"playtime":338,"items_purged":[],"score":191,"play_id":"cf8aab13-192d-4256-92a0-da04d64794fc","local_time":"20201231150501","is_ascension_mode":true,"campfire_choices":[{"data":"Blade Dance","floor":6,"key":"SMITH"},{"data":"Accuracy","floor":8,"key":"SMITH"},{"data":"Neutralize","floor":10,"key":"SMITH"},{"data":"Escape Plan","floor":15,"key":"SMITH"}],"circlet_count":0,"master_deck":["AscendersBane","Strike_G","Strike_G","Strike_G","Strike_G","Strike_G","Defend_G","Defend_G","Defend_G","Defend_G","Defend_G","Survivor","Neutralize+1","CurseOfTheBell","Blade Dance+1","Escape Plan+1","Accuracy+1","PiercingWail"],"relics":["Calling Bell","Art of War","Eternal Feather","Calipers","Golden Idol","Meat on the Bone","Anchor","Bag of Marbles"],"acts_visited":["Exordium"],"potions_floor_usage":[5,12],"damage_taken":[{"damage":1,"enemies":"2 Louse","floor":1,"turns":5},{"damage":7,"enemies":"Small Slimes","floor":2,"turns":4},{"damage":0,"enemies":"Jaw Worm","floor":5,"turns":3},{"damage":7,"enemies":"Large Slime","floor":7,"turns":5},{"damage":1,"enemies":"Looter","floor":12,"turns":4},{"damage":16,"enemies":"Lagavulin","floor":13,"turns":7},{"damage":56,"enemies":"The Guardian","floor":16,"turns":8}],"seed_played":"-6681524831627868712","potions_obtained":[{"floor":2,"key":"LiquidMemories"},{"floor":5,"key":"SkillPotion"}],"is_trial":false,"path_per_floor":["M","M","?","?","M","R","M","R","T","R","?","M","E","$","R","B"],"character_chosen":"THE_SILENT","items_purchased":["Bag of Marbles"],"campfire_rested":0,"item_purchase_floors":[14],"current_hp_per_floor":[58,51,51,51,51,60,53,62,62,66,59,58,42,42,51,0,0],"gold":0,"neow_bonus":"BOSS_RELIC","is_daily":false,"chose_seed":false,"campfire_upgraded":4,"win_rate":0.0,"timestamp":1609394701,"path_taken":["M","M","?","?","M","R","M","R","T","R","?","M","E","$","R","BOSS"],"items_purchased_type":["Relic"],"build_version":"2020-12-22","purchased_purges":0,"victory":false,"max_hp_per_floor":[66,66,66,66,66,66,66,66,66,66,66,66,66,66,66,66,66],"card_choices":[{"not_picked":["Riddle With Holes","Acrobatics"],"picked":"Blade Dance","floor":1},{"not_picked":["Sucker Punch","Quick Slash"],"picked":"Escape Plan","floor":2},{"not_picked":["Dodge and Roll","Poisoned Stab"],"picked":"Accuracy","floor":5},{"not_picked":["Backflip","Bane"],"picked":"PiercingWail","floor":7},{"not_picked":["Corpse Explosion","Infinite Blades","Masterful Stab"],"picked":"SKIP","floor":12},{"not_picked":["Dagger Spray","Prepared","Flying Knee"],"picked":"SKIP","floor":13}],"player_experience":1416472,"relics_obtained":[{"floor":0,"key":"Art of War"},{"floor":0,"key":"Eternal Feather"},{"floor":0,"key":"Calipers"},{"floor":9,"key":"Meat on the Bone"},{"floor":13,"key":"Anchor"}],"event_choices":[{"damage_healed":0,"gold_gain":0,"player_choice":"Take Wound","damage_taken":0,"relics_obtained":["Golden Idol"],"max_hp_gain":0,"max_hp_loss":0,"event_name":"Golden Idol","floor":3,"gold_loss":0,"cards_obtained":["Injury"]},{"damage_healed":0,"gold_gain":0,"player_choice":"Ignored","damage_taken":0,"max_hp_gain":0,"max_hp_loss":0,"event_name":"Shining Light","floor":4,"gold_loss":0},{"cards_removed":["Injury"],"damage_healed":0,"gold_gain":0,"player_choice":"Card Removal","damage_taken":7,"max_hp_gain":0,"max_hp_loss":0,"event_name":"Golden Wing","floor":11,"gold_loss":0}],"is_beta":false,"boss_relics":[],"items_purged_floors":[],"is_endless":false,"potions_floor_spawned":[2,5],"killed_by":"The Guardian","ascension_level":19}}