{"host":"ic2t2jxz7s3jvs1m","time":1609398420,"event":{"mods":["AchievementEnabler","Aspiration","BaseMod","Better Third Choice","Block Reminder","Colored Map","Conspire","Curses Come First","Downfall","Energized Spire","Halation","Hubris","Infinite Spire","Jess\u0027s Bottle","Minty Spire (QoL Compilation)","Quick Restart","Relic Stats","Replay The Spire","SacredBarkPlus","Small Relic Pack","StSLib","The Blue Laboratory","Trackpad","Transform Curses","Uncapped","vexMod"],"gold_per_floor":[111,129,7,26,46,80,80,94,120,132,132,169,10,49,49,145,145,160,160,172,172,188,188,188],"floor_reached":23,"playtime":2852,"items_purged":[],"score":193,"play_id":"644f0f51-aa08-4646-943f-f6c105c78cca","local_time":"20201231010700","is_ascension_mode":false,"campfire_choices":[{"floor":7,"key":"REST"},{"floor":11,"key":"REST"},{"floor":15,"key":"REST"}],"circlet_count":0,"master_deck":["Strike_G","Strike_G","Strike_G","Strike_G","Strike_G","Defend_G","Defend_G","Defend_G","Defend_G","Defend_G","Survivor","Neutralize","Flying Knee","Slice","Terror","Footwork","Dodge and Roll","Bane","Distraction","Leg Sweep","ReplayTheSpireMod:Speed Training","Adrenaline","Catalyst","Deadly Poison","Deadly Poison","Underhanded Strike","Backstab","Corpse Explosion","Deflect+1","Slimebound:CheckThePlaybook","Escape Plan","Dagger Throw"],"relics":["Ring of the Snake","Lantern","aspiration:ChemicalBlood","halation:SmartPhone","halation:EternalFortune"],"acts_visited":["Exordium","TheCity"],"potions_floor_usage":[16,18,20,20,20,23,23],"damage_taken":[{"damage":3,"enemies":"Cultist","floor":1,"turns":5},{"damage":0,"enemies":"Jaw Worm","floor":2,"turns":4},{"damage":0,"enemies":"2 Louse","floor":4,"turns":3},{"damage":0,"enemies":"2 Fungi Beasts","floor":5,"turns":4},{"damage":28,"enemies":"Gremlin Nob","floor":6,"turns":6},{"damage":11,"enemies":"Exordium Thugs","floor":8,"turns":7},{"damage":0,"enemies":"Blue Slaver","floor":10,"turns":5},{"damage":4,"enemies":"conspire:MimicChest","floor":14,"turns":7},{"damage":30,"enemies":"The Guardian","floor":16,"turns":10},{"damage":18,"enemies":"2 Thieves","floor":18,"turns":4},{"damage":9,"enemies":"Shell Parasite","floor":20,"turns":1},{"damage":0,"enemies":"Snecko","floor":22,"turns":5},{"damage":47,"enemies":"Slavers","floor":23,"turns":3}],"seed_played":"-8750883317828311269","potions_obtained":[{"floor":1,"key":"Dexterity Potion"},{"floor":10,"key":"champ:CounterPotion"},{"floor":12,"key":"EssenceOfSteel"},{"floor":12,"key":"Slimebound:ThreeZeroPotion"},{"floor":14,"key":"blueLaboratory:FruitPunch"},{"floor":16,"key":"PowerPotion"},{"floor":18,"key":"SkillPotion"},{"floor":20,"key":"FairyPotion"}],"is_trial":false,"path_per_floor":["M","M","$","M","M","E","R","M","T","M","R","?","$","?","R","B",null,"M","?","M","?","M","E"],"character_chosen":"THE_SILENT","items_purchased":["Terror","Footwork","Catalyst","Deadly Poison","Underhanded Strike"],"campfire_rested":3,"item_purchase_floors":[3,3,13,13,13],"current_hp_per_floor":[74,74,74,74,74,46,69,58,58,58,77,58,58,54,77,49,79,60,26,10,13,13,0,0],"gold":188,"neow_bonus":"TEN_PERCENT_HP_BONUS","is_daily":false,"chose_seed":false,"campfire_upgraded":0,"win_rate":0.0,"timestamp":1609398420,"path_taken":["M","M","?","M","?","E","R","M","T","M","R","?","?","?","R","BOSS","M","?","M","?","M","E"],"items_purchased_type":["Card","Card","Card","Card","Card"],"build_version":"2020-12-22","purchased_purges":0,"victory":false,"max_hp_per_floor":[77,77,77,77,77,77,77,77,77,77,77,77,77,77,77,79,79,79,79,79,82,82,82,82],"relic_stats":{"counters":[13,64],"obtain_stats":[{"halation:SmartPhone":17,"Lantern":9,"halation:EternalFortune":21,"Ring of the Snake":0,"aspiration:ChemicalBlood":14},{"halation:SmartPhone":9,"Lantern":6,"halation:EternalFortune":11,"Ring of the Snake":0,"aspiration:ChemicalBlood":8},{"halation:SmartPhone":51,"Lantern":29,"halation:EternalFortune":56,"Ring of the Snake":0,"aspiration:ChemicalBlood":41}],"Ring of the Snake":[26]},"card_choices":[{"not_picked":["Quick Slash","Dagger Spray"],"picked":"Flying Knee","floor":1},{"not_picked":["Acrobatics","Quick Slash"],"picked":"Slice","floor":2},{"not_picked":["Dagger Spray","Well Laid Plans"],"picked":"Dodge and Roll","floor":4},{"not_picked":["Hidden Blade","Tactician"],"picked":"Bane","floor":5},{"not_picked":["Masterful Stab","Finisher"],"picked":"Distraction","floor":6},{"not_picked":["Cloak And Dagger","Predator"],"picked":"Leg Sweep","floor":8},{"not_picked":["Flechettes","hubris:SlightOfHand"],"picked":"ReplayTheSpireMod:Speed Training","floor":10},{"not_picked":["Outmaneuver","hubris:Counter"],"picked":"Adrenaline","floor":12},{"not_picked":["hubris:Counter","Hidden Blade"],"picked":"Backstab","floor":14},{"not_picked":["Wraith Form v2","Die Die Die"],"picked":"Corpse Explosion","floor":16},{"not_picked":["Blade Dance","Cloak And Dagger"],"picked":"Deflect+1","floor":18},{"not_picked":["ReplayTheSpireMod:The Works+1","conspire:DoublingDagger"],"picked":"Escape Plan","floor":20},{"not_picked":["ReplayTheSpireMod:The Works","Cloak And Dagger"],"picked":"Dagger Throw","floor":22}],"player_experience":278733,"relics_obtained":[{"floor":9,"key":"Lantern"},{"floor":14,"key":"aspiration:ChemicalBlood"}],"event_choices":[],"is_beta":false,"boss_relics":[{"not_picked":["aspiration:DefectSkillbook","aspiration:PoetsPen_weak"],"picked":"halation:SmartPhone"}],"items_purged_floors":[],"is_endless":false,"potions_floor_spawned":[1,10,14,16],"killed_by":"Slavers","ascension_level":0}}