{"host":"q79spna8ofw6hj3r","time":1609390442,"event":{"mods":["Aspiration","Bard","BaseMod","Beaked The Cultist","Bestiary","Better Altar","Better Match","Better Note","Better Sensory Stone","Better Skull","Better Third Choice","Better Vampires","BetterRewards","Block Reminder","Challenge The Spire","Colored Map","Colored Powertips","Conspire","Custom Start","Energized Spire","Friendly Minions","Halation","Hubris","Infinite Spire","Jedi Mod","Mimic Mod","Minty Spire (QoL Compilation)","Permanent Neow","Quick Restart","Relic Filter","Relic Sorter","Replay The Spire","Shop Mod","StSLib","SuperFastMode","Synergy Search","The Cursed","The Hierophant","The Runesmith","slay the spire mod where everything is the same but ironclad has a cowboy hat","vexMod"],"gold_per_floor":[117,42,42,42,52,77,77,90,139,174,27,46,46,61,61,158,158,172,184,184,197,211,211,211,226,226,240,240,256,267,17,17,117,117,139,159,179,204,204,204,137,156,156,182,235,269,269,315,315,315,315,315,12,38,38],"floor_reached":56,"playtime":3700,"items_purged":["beaked:Strike_Y","beaked:Strike_Y","beaked:Strike_Y","beaked:Strike_Y","beaked:Strike_Y","beaked:Strike_Y","beaked:Strike_Y"],"score":995,"play_id":"b150d623-359a-4d50-8577-87435bf7c347","local_time":"20201231065402","is_ascension_mode":false,"campfire_choices":[{"data":"beaked:Ceremony","floor":7,"key":"SMITH"},{"data":"jedi:bloodyhammer","floor":13,"key":"SMITH"},{"data":"ReplayReversal","floor":15,"key":"SMITH"},{"data":"beaked:Insight","floor":23,"key":"SMITH"},{"data":"beaked:AwakenedForm","floor":28,"key":"SMITH"},{"floor":32,"key":"RECALL"},{"data":"Shrug It Off","floor":40,"key":"SMITH"},{"data":"beaked:RitualOfBody","floor":49,"key":"SMITH"},{"data":"beaked:Defend_Y","floor":52,"key":"SMITH"}],"circlet_count":0,"master_deck":["beaked:Defend_Y+1","beaked:Defend_Y+1","beaked:Ceremony+1","beaked:Ceremony+1","beaked:Ceremony+1","beaked:BraceForImpact+1","beaked:Foresight+1","beaked:Insight+1","ReplayReversal+1","beaked:Windmill+1","beaked:AwakenedForm+1","Reaper+1","Shrug It Off+1","beaked:Defend_Y+1","beaked:Defend_Y+1","beaked:Defend_Y+1","beaked:Ceremony+1","beaked:Ceremony+1","beaked:Ceremony+1","beaked:BraceForImpact+1","beaked:Foresight+1","beaked:Insight+1","ReplayReversal+1","beaked:Windmill+1","jedi:bloodyhammer+1","beaked:AwakenedForm+1","Reaper+1","Shrug It Off+1","beaked:DigDeep+1","beaked:Sacrifice+1","beaked:TuckingFeathers+1","conspire:Purge","beaked:RitualOfBody+1","beaked:TuckingFeathers+1","beaked:TuckingFeathers+1","beaked:TuckingFeathers+1","beaked:Windmill"],"relics":["beaked:MendingPlumage","aspiration:Nostalgia","Ring of the Snake","hubris:DisguiseKit","jedi:cryingmask","Meat on the Bone","jedi:hotpepper","jedi:ashlotus","infinitespire:EvilPickle","hubris:Backtick","ReplayFunnel","halation:SwordOfLegend","halation:SwordOfLegend","halation:StarCompass","Lizard Tail","TheAbacus","Pondfish Scales"],"acts_visited":["Exordium","TheCity","TheBeyond","TheEnding"],"potions_floor_usage":[10,14,22,27,29,30,35,48,55,55],"damage_taken":[{"damage":6,"enemies":"Jaw Worm","floor":1,"turns":4},{"damage":10,"enemies":"Cultist","floor":5,"turns":5},{"damage":48,"enemies":"Gremlin Nob","floor":6,"turns":5},{"damage":9,"enemies":"Small Slimes","floor":8,"turns":17},{"damage":40,"enemies":"3 Sentries","floor":10,"turns":15},{"damage":10,"enemies":"Blue Slaver","floor":12,"turns":5},{"damage":12,"enemies":"Exordium Thugs","floor":14,"turns":6},{"damage":42,"enemies":"Fading Forest","floor":16,"turns":11},{"damage":13,"enemies":"Spheric Guardian","floor":18,"turns":4},{"damage":54,"enemies":"Chosen","floor":19,"turns":7},{"damage":27,"enemies":"Shelled Parasite and Fungi","floor":21,"turns":6},{"damage":59,"enemies":"Sentry and Sphere","floor":22,"turns":9},{"damage":42,"enemies":"Centurion and Healer","floor":25,"turns":8},{"damage":19,"enemies":"Snecko","floor":27,"turns":5},{"damage":40,"enemies":"Snake Plant","floor":29,"turns":4},{"damage":95,"enemies":"3 Cultists","floor":30,"turns":7},{"damage":36,"enemies":"Pondfish","floor":33,"turns":15},{"damage":67,"enemies":"3 Darklings","floor":35,"turns":6},{"damage":41,"enemies":"3 Shapes","floor":36,"turns":7},{"damage":28,"enemies":"Writhing Mass","floor":37,"turns":9},{"damage":52,"enemies":"Jaw Worm Horde","floor":38,"turns":7},{"damage":10,"enemies":"3 Darklings","floor":42,"turns":7},{"damage":16,"enemies":"Spire Growth","floor":44,"turns":7},{"damage":46,"enemies":"2 Orb Walkers","floor":45,"turns":7},{"damage":45,"enemies":"Sphere and 2 Shapes","floor":46,"turns":8},{"damage":31,"enemies":"Reptomancer","floor":48,"turns":5},{"damage":23,"enemies":"Replay:Hell Engine","floor":50,"turns":13},{"damage":63,"enemies":"Shield and Spear","floor":54,"turns":8},{"damage":59,"enemies":"The Heart","floor":55,"turns":9}],"seed_played":"2918164465881150830","potions_obtained":[{"floor":6,"key":"Fire Potion"},{"floor":10,"key":"SpeedPotion"},{"floor":14,"key":"Dexterity Potion"},{"floor":21,"key":"conspire:TimeTravelPotion"},{"floor":25,"key":"Regen Potion"},{"floor":27,"key":"Fire Potion"},{"floor":29,"key":"Strength Potion"},{"floor":30,"key":"jedi:StrikingPotion"},{"floor":35,"key":"FearPotion"},{"floor":42,"key":"Fire Potion"},{"floor":46,"key":"Regen Potion"},{"floor":48,"key":"SteroidPotion"}],"is_trial":false,"path_per_floor":["M","$","?","?","M","E","R","M","T","E","$","M","R","M","R","B",null,"M","M","?","M","M","R","AVR","M","T","M","R","M","M","$","R","B",null,"M","M","M","M","AVR","R","$","M","T","M","?","M","?","E","R","B",null,"R","$","E","B",null],"character_chosen":"BEAKED_THE_CULTIST","items_purchased":["beaked:Windmill","beaked:RitualOfBody","TheAbacus"],"campfire_rested":0,"item_purchase_floors":[11,41,53],"current_hp_per_floor":[50,50,50,50,43,8,8,48,48,50,50,50,50,50,50,47,37,33,22,22,22,27,27,27,37,37,37,37,37,29,29,29,37,37,37,39,41,43,43,42,42,40,40,40,42,44,44,44,44,44,44,44,44,44,44],"gold":38,"neow_bonus":"NOSTALGIA","is_daily":false,"chose_seed":false,"campfire_upgraded":8,"win_rate":0.0,"timestamp":1609390442,"path_taken":["M","$","?","?","M","E","R","?","T","E","$","?","R","M","R","BOSS","M","?","?","M","M","R","AVR","?","T","M","R","M","M","$","R","BOSS","M","M","M","M","AVR","R","$","M","T","M","?","M","?","E","R","BOSS","R","$","E","BOSS"],"items_purchased_type":["Card","Card","Relic"],"build_version":"2020-12-22","purchased_purges":7,"victory":true,"max_hp_per_floor":[50,50,50,50,50,50,50,50,50,50,50,50,50,50,50,50,37,37,37,37,37,37,37,37,37,37,37,37,37,37,37,37,37,37,37,39,41,43,43,43,43,40,40,40,42,44,44,44,44,44,44,44,44,44,44],"card_choices":[{"not_picked":["beaked:Redirect","beaked:SurvivalInstinct"],"picked":"beaked:BraceForImpact","floor":1},{"not_picked":["beaked:Molting","beaked:WindBringer","beaked:Hexing"],"picked":"SKIP","floor":5},{"not_picked":["beaked:Devastation","beaked:MimicWarrior"],"picked":"beaked:Foresight","floor":6},{"not_picked":["beaked:Redirect","beaked:HuntressSpirit","Perfected Strike"],"picked":"beaked:Insight","floor":8},{"not_picked":["beaked:Recite","ReplayTheSpireMod:Prepare the Ceremony","beaked:Insight"],"picked":"ReplayReversal","floor":10},{"not_picked":["beaked:CrazyRituals","beaked:Foresight","beaked:VigorBurst"],"picked":"jedi:bloodyhammer","floor":12},{"not_picked":["beaked:SacrificialDive","beaked:Daydream","Defy Death"],"picked":"beaked:AwakenedForm","floor":14},{"not_picked":["beaked:LiftOff","beaked:FullHouse","beaked:KnowThyFoe"],"picked":"Reaper","floor":16},{"not_picked":["beaked:Daydream","beaked:Overexert+1","beaked:CursingBlood+1","Ghostly Armor"],"picked":"SKIP","floor":18},{"not_picked":["beaked:Pecker","beaked:Daydream","beaked:HuntressEssence"],"picked":"Shrug It Off","floor":19},{"not_picked":["beaked:Molting","beaked:DigDeep","beaked:TuckingFeathers+1","Wild Strike"],"picked":"SKIP","floor":21},{"not_picked":["beaked:Molting","beaked:TuckingFeathers+1","Wild Strike"],"picked":"beaked:DigDeep","floor":21},{"not_picked":["beaked:Resilience","beaked:Flinch","beaked:BounceBack","ReplayTheSpireMod:Strike From Hell"],"picked":"SKIP","floor":22},{"not_picked":["beaked:Replenish+1","beaked:BraceForImpact+1","jedi:MakeshiftSword"],"picked":"beaked:Sacrifice","floor":25},{"not_picked":["beaked:MimicMachine","beaked:VigorBurst","beaked:FeelMyPain","Anger"],"picked":"SKIP","floor":27},{"not_picked":["beaked:CrazyRituals","beaked:WarriorEssence","Flame Barrier"],"picked":"beaked:TuckingFeathers","floor":29},{"not_picked":["beaked:Tradeoff","beaked:FeelMyPain","beaked:SurvivalInstinct","Clothesline"],"picked":"SKIP","floor":30},{"not_picked":["beaked:FakeOut","beaked:ShadowFade","beaked:AwakenedForm"],"picked":"conspire:Purge","floor":33},{"not_picked":["beaked:DigDeep+1","beaked:Cower","ReplayTheSpireMod:RavenHex+1","conspire:ExplosiveBarrier"],"picked":"SKIP","floor":35},{"not_picked":["beaked:Daydream+1","beaked:LiftOff","beaked:Tradeoff+1","Twin Strike"],"picked":"SKIP","floor":36},{"not_picked":["beaked:Replenish","beaked:Tweet","Disarm"],"picked":"ReplayTheSpireMod:Wings of Steel+1","floor":37},{"not_picked":["beaked:Struggle+1","beaked:HuntressEssence+1","beaked:Tweet+1","Armaments"],"picked":"SKIP","floor":38},{"not_picked":["beaked:SacrificialScars","beaked:Molting","Run Through"],"picked":"beaked:TuckingFeathers+1","floor":42},{"not_picked":["beaked:Hexing","beaked:MimicWarrior+1","Pommel Strike"],"picked":"beaked:TuckingFeathers","floor":44},{"not_picked":["beaked:DesperateSwing+1","beaked:Insight","Thunderclap"],"picked":"beaked:TuckingFeathers","floor":45},{"not_picked":["beaked:Cower+1","beaked:Insight","beaked:VigorBurst+1","Burning Pact"],"picked":"SKIP","floor":46},{"not_picked":["beaked:Brace+1","beaked:Resilience","beaked:SacrificialAttack","Sword Boomerang"],"picked":"SKIP","floor":48},{"not_picked":["beaked:Daydream+1","beaked:Foresight+1","Exhume"],"picked":"beaked:Windmill","floor":54}],"player_experience":238581,"relics_obtained":[{"floor":6,"key":"hubris:DisguiseKit"},{"floor":9,"key":"jedi:cryingmask"},{"floor":10,"key":"Meat on the Bone"},{"floor":43,"key":"halation:SwordOfLegend"},{"floor":48,"key":"Lizard Tail"},{"floor":54,"key":"Pondfish Scales"}],"event_choices":[{"damage_healed":0,"gold_gain":0,"player_choice":"Ignored","damage_taken":0,"max_hp_gain":0,"max_hp_loss":0,"event_name":"WeMeetAgain","floor":4,"gold_loss":0},{"damage_healed":0,"gold_gain":0,"player_choice":"Fight","damage_taken":0,"max_hp_gain":0,"max_hp_loss":0,"event_name":"Mysterious Sphere","floor":45,"gold_loss":0}],"is_beta":false,"boss_relics":[{"not_picked":["halation:HeavySnake","energizedSpire:StickyHand"],"picked":"jedi:hotpepper"},{"not_picked":["aspiration:WatcherSkillbook","halation:MonkeysPaw"],"picked":"hubris:Backtick"}],"items_purged_floors":[2,11,24,31,31,39,53],"is_endless":false,"potions_floor_spawned":[6,10,14,21,25,27,29,30,35,42,45,46,48],"ascension_level":0}}