{"host":"n43wxkei7kulhi8o","time":1609452859,"event":{"mods":["BaseMod","Colored Map","Curses Come First","Custom Start","Highlight Path","Minty Spire (QoL Compilation)","StSLib"],"gold_per_floor":[115,115,128,128,152,152,165,165,165,165,165,184,225,225,225,355,355,379,152,177,77,93,93,134,134,134,134,154,167,167,180,180,310,310,325,325,97,113,136,136,136,136,136,136,136,199,212,40,40,40],"floor_reached":51,"playtime":2262,"items_purged":["Pain","Coolheaded","Aggregate"],"score":765,"play_id":"235a2d47-7c0f-4616-a42a-652c37f6ceb1","local_time":"20201231171419","is_ascension_mode":false,"campfire_choices":[{"data":"Zap","floor":6.0,"key":"SMITH"},{"data":"Coolheaded","floor":11.0,"key":"SMITH"},{"floor":15,"key":"REST"},{"data":"Defragment","floor":23,"key":"SMITH"},{"data":"Defragment","floor":25,"key":"SMITH"},{"floor":27,"key":"REST"},{"floor":32,"key":"DIG"},{"floor":40,"key":"DIG"},{"floor":42,"key":"DIG"},{"data":"Capacitor","floor":44,"key":"SMITH"},{"floor":49,"key":"DIG"}],"circlet_count":0,"master_deck":["Defend_B","Defend_B","Zap+1","Dualcast","Coolheaded+1","Sweeping Beam","Conserve Battery","Glacier","Defragment+1","Defragment+1","Buffer","Capacitor+1","Melter","Go for the Eyes","Hologram+1","Doom and Gloom","Beam Cell+1","Barrage+1","Bite","Bite","Bite","Bite","Bite","Machine Learning","White Noise+1","Defragment+1","BootSequence"],"relics":["Cracked Core","Vajra","Golden Idol","WarpedTongs","Incense Burner","Shovel","SlaversCollar","Orrery","Bag of Marbles","Oddly Smooth Stone","SacredBark","Membership Card","Juzu Bracelet","Lantern","Thread and Needle","Ornamental Fan","Unceasing Top","Lee\u0027s Waffle","Centennial Puzzle"],"acts_visited":["TheCity","TheBeyond"],"potions_floor_usage":[13,28],"damage_taken":[{"damage":1.0,"enemies":"Jaw Worm","floor":1.0,"turns":3.0},{"damage":0.0,"enemies":"Small Slimes","floor":3.0,"turns":3.0},{"damage":3.0,"enemies":"Cultist","floor":5.0,"turns":2.0},{"damage":4.0,"enemies":"3 Louse","floor":7.0,"turns":3.0},{"damage":10,"enemies":"Large Slime","floor":12,"turns":7},{"damage":12,"enemies":"Lagavulin","floor":13,"turns":5},{"damage":22,"enemies":"Slime Boss","floor":16,"turns":14},{"damage":28,"enemies":"3 Byrds","floor":18,"turns":7},{"damage":4,"enemies":"Chosen","floor":20,"turns":5},{"damage":0,"enemies":"Snecko","floor":22,"turns":6},{"damage":18,"enemies":"Slavers","floor":24,"turns":7},{"damage":6,"enemies":"3 Cultists","floor":28,"turns":5},{"damage":3,"enemies":"Cultist and Chosen","floor":29,"turns":6},{"damage":0,"enemies":"Sentry and Sphere","floor":31,"turns":3},{"damage":0,"enemies":"Champ","floor":33,"turns":12},{"damage":0,"enemies":"3 Shapes","floor":35,"turns":7},{"damage":21,"enemies":"Orb Walker","floor":38,"turns":5},{"damage":0,"enemies":"Maw","floor":39,"turns":9},{"damage":34,"enemies":"Mind Bloom Boss Battle","floor":46,"turns":6},{"damage":46,"enemies":"4 Shapes","floor":47,"turns":6},{"damage":30,"enemies":"Donu and Deca","floor":50,"turns":10}],"seed_played":"1059599439848131988","potions_obtained":[{"floor":1.0,"key":"FairyPotion"},{"floor":3.0,"key":"DistilledChaos"},{"floor":12,"key":"EssenceOfSteel"},{"floor":24,"key":"FairyPotion"},{"floor":33,"key":"SneckoOil"},{"floor":35,"key":"SteroidPotion"}],"is_trial":false,"path_per_floor":["M","?","M","?","M","R","M","$","T","?","R","M","E","?","R","B",null,"M","$","M","$","M","R","E","R","T","R","M","M","?","M","R","B",null,"M","?","$","M","M","R","?","R","T","R","?","?","M","$","R","B",null],"character_chosen":"DEFECT","items_purchased":["Orrery","Membership Card","Juzu Bracelet","Lee\u0027s Waffle","BootSequence"],"campfire_rested":2,"item_purchase_floors":[19,37,37,48,48],"current_hp_per_floor":[74,56,56,56,53,53,49,49,49,49,49,39,27,27,49,27,75,47,47,43,43,43,43,25,25,25,47,43,42,42,44,44,75,75,75,75,75,58,75,75,75,75,75,75,75,52,14,82,82,74],"gold":40,"neow_bonus":"RANDOM_COMMON_RELIC","is_daily":false,"chose_seed":false,"campfire_upgraded":5,"win_rate":0.0,"timestamp":1609452859,"path_taken":["M","?","M","?","M","R","?","$","T","?","R","M","E","?","R","BOSS","M","$","M","$","M","R","E","R","T","R","M","M","?","M","R","BOSS","M","?","$","M","M","R","?","R","T","R","?","?","M","$","R","BOSS"],"items_purchased_type":["Relic","Relic","Relic","Relic","Card"],"build_version":"2020-12-22","purchased_purges":3,"victory":true,"max_hp_per_floor":[75,75,75,75,75,75,75,75,75,75,75,75,75,75,75,75,75,75,75,75,75,75,75,75,75,75,75,75,75,75,75,75,75,75,75,75,75,75,75,75,75,75,75,75,75,75,75,82,82,82],"card_choices":[{"not_picked":["BootSequence","Hologram"],"picked":"Coolheaded","floor":1.0},{"not_picked":["Compile Driver","Barrage"],"picked":"Sweeping Beam","floor":3.0},{"not_picked":["Biased Cognition","Streamline"],"picked":"Conserve Battery","floor":5.0},{"not_picked":["Reprogram","Stack"],"picked":"Glacier","floor":7.0},{"not_picked":["Redo","Beam Cell"],"picked":"Defragment","floor":12},{"not_picked":["Double Energy","Coolheaded"],"picked":"Defragment","floor":13},{"not_picked":["Biased Cognition","Hyperbeam"],"picked":"Buffer","floor":16},{"not_picked":["Redo","Compile Driver","Stack"],"picked":"SKIP","floor":18},{"not_picked":["Coolheaded","BootSequence"],"picked":"Capacitor","floor":19},{"not_picked":["Go for the Eyes+1","Compile Driver"],"picked":"Melter","floor":19},{"not_picked":["Static Discharge","White Noise"],"picked":"Coolheaded","floor":19},{"not_picked":["Redo","Undo"],"picked":"Go for the Eyes","floor":19},{"not_picked":["Streamline","Steam Power"],"picked":"Hologram+1","floor":19},{"not_picked":["Loop","Streamline"],"picked":"Doom and Gloom","floor":20},{"not_picked":["Biased Cognition","Reinforced Body"],"picked":"Beam Cell+1","floor":22},{"not_picked":["Hologram","Undo","Leap+1"],"picked":"SKIP","floor":24},{"not_picked":["Doom and Gloom","Barrage","Gash"],"picked":"SKIP","floor":28},{"not_picked":["Rebound","Heatsinks"],"picked":"Barrage+1","floor":29},{"not_picked":["Sweeping Beam","Barrage","Recycle+1"],"picked":"SKIP","floor":31},{"not_picked":["Amplify","Hyperbeam"],"picked":"Machine Learning","floor":33},{"not_picked":["Stack+1","Coolheaded+1","Lockon+1"],"picked":"SKIP","floor":35},{"not_picked":["Leap+1","Go for the Eyes","Steam+1"],"picked":"SKIP","floor":38},{"not_picked":["Compile Driver+1","Hologram"],"picked":"White Noise+1","floor":39},{"not_picked":["Leap+1","Static Discharge"],"picked":"Defragment+1","floor":47}],"player_experience":624283,"relics_obtained":[{"floor":9.0,"key":"Incense Burner"},{"floor":13,"key":"Shovel"},{"floor":24,"key":"Bag of Marbles"},{"floor":26,"key":"Blood Vial"},{"floor":32,"key":"Oddly Smooth Stone"},{"floor":40,"key":"Lantern"},{"floor":42,"key":"Thread and Needle"},{"floor":43,"key":"Ornamental Fan"},{"floor":46,"key":"Unceasing Top"},{"floor":49,"key":"Centennial Puzzle"}],"event_choices":[{"damage_healed":0.0,"max_hp_gain":0.0,"max_hp_loss":0.0,"gold_gain":0.0,"event_name":"Golden Idol","player_choice":"Take Damage","floor":2.0,"gold_loss":0.0,"damage_taken":18.0,"relics_obtained":["Golden Idol"]},{"damage_healed":0.0,"max_hp_gain":0.0,"max_hp_loss":0.0,"gold_gain":0.0,"event_name":"Accursed Blacksmith","player_choice":"Rummage","floor":4.0,"gold_loss":0.0,"damage_taken":0.0,"relics_obtained":["WarpedTongs"],"cards_obtained":["Pain"]},{"damage_healed":0.0,"max_hp_gain":0.0,"max_hp_loss":0.0,"gold_gain":0.0,"event_name":"Golden Wing","player_choice":"Ignored","floor":10.0,"gold_loss":0.0,"damage_taken":0.0},{"damage_healed":0,"gold_gain":0,"player_choice":"Ignored","damage_taken":0,"max_hp_gain":0,"max_hp_loss":0,"event_name":"Liars Game","floor":14,"gold_loss":0},{"damage_healed":0,"gold_gain":0,"player_choice":"Became a vampire (Vial)","damage_taken":0,"max_hp_gain":0,"max_hp_loss":0,"event_name":"Vampires","floor":30,"relics_lost":["Blood Vial"],"gold_loss":0,"cards_obtained":["Bite","Bite","Bite","Bite","Bite"]},{"cards_removed":["Defend_B"],"damage_healed":0,"gold_gain":0,"player_choice":"Removed Skill","damage_taken":0,"max_hp_gain":0,"max_hp_loss":0,"event_name":"Falling","floor":36,"gold_loss":0},{"damage_healed":0,"gold_gain":0,"cards_transformed":["Defend_B"],"player_choice":"Transformed","damage_taken":0,"max_hp_gain":0,"max_hp_loss":0,"event_name":"Transmorgrifier","floor":41,"gold_loss":0,"cards_obtained":["Aggregate"]},{"damage_healed":0,"gold_gain":0,"player_choice":"Ignored","damage_taken":0,"max_hp_gain":0,"max_hp_loss":0,"event_name":"Tomb of Lord Red Mask","floor":45,"gold_loss":0},{"damage_healed":0,"gold_gain":0,"player_choice":"Fight","damage_taken":0,"max_hp_gain":0,"max_hp_loss":0,"event_name":"MindBloom","floor":46,"gold_loss":0}],"is_beta":false,"boss_relics":[{"not_picked":["Fusion Hammer","Pandora\u0027s Box"],"picked":"SlaversCollar"},{"not_picked":["Black Star","Runic Dome"],"picked":"SacredBark"}],"items_purged_floors":[19,21,48],"is_endless":false,"potions_floor_spawned":[1,3,12,24,33,35,39],"ascension_level":0}}