{"host":"dntw6kil9p09eemm","time":1609451265,"event":{"mods":["Alarm Clock","Aspiration","BaseMod","Downfall","Hermit","Hubris","Minty Spire (QoL Compilation)","Permanent Neow","Replay The Spire","Shop Mod","StSLib"],"gold_per_floor":[109,109,126,146,160,194,194,194,194,194,210,225,242,89,89,192,192,204,220,25,43,55,55,71,84,154,165,165,165,165,165],"floor_reached":29,"playtime":2032,"items_purged":["hexamod:Defend"],"score":233,"play_id":"b4885dc7-d1da-42bf-acde-e57c25a6a8ea","local_time":"20210101064745","is_ascension_mode":false,"campfire_choices":[{"data":"hexamod:CatchUp","floor":7.0,"key":"SMITH"},{"data":"hexamod:FastForward","floor":10.0,"key":"SMITH"},{"floor":15.0,"key":"REST"},{"data":"hexamod:FastForward","floor":23,"key":"SMITH"}],"circlet_count":0,"master_deck":["hexamod:Strike","hexamod:Strike","hexamod:Strike","hexamod:Defend","hexamod:Defend","hexamod:Sear","hexamod:Float+1","hexamod:PhantomFireball","hexamod:StepThrough","hexamod:CatchUp+1","hexamod:SpectralSpark","hexamod:FastForward+1","hexamod:GhostOfSpireFuture","hexamod:HexaLevel","hexamod:GhostflameBarrier","hexamod:FastForward+1","hexamod:BurningTouch+1","hexamod:SuperheatedStrike+1","hexamod:SearingWound"],"relics":["hexamod:SpiritBrand","ReplayFunnel","hexamod:MatchstickCase","hubris:RunicObelisk","MerchantsRug","Singing Bowl"],"acts_visited":["Exordium","TheCity"],"potions_floor_usage":[29,29],"damage_taken":[{"damage":0.0,"enemies":"Small Slimes","floor":1.0,"turns":3.0},{"damage":0.0,"enemies":"Cultist","floor":3.0,"turns":3.0},{"damage":0.0,"enemies":"Jaw Worm","floor":4.0,"turns":3.0},{"damage":9.0,"enemies":"Lots of Slimes","floor":5.0,"turns":4.0},{"damage":19.0,"enemies":"3 Sentries","floor":6.0,"turns":6.0},{"damage":5.0,"enemies":"Exordium Wildlife","floor":11.0,"turns":3.0},{"damage":5.0,"enemies":"Large Slime","floor":12.0,"turns":2.0},{"damage":5.0,"enemies":"Lots of Slimes","floor":13.0,"turns":4.0},{"damage":10,"enemies":"Hexaghost","floor":16,"turns":7},{"damage":0,"enemies":"Shell Parasite","floor":18,"turns":4},{"damage":8,"enemies":"3 Byrds","floor":19,"turns":4},{"damage":1,"enemies":"Centurion and Healer","floor":21,"turns":6},{"damage":3,"enemies":"Snake Plant","floor":22,"turns":4},{"damage":16,"enemies":"3 Cultists","floor":24,"turns":5},{"damage":11,"enemies":"Shelled Parasite and Fungi","floor":25,"turns":5},{"damage":7,"enemies":"Snecko","floor":27,"turns":5},{"damage":24,"enemies":"Book of Stabbing","floor":29,"turns":5}],"seed_played":"-5212350675213462297","potions_obtained":[{"floor":5.0,"key":"Fire Potion"},{"floor":6.0,"key":"SkillPotion"},{"floor":11.0,"key":"Flashbang"},{"floor":19,"key":"Ancient Potion"},{"floor":22,"key":"PowerPotion"},{"floor":27,"key":"hexamod:EctoCoolerPotion"}],"is_trial":false,"path_per_floor":["M","?","M","M","M","E","R","?","T","R","M","M","M","$","R","B",null,"M","M","$","M","M","R","M","M","T","M","?","E"],"character_chosen":"THE_SPIRIT","items_purchased":["hexamod:MatchstickCase","MerchantsRug","hexamod:FastForward"],"campfire_rested":1,"item_purchase_floors":[14,20,20],"current_hp_per_floor":[70,70,70,70,61,42,42,42,42,42,37,32,27,27,48,38,70,70,62,62,61,58,58,42,31,31,24,24,0,0,0],"gold":165,"neow_bonus":"REMOVE_CARD","is_daily":false,"chose_seed":false,"campfire_upgraded":3,"win_rate":0.0,"timestamp":1609451265,"path_taken":["M","?","M","?","M","E","R","?","T","R","M","M","M","$","R","BOSS","M","M","$","M","M","R","M","?","T","M","?","E"],"items_purchased_type":["Relic","Relic","Card"],"build_version":"2020-12-22","purchased_purges":1,"victory":false,"max_hp_per_floor":[70,70,70,70,70,70,70,70,70,70,70,70,70,70,70,70,70,70,70,70,70,70,70,70,70,70,70,70,70,70,70],"card_choices":[{"not_picked":["hexamod:HauntingEcho","hexamod:InspiringFlames"],"picked":"hexamod:PhantomFireball","floor":1.0},{"not_picked":["hexamod:SpectralAdrenaline","hexamod:ShieldOfDarkness"],"picked":"hexamod:StepThrough","floor":3.0},{"not_picked":["hexamod:RainOfEmbers","hexamod:GhostLash"],"picked":"hexamod:CatchUp","floor":4.0},{"not_picked":["hexamod:DynamicBlow","hexamod:RainOfEmbers"],"picked":"hexamod:SpectralSpark","floor":5.0},{"not_picked":["hexamod:TurnItUp","hexamod:Hexaguard"],"picked":"hexamod:FastForward","floor":6.0},{"not_picked":["hexamod:SwordOfDarkness","hexamod:BacktrackSmack"],"picked":"hexamod:GhostOfSpireFuture","floor":11.0},{"not_picked":["hexamod:SwordOfDarkness","hexamod:GhostShield","hexamod:Firestarter"],"picked":"SKIP","floor":12.0},{"not_picked":["hexamod:GhostShield","hexamod:HeatMetal","hexamod:HeatCrush"],"picked":"SKIP","floor":13.0},{"not_picked":["hexamod:Toasty","hexamod:GiftsFromTheDead"],"picked":"hexamod:HexaLevel","floor":16},{"not_picked":["hexamod:GhostLash+1","hexamod:NecessarySacrifice+1","hexamod:SpectersWail+1"],"picked":"SKIP","floor":18},{"not_picked":["hexamod:Firestarter","hexamod:NightmareGuise"],"picked":"hexamod:GhostflameBarrier","floor":19},{"not_picked":["hexamod:Firestarter","hexamod:Hexaguard","hexamod:Rewind+1"],"picked":"SKIP","floor":21},{"not_picked":["hexamod:GhostShield","hexamod:RecurringNightmare","hexamod:HauntingEcho"],"picked":"SKIP","floor":22},{"not_picked":["hexamod:ShieldOfDarkness","hexamod:GhostShield","hexamod:GhostLash"],"picked":"SKIP","floor":24},{"not_picked":["hexamod:AdvancingGuard","hexamod:GhostShield"],"picked":"hexamod:BurningTouch+1","floor":25},{"not_picked":["hexamod:GhostShield","hexamod:SwordOfDarkness"],"picked":"hexamod:SuperheatedStrike+1","floor":27}],"player_experience":508342,"relics_obtained":[{"floor":6.0,"key":"Ancient Tea Set"},{"floor":9.0,"key":"ReplayFunnel"},{"floor":26,"key":"Singing Bowl"}],"event_choices":[{"damage_healed":0.0,"max_hp_gain":0.0,"max_hp_loss":0.0,"gold_gain":0.0,"event_name":"Upgrade Shrine","player_choice":"Upgraded","floor":2.0,"gold_loss":0.0,"damage_taken":0.0,"cards_upgraded":["hexamod:Float"]},{"cards_removed":["hexamod:Strike"],"damage_healed":0.0,"max_hp_gain":0.0,"max_hp_loss":0.0,"gold_gain":0.0,"event_name":"Bonfire Elementals","player_choice":"Offered Basic","floor":8.0,"gold_loss":0.0,"damage_taken":0.0}],"is_beta":false,"boss_relics":[{"not_picked":["aspiration:IroncladSkillbook","hubris:HollowSoul"],"picked":"hubris:RunicObelisk"}],"items_purged_floors":[20],"is_endless":false,"potions_floor_spawned":[5,6,11,12,19,22,27],"killed_by":"Book of Stabbing","ascension_level":0}}