{"host":"11728qvdvolffudn","time":1609430363,"event":{"mods":["BaseMod","Block Reminder","Colored Powertips","Custom Start","Displayed Cursed Tome","Highlight Path","Minty Spire (QoL Compilation)","Permanent Neow","Quick Restart","Rare Cards Sparkle","Relic Stats"],"gold_per_floor":[119,137,212,212,212,238,238,255,278,100,134,134,134,88,88,214,214,230,155,155,178,178,178,178,178,178,191,226,226,239,279,279,279,279],"floor_reached":33,"playtime":1124,"items_purged":["Strike_R"],"score":314,"play_id":"87b9068a-bd42-4c6b-adb4-6422da2e2975","local_time":"20201231155923","is_ascension_mode":false,"campfire_choices":[{"data":"Bash","floor":7,"key":"SMITH"},{"data":"Immolate","floor":12,"key":"SMITH"},{"floor":15,"key":"REST"},{"data":"Flex","floor":23,"key":"SMITH"},{"data":"Flex","floor":25,"key":"SMITH"},{"data":"Spot Weakness","floor":29,"key":"SMITH"},{"floor":32,"key":"REST"}],"circlet_count":0,"master_deck":["Strike_R+1","Strike_R+1","Strike_R+1","Strike_R+1","Defend_R+1","Defend_R+1","Defend_R+1","Defend_R+1","Bash+1","Cleave+1","Dropkick","Spot Weakness+1","Flex+1","Immolate+1","Flex+1","Consecrate+1","Pain","Rip and Tear+1"],"relics":["Burning Blood","Red Skull","Frozen Egg 2","Whetstone","PrismaticShard","Boot","Golden Idol","Philosopher\u0027s Stone","WarpedTongs","Pantograph","Unceasing Top","Molten Egg 2"],"acts_visited":["Exordium","TheCity"],"potions_floor_usage":[11,16,31,33],"damage_taken":[{"damage":8,"enemies":"2 Louse","floor":1,"turns":2},{"damage":5,"enemies":"Cultist","floor":2,"turns":4},{"damage":26,"enemies":"3 Sentries","floor":6,"turns":5},{"damage":0,"enemies":"Small Slimes","floor":8,"turns":2},{"damage":44,"enemies":"Lagavulin","floor":11,"turns":7},{"damage":42,"enemies":"The Guardian","floor":16,"turns":6},{"damage":7,"enemies":"Chosen","floor":18,"turns":3},{"damage":6,"enemies":"Shell Parasite","floor":21,"turns":4},{"damage":4,"enemies":"Sentry and Sphere","floor":27,"turns":2},{"damage":3,"enemies":"Gremlin Leader","floor":28,"turns":3},{"damage":16,"enemies":"Cultist and Chosen","floor":30,"turns":3},{"damage":31,"enemies":"Book of Stabbing","floor":31,"turns":4},{"damage":100,"enemies":"Collector","floor":33,"turns":7}],"seed_played":"4266251269151661762","potions_obtained":[{"floor":2,"key":"Regen Potion"},{"floor":6,"key":"Swift Potion"},{"floor":11,"key":"BloodPotion"},{"floor":16,"key":"HeartOfIron"},{"floor":18,"key":"GamblersBrew"},{"floor":27,"key":"PowerPotion"},{"floor":30,"key":"AttackPotion"},{"floor":31,"key":"Explosive Potion"}],"is_trial":false,"path_per_floor":["M","M","?","?","?","E","R","M","T","$","E","R","?","$","R","B",null,"M","$","?","M","$","R","?","R","T","M","E","R","M","E","R","B"],"character_chosen":"IRONCLAD","items_purchased":["Flex","PrismaticShard","Flex"],"campfire_rested":2,"item_purchase_floors":[10,10,14],"current_hp_per_floor":[78,79,68,68,61,41,41,47,47,47,24,24,4,4,28,8,80,79,79,79,79,79,79,79,79,79,80,80,80,70,45,69,0,0],"gold":279,"neow_bonus":"THREE_CARDS","is_daily":false,"chose_seed":false,"campfire_upgraded":5,"win_rate":0.0,"timestamp":1609430363,"path_taken":["M","M","?","?","?","E","R","M","T","$","E","R","?","$","R","BOSS","M","$","?","M","$","R","?","R","T","M","E","R","?","E","R","BOSS"],"items_purchased_type":["Card","Relic","Card"],"build_version":"2020-12-22","purchased_purges":1,"victory":false,"max_hp_per_floor":[80,80,80,80,80,80,80,80,80,80,80,80,80,80,80,80,80,80,80,80,80,80,80,80,80,80,80,80,80,80,80,80,80,80],"relic_stats":{"counters":[13,52],"Golden Idol":54,"Pantograph":11,"Whetstone":["Strike_R","Strike_R"],"Boot":[6],"obtain_stats":[{"Golden Idol":13,"Pantograph":26,"Philosopher\u0027s Stone":17,"Molten Egg 2":31,"Whetstone":9,"Frozen Egg 2":6,"PrismaticShard":10,"Boot":11,"Burning Blood":0,"Red Skull":5,"Unceasing Top":28,"WarpedTongs":24},{"Golden Idol":5,"Pantograph":8,"Philosopher\u0027s Stone":6,"Molten Egg 2":12,"Whetstone":4,"Frozen Egg 2":3,"PrismaticShard":4,"Boot":5,"Burning Blood":0,"Red Skull":2,"Unceasing Top":10,"WarpedTongs":8},{"Golden Idol":20,"Pantograph":33,"Philosopher\u0027s Stone":26,"Molten Egg 2":45,"Whetstone":13,"Frozen Egg 2":11,"PrismaticShard":13,"Boot":20,"Burning Blood":0,"Red Skull":6,"Unceasing Top":38,"WarpedTongs":33}],"Burning Blood":68,"Unceasing Top":[6],"WarpedTongs":[5]},"card_choices":[{"not_picked":["Armaments","Power Through"],"picked":"Cleave","floor":0},{"not_picked":["Wild Strike","Cleave"],"picked":"Dropkick","floor":1},{"not_picked":["Cleave","Sword Boomerang","Wild Strike"],"picked":"SKIP","floor":2},{"not_picked":["Wild Strike","Havoc","Exhume"],"picked":"SKIP","floor":6},{"not_picked":["Warcry","Carnage"],"picked":"Spot Weakness","floor":8},{"not_picked":["Backflip","Dagger Spray"],"picked":"Immolate","floor":11},{"not_picked":["Outmaneuver","Noxious Fumes+1"],"picked":"Consecrate+1","floor":18},{"not_picked":["Ball Lightning+1","SashWhip","PiercingWail+1"],"picked":"SKIP","floor":21},{"not_picked":["Halt","Warcry"],"picked":"Rip and Tear+1","floor":27},{"not_picked":["Blur","Twin Strike","Thunderclap+1"],"picked":"SKIP","floor":28},{"not_picked":["Ball Lightning+1","Clothesline+1","ClearTheMind"],"picked":"SKIP","floor":30},{"not_picked":["Omniscience","FlurryOfBlows+1","Wild Strike+1"],"picked":"SKIP","floor":31}],"player_experience":61630,"relics_obtained":[{"floor":6,"key":"Frozen Egg 2"},{"floor":9,"key":"Whetstone"},{"floor":11,"key":"Boot"},{"floor":26,"key":"Pantograph"},{"floor":28,"key":"Unceasing Top"},{"floor":31,"key":"Molten Egg 2"}],"event_choices":[{"damage_healed":0,"gold_gain":75,"player_choice":"Gather Gold","damage_taken":11,"max_hp_gain":0,"max_hp_loss":0,"event_name":"World of Goop","floor":3,"gold_loss":0},{"damage_healed":0,"gold_gain":0,"player_choice":"Grow","damage_taken":0,"max_hp_gain":0,"max_hp_loss":0,"event_name":"Living Wall","floor":4,"gold_loss":0,"cards_upgraded":["Cleave"]},{"damage_healed":0,"gold_gain":0,"player_choice":"Success","damage_taken":7,"relics_obtained":["Red Skull"],"max_hp_gain":0,"max_hp_loss":0,"event_name":"Scrap Ooze","floor":5,"gold_loss":0},{"damage_healed":0,"gold_gain":0,"player_choice":"Take Damage","damage_taken":20,"relics_obtained":["Golden Idol"],"max_hp_gain":0,"max_hp_loss":0,"event_name":"Golden Idol","floor":13,"gold_loss":0},{"damage_healed":0,"gold_gain":0,"player_choice":"Simplicity","damage_taken":0,"max_hp_gain":0,"max_hp_loss":0,"event_name":"Back to Basics","floor":20,"gold_loss":0,"cards_upgraded":["Strike_R","Strike_R","Defend_R","Defend_R","Defend_R","Defend_R"]},{"damage_healed":0,"gold_gain":0,"player_choice":"Rummage","damage_taken":0,"relics_obtained":["WarpedTongs"],"max_hp_gain":0,"max_hp_loss":0,"event_name":"Accursed Blacksmith","floor":24,"gold_loss":0,"cards_obtained":["Pain"]}],"is_beta":false,"boss_relics":[{"not_picked":["Black Blood","Runic Cube"],"picked":"Philosopher\u0027s Stone"}],"items_purged_floors":[19],"is_endless":false,"potions_floor_spawned":[2,6,11,16,18,27,30,31],"killed_by":"Collector","ascension_level":0}}