{"host":"963ykkbusvcbqwtq","time":1609403351,"event":{"mods":["2.2 Compatiblity","AchievementEnabler","Arknights The Spire","BaseMod","Colored Map","GifTheSpireLib","GungeonMod","Lobotomy","Luminous","Minty Spire (QoL Compilation)","StSLib","SuperFastMode","The Bug Knight"],"gold_per_floor":[114,114,488,502,512,549,549,549,549,573,607,623,573,598,598,726,726,751,751,53,73,73,73,83,813,813,850,850,890,815,835,835,939,939,954,495,509,522,522,553,553,581,581,607,657,681,681,712,712,712,712,712,25,60,60],"floor_reached":56,"playtime":2339,"items_purged":["DemoMod:Strike_Huntress","DemoMod:Defend_Huntress","DemoMod:RustySidearm","DemoMod:Defend_Huntress"],"score":2643,"play_id":"32449359-d317-4ece-a623-7c310cddb203","local_time":"20201231172911","is_ascension_mode":true,"campfire_choices":[{"data":"DemoMod:SpreadAmmo","floor":7.0,"key":"SMITH"},{"floor":15,"key":"REST"},{"data":"DemoMod:FullFirepower","floor":23,"key":"SMITH"},{"data":"DemoMod:ManualReload","floor":28,"key":"SMITH"},{"floor":32,"key":"REST"},{"data":"DemoMod:DoubleVision","floor":41,"key":"SMITH"},{"floor":47,"key":"RECALL"},{"data":"DemoMod:FullFirepower","floor":49,"key":"SMITH"},{"data":"DemoMod:GunShield","floor":52,"key":"SMITH"}],"circlet_count":0,"master_deck":["DemoMod:Defend_Huntress","DemoMod:Defend_Huntress","DemoMod:Roll","DemoMod:ManualReload+1","DemoMod:GunShield+1","DemoMod:FullFirepower+1","DemoMod:SpreadAmmo+1","DemoMod:TableSutra+1","DemoMod:FastSwitch","DemoMod:ProbeStrike+1","DemoMod:SkilledReload+1","DemoMod:LifeOrb+1","DemoMod:Gungine+1","DemoMod:FullFirepower+1","DemoMod:TripleGun+1","DemoMod:ConditionalReflex+1","DemoMod:BattleInHaste","Scarecrow","DemoMod:DoubleVision+1","Finesse","DemoMod:Gungine+1","DemoMod:SpreadAmmo+1","DemoMod:GunShield+1"],"relics":["DemoMod:Dog","CogitoBucket","OrangePellets","Frozen Egg 2","ats:Originium","Oddly Smooth Stone","Bloody Idol","DemoMod:RedGuonStone","Molten Egg 2","DemoMod:WhiteGuonStone","Runic Pyramid","DemoMod:ClearGuonStone","DemoMod:GreenGuonStone","DollysMirror","DemoMod:Limited","BehaviorAdjustment","Strange Spoon","Strawberry","DemoMod:OrangeGuonStone","DemoMod:ElasticCartridgeClip","HellTrain","AtMidnight","HandDrill","Lantern","Sundial","Bronze Scales","Shuriken","PreservedInsect","CaptainsWheel","DemoMod:WeirdEgg","DemoMod:DecoyRelic","DemoMod:PortableTableDevice","DemoMod:RingOfEthereal","Pantograph","Lizard Tail"],"acts_visited":["Exordium","TheCity","TheBeyond","TheEnding"],"potions_floor_usage":[18,38,38,50,50,50],"damage_taken":[{"damage":1.0,"enemies":"Cultist","floor":1.0,"turns":3.0},{"damage":0.0,"enemies":"2 Louse","floor":4.0,"turns":2.0},{"damage":0.0,"enemies":"Small Slimes","floor":5.0,"turns":4.0},{"damage":2.0,"enemies":"HollowMod:MossKnight","floor":6.0,"turns":13.0},{"damage":0.0,"enemies":"Looter","floor":10.0,"turns":1.0},{"damage":0.0,"enemies":"3 Sentries","floor":11.0,"turns":2.0},{"damage":37.0,"enemies":"Exordium Wildlife","floor":12.0,"turns":4.0},{"damage":0,"enemies":"Large Slime","floor":14,"turns":6},{"damage":1,"enemies":"The Guardian","floor":16,"turns":12},{"damage":5,"enemies":"3 Byrds","floor":18,"turns":4},{"damage":0,"enemies":"Spheric Guardian","floor":21,"turns":3},{"damage":53,"enemies":"Chosen and Byrds","floor":24,"turns":3},{"damage":0,"enemies":"HollowMod:Nosk","floor":27,"turns":4},{"damage":30,"enemies":"Slavers","floor":29,"turns":4},{"damage":6,"enemies":"Snake Plant","floor":31,"turns":7},{"damage":0,"enemies":"Champ","floor":33,"turns":5},{"damage":0,"enemies":"3 Darklings","floor":35,"turns":8},{"damage":3,"enemies":"3 Shapes","floor":37,"turns":3},{"damage":0,"enemies":"Writhing Mass","floor":38,"turns":4},{"damage":0,"enemies":"HollowMod:StalkingDevout","floor":40,"turns":3},{"damage":6,"enemies":"Nemesis","floor":42,"turns":3},{"damage":0,"enemies":"HollowMod:StalkingDevout","floor":44,"turns":2},{"damage":6,"enemies":"Mind Bloom Boss Battle","floor":45,"turns":3},{"damage":0,"enemies":"Reptomancer","floor":48,"turns":1},{"damage":24,"enemies":"Awakened One","floor":50,"turns":5},{"damage":0,"enemies":"Shield and Spear","floor":54,"turns":3},{"damage":107,"enemies":"The Heart","floor":55,"turns":6}],"seed_played":"1412103877134492140","potions_obtained":[{"floor":1.0,"key":"Swift Potion"},{"floor":4.0,"key":"LiquidBronze"},{"floor":10.0,"key":"Energy Potion"},{"floor":21,"key":"SkillPotion"},{"floor":44,"key":"PowerPotion"},{"floor":45,"key":"Energy Potion"}],"is_trial":false,"path_per_floor":["M","?","$","M","M","E","R","?","T","M","E","M","?","M","R","B",null,"M","?","$","M","?","R","M","$","T","E","R","E","?","M","R","B",null,"M","$","M","M","?","E","R","E","T","E","?","T","R","E","R","B",null,"R","$","E","B",null],"character_chosen":"HUNTRESS","items_purchased":["OrangePellets","Frozen Egg 2","DemoMod:FullFirepower","DemoMod:ClearGuonStone","DemoMod:GreenGuonStone","DollysMirror","Strange Spoon","HandDrill","Lantern","DemoMod:PortableTableDevice","DemoMod:RingOfEthereal","Pantograph"],"campfire_rested":2,"item_purchase_floors":[3,3,3,20,20,20,25,36,36,53,53,53],"current_hp_per_floor":[69,69,69,69,69,67,67,50,50,50,50,13,13,13,34,33,70,65,65,65,70,70,70,22,27,27,39,39,20,20,19,42,47,77,77,77,77,77,77,77,77,76,76,77,76,77,77,77,77,57,77,77,77,77,10],"gold":60,"neow_bonus":"","is_daily":false,"chose_seed":false,"campfire_upgraded":6,"win_rate":0.0,"timestamp":1609403351,"path_taken":["M","?","$","M","M","E","R","?","T","M","E","M","?","M","R","BOSS","M","?","$","M","?","R","M","$","T","E","R","E","?","M","R","BOSS","M","$","M","?","?","E","R","E","T","E","?","?","R","E","R","BOSS","R","$","E","BOSS"],"items_purchased_type":["Relic","Relic","Card","Relic","Relic","Relic","Relic","Relic","Card","Relic","Relic","Relic"],"build_version":"2020-12-22","purchased_purges":4,"victory":true,"max_hp_per_floor":[70,70,70,70,70,70,70,70,70,70,70,70,70,70,70,70,70,70,70,70,70,70,70,70,70,70,77,77,77,77,77,77,77,77,77,77,77,77,77,77,77,77,77,77,77,77,77,77,77,77,77,77,77,77,77],"card_choices":[{"not_picked":["DemoMod:MachoBrace","DemoMod:SkilledReload"],"picked":"DemoMod:GunShield","floor":1.0},{"not_picked":["CherryBlossoms","GreedKing"],"picked":"DespairKnight","floor":4.0},{"not_picked":["DemoMod:DoubleSwitch","DemoMod:Polaris"],"picked":"DemoMod:SpreadAmmo","floor":4.0},{"not_picked":["DemoMod:ConditionalReflex","DemoMod:GunstockTap"],"picked":"DemoMod:TableSutra+1","floor":5.0},{"not_picked":["DemoMod:Unmoved","DemoMod:ChanceBullets+1"],"picked":"DemoMod:FastSwitch","floor":6.0},{"not_picked":["DemoMod:BlackHoleGun+1","DemoMod:DirectionalPad+1"],"picked":"DemoMod:ProbeStrike+1","floor":10.0},{"not_picked":["DemoMod:Slinger+1","DemoMod:GunstockTap+1","DemoMod:Ejector"],"picked":"SKIP","floor":11.0},{"not_picked":["DemoMod:TableSutra+1","DemoMod:DoubleSwitch"],"picked":"DemoMod:SkilledReload+1","floor":12},{"not_picked":["DemoMod:HuntsMan+1","DemoMod:SAA+1"],"picked":"DemoMod:LifeOrb+1","floor":14},{"not_picked":["DemoMod:Slinger+1","DemoMod:DoubleVision"],"picked":"DemoMod:Gungine+1","floor":16},{"not_picked":["DemoMod:StickyCrossBow+1","DemoMod:CursedBullets+1","DemoMod:DoubleSwitch"],"picked":"SKIP","floor":18},{"not_picked":["DemoMod:GunstockTap+1","DemoMod:JK47+1"],"picked":"DemoMod:TripleGun+1","floor":21},{"not_picked":["DemoMod:GunstockTap+1","DemoMod:StickyCrossBow+1","DemoMod:SAA+1"],"picked":"SKIP","floor":24},{"not_picked":["DemoMod:MachoBrace","DemoMod:BoxingGlove+1"],"picked":"DemoMod:ConditionalReflex+1","floor":27},{"not_picked":["DemoMod:AC15+1","DemoMod:TeaPot+1"],"picked":"DemoMod:BattleInHaste","floor":29},{"not_picked":["DemoMod:MegaHand+1","DemoMod:DoubleSwitch","DemoMod:HardPowerCard"],"picked":"SKIP","floor":31},{"not_picked":["SpiderBud","Wellcheers"],"picked":"Scarecrow","floor":33},{"not_picked":["DemoMod:BSG+1","DemoMod:Elimentaler+1"],"picked":"DemoMod:DoubleVision","floor":33},{"not_picked":["DemoMod:GunstockTap+1","DemoMod:DirectionalPad+1","DemoMod:JK47+1"],"picked":"SKIP","floor":35},{"not_picked":["DemoMod:TripleGun+1","DemoMod:DoubleSwitch","DemoMod:Polaris+1"],"picked":"SKIP","floor":37},{"not_picked":["DemoMod:TeaPot+1","DemoMod:PracticeMakesPerfect+1","DemoMod:Unmoved"],"picked":"SKIP","floor":38},{"not_picked":["Dramatic Entrance+1","Trip"],"picked":"Finesse","floor":39},{"not_picked":["DemoMod:BattleInHaste+1","DemoMod:DirectionalPad+1"],"picked":"DemoMod:Gungine+1","floor":40},{"not_picked":["DemoMod:HardPowerCard","DemoMod:HighKaliber+1"],"picked":"DemoMod:SpreadAmmo+1","floor":42},{"not_picked":["DemoMod:RadGun+1","DemoMod:GunstockTap+1","DemoMod:JK47+1"],"picked":"SKIP","floor":42},{"not_picked":["DemoMod:BattleInHaste+1","DemoMod:Ejector+1"],"picked":"DemoMod:GunShield+1","floor":44},{"not_picked":["DemoMod:Unmoved","DemoMod:LifeOrb+1","DemoMod:AbyssalTentacle+1"],"picked":"SKIP","floor":48},{"not_picked":["DemoMod:BoxingGlove+1","DemoMod:Camera+1","DemoMod:SniperShot"],"picked":"SKIP","floor":54}],"player_experience":216021,"relics_obtained":[{"floor":6.0,"key":"ats:Originium"},{"floor":6.0,"key":"Oddly Smooth Stone"},{"floor":9.0,"key":"DemoMod:RedGuonStone"},{"floor":10.0,"key":"Molten Egg 2"},{"floor":11.0,"key":"DemoMod:WhiteGuonStone"},{"floor":27,"key":"Strawberry"},{"floor":29,"key":"DemoMod:OrangeGuonStone"},{"floor":35,"key":"AtMidnight"},{"floor":40,"key":"ats:Originium"},{"floor":40,"key":"Sundial"},{"floor":42,"key":"ats:Originium"},{"floor":42,"key":"Bronze Scales"},{"floor":43,"key":"Shuriken"},{"floor":44,"key":"PreservedInsect"},{"floor":45,"key":"CaptainsWheel"},{"floor":46,"key":"DemoMod:WeirdEgg"},{"floor":48,"key":"DemoMod:DecoyRelic"},{"floor":54,"key":"Lizard Tail"}],"event_choices":[{"damage_healed":0.0,"max_hp_gain":0.0,"max_hp_loss":0.0,"gold_gain":0.0,"cards_transformed":["DemoMod:Strike_Huntress"],"event_name":"Living Wall","player_choice":"Change","floor":2.0,"gold_loss":0.0,"damage_taken":0.0,"cards_obtained":["DemoMod:TripleGun"]},{"damage_healed":0.0,"max_hp_gain":0.0,"max_hp_loss":0.0,"gold_gain":0.0,"event_name":"Golden Idol","player_choice":"Take Damage","floor":8.0,"gold_loss":0.0,"damage_taken":17.0,"relics_obtained":["Golden Idol"]},{"cards_removed":["DemoMod:Strike_Huntress"],"damage_healed":0,"gold_gain":0,"player_choice":"Card Removal","damage_taken":0,"max_hp_gain":0,"max_hp_loss":0,"event_name":"The Cleric","floor":13,"gold_loss":50},{"damage_healed":0,"gold_gain":0,"player_choice":"Gave Idol","damage_taken":0,"relics_obtained":["Bloody Idol"],"max_hp_gain":0,"max_hp_loss":0,"event_name":"Forgotten Altar","floor":19,"relics_lost":["Golden Idol"],"gold_loss":0},{"cards_removed":["DemoMod:CrossBow"],"damage_healed":0,"gold_gain":0,"player_choice":"Gave Gold","damage_taken":0,"max_hp_gain":0,"max_hp_loss":0,"event_name":"Beggar","floor":30,"gold_loss":75},{"damage_healed":0,"gold_gain":0,"player_choice":"Memory 1","damage_taken":0,"max_hp_gain":0,"max_hp_loss":0,"event_name":"SensoryStone","floor":39,"gold_loss":0},{"damage_healed":0,"gold_gain":0,"player_choice":"Fight","damage_taken":0,"max_hp_gain":0,"max_hp_loss":0,"event_name":"MindBloom","floor":45,"gold_loss":0}],"is_beta":false,"boss_relics":[{"not_picked":["Velvet Choker","Sozu"],"picked":"Runic Pyramid"},{"not_picked":["Runic Dome","DemoMod:Wolf"],"picked":"DemoMod:ElasticCartridgeClip"}],"items_purged_floors":[3,20,25,36],"is_endless":false,"potions_floor_spawned":[1,4,10,14,21,33,44,45,48,54],"ascension_level":1}}