{"host":"i58uscbei3sy5089","time":1609422525,"event":{"mods":["ATMod(°¢èªMod)","Act Like it!","Arknights The Spire","BaseMod","Challenge The Spire","Colored Powertips","Conspire","Infinite Spire","Koishi","Lobotomy","LobotomyExtend","Minty Spire (QoL Compilation)","MostiFishMod","Prisma Mod","Quick Restart","Reimu£¨²©ÀöÁéÃÎ£©","Replay The Spire","Shop Mod","Spicy Shops","StSLib","TestMod","The Alterego","The Construct","UnlockEverythingMod","[IsaacMod]ÒÔÈö¼âËþ","vexMod","¡¾¹¦ÄÜMod¡¿»ìãçÖ®»·ÐÞ¸´²¹¶¡","¡¾ÒÅÎï¿¨ÅÆ¡¿REMEMod","óô»ðÖ¸ÄÏ"],"gold_per_floor":[286,313,17,216,58,101,101,156,156,156,156,156,28,53,53,239,239,289,395,457,457,457,457,497,497,575,600,645,688,757,582,582,603,603],"floor_reached":33,"playtime":1642,"items_purged":["SpecialBullet","Poor:ReiMu","SpecialBullet"],"score":384,"play_id":"474e791c-1338-4e40-a484-e6c1054186a6","local_time":"20201231214845","is_ascension_mode":true,"campfire_choices":[],"circlet_count":0,"master_deck":["AT_BodySlamDance","WallGazer","Ecstasy","Ecstasy","SecurityCode","Adoration","MHz","OSAHOGD","infinitespire:Oblivion+1","QueenOfHatred","Horn+1","Scorched","WelfareCode"],"relics":["CogitoBucket","RabbitCall","testmod-TestBox","HushsDoor","DaveBox","AT_ATBox","REME_ComplimentaryCards","SalivaCoin","Membership Card","testmod-BouquetWithThorns","SynthV:TestCard","LetterFromLob","MerchantsRug","Bird Faced Urn","Molten Egg 2","vexMod:PlasmaPancake","BargainBundle","Tiny Chest","Torii","ats:Originium","Runic Pyramid","YidongShenshe:ReiMu","Membership Card","infinitespire:Lychee Nut","Replay:WaspNest","AT_SilverBalance","testmod-KeyOfTheVoid","vexMod:Dragonfruit","Philosopher\u0027s Stone","Bottled Tornado","AT_SilvercatRing","testmod-Register"],"acts_visited":["Exordium","TheCity"],"potions_floor_usage":[5],"damage_taken":[{"damage":12,"enemies":"2 Louse","floor":1,"turns":2},{"damage":14,"enemies":"Jaw Worm","floor":2,"turns":3},{"damage":10,"enemies":"Gremlin Nob","floor":6,"turns":3},{"damage":44,"enemies":"Lagavulin","floor":8,"turns":4},{"damage":44,"enemies":"The Guardian","floor":16,"turns":6},{"damage":37,"enemies":"Spheric Guardian","floor":18,"turns":4},{"damage":7,"enemies":"3 Byrds","floor":20,"turns":2},{"damage":21,"enemies":"Snecko","floor":24,"turns":4},{"damage":29,"enemies":"Snake Plant","floor":28,"turns":2},{"damage":48,"enemies":"conspire:HollyBat","floor":29,"turns":5},{"damage":43,"enemies":"Gremlin Leader","floor":30,"turns":4},{"damage":37,"enemies":"conspire:MysteriousRune","floor":33,"turns":1}],"seed_played":"3602007828269722987","potions_obtained":[{"floor":29,"key":"Swift Potion"}],"is_trial":false,"path_per_floor":["M","M","$","?","$","E","?","E","T","?","R","?","R","T","R","B",null,"M","?","M","AVR","?","R","M","R","T","T","M","M","E","$","R","B"],"character_chosen":"Angela","items_purchased":["MerchantsRug","Bird Faced Urn","Molten Egg 2","vexMod:PlasmaPancake","BargainBundle","Chaos","Adrenaline Potion","Fruit Juice","SpeedPotion","BlessingOfTheForge","Tiny Chest","Diplopia","AT_SilvercatRing","testmod-Register"],"campfire_rested":0,"item_purchase_floors":[3,3,3,3,5,5,5,5,5,5,5,13,31,31],"current_hp_per_floor":[58,44,50,20,25,21,81,49,49,57,57,57,57,57,57,30,60,44,29,47,47,47,47,31,31,36,36,24,19,27,27,27,0,0],"gold":603,"neow_bonus":"REMOVE_CARD","is_daily":false,"chose_seed":false,"campfire_upgraded":0,"win_rate":0.0,"timestamp":1609422525,"path_taken":["M","M","$","?","$","E","?","E","T","?","R","?","R","?","R","BOSS","M","?","M","AVR","?","R","?","R","T","?","M","?","E","$","R","BOSS"],"items_purchased_type":["Relic","Relic","Relic","Relic","Relic","Card","Potion","Potion","Potion","Potion","Relic","Relic","Relic","Relic"],"build_version":"2020-12-22","purchased_purges":3,"victory":false,"max_hp_per_floor":[70,70,76,76,81,81,81,81,81,81,81,81,81,60,60,60,60,60,60,60,60,60,60,60,60,65,65,65,65,65,65,65,65,65],"card_choices":[{"not_picked":["SpiderBud","Murderer"],"picked":"WallGazer","floor":1},{"not_picked":["Bomb"],"picked":"Ecstasy","floor":1},{"not_picked":["Bomb","Gaze","BloodyDesire"],"picked":"Ecstasy","floor":2},{"not_picked":["MagicBullet+1","Christmas","BlueScar","WristCuter+1"],"picked":"SKIP","floor":6},{"not_picked":["ScreamingWedge","SomewhereSpear","RapturousDream","CrimsonScar+1"],"picked":"SKIP","floor":8},{"not_picked":["SoundOfStar","GoldRush+1","DaCapo"],"picked":"Adoration","floor":16},{"not_picked":["OldLady","Bloodbath"],"picked":"MHz","floor":18},{"not_picked":["Noise+1","Discord","Wingbeat","FrostShard+1"],"picked":"SKIP","floor":18},{"not_picked":["FieryBird","MeatLantern"],"picked":"OSAHOGD","floor":20},{"not_picked":["Logging+1","Tough+1","FourthMatchFlame+1","Penitence"],"picked":"SKIP","floor":20},{"not_picked":["BearPaw","Soda","SomewhereSpear"],"picked":"MagicBullet+1","floor":24},{"not_picked":["GreedKing","CherryBlossoms"],"picked":"QueenOfHatred","floor":28},{"not_picked":["FrostShard","Regret_ego","CUTE+1","Galaxy","Heaven+1"],"picked":"SKIP","floor":28},{"not_picked":["Murderer","Bloodbath"],"picked":"BlackArmy","floor":29},{"not_picked":["TodaysExpression","Harmony+1","BlueScar+1","SomewhereSpear"],"picked":"Beak+1","floor":29},{"not_picked":["Wingbeat+1","Christmas+1","BloodyDesire+1","Discord+1"],"picked":"Horn+1","floor":30},{"not_picked":["Scarecrow","OldLady"],"picked":"Scorched","floor":30}],"player_experience":676080,"relics_obtained":[{"floor":1,"key":"SynthV:TestCard"},{"floor":1,"key":"LetterFromLob"},{"floor":6,"key":"Torii"},{"floor":6,"key":"ats:Originium"},{"floor":8,"key":"ats:Originium"},{"floor":8,"key":"ReplayFunnel"},{"floor":9,"key":"Runic Pyramid"},{"floor":14,"key":"infinitespire:Lychee Nut"},{"floor":26,"key":"vexMod:Dragonfruit"},{"floor":27,"key":"Philosopher\u0027s Stone"},{"floor":30,"key":"Bottled Tornado"},{"floor":30,"key":"ats:Originium"}],"event_choices":[{"damage_healed":60,"gold_gain":0,"player_choice":"Full Heal","damage_taken":0,"max_hp_gain":0,"max_hp_loss":0,"event_name":"Wheel of Change","floor":7,"gold_loss":0},{"damage_healed":0,"gold_gain":0,"player_choice":"´ø×ßÉñÉç","damage_taken":0,"relics_obtained":["YidongShenshe:ReiMu"],"max_hp_gain":0,"max_hp_loss":0,"event_name":"yidonshenshe","floor":12,"gold_loss":0,"cards_obtained":["Poor:ReiMu"]},{"cards_removed":["SpecialBullet"],"damage_healed":0,"gold_gain":0,"player_choice":"Elegance","damage_taken":0,"max_hp_gain":0,"max_hp_loss":0,"event_name":"Back to Basics","floor":22,"gold_loss":0}],"is_beta":false,"boss_relics":[{"not_picked":["D6","infinitespire:CursedDice"],"picked":"Replay:WaspNest"},{"not_picked":[]}],"items_purged_floors":[5,13,21],"is_endless":false,"potions_floor_spawned":[29],"killed_by":"conspire:MysteriousRune","ascension_level":3}}