{"host":"yi49lbnhh35mzi7n","time":1609394032,"event":{"mods":["BaseMod","Bestiary","BetterRewards","Colored Map","Conspire","Downfall","Googly Eyes","Hermit","Hubris","Infinite Spire","Minty Spire (QoL Compilation)","Quick Restart","Replay The Spire","StSLib","The Bladedancer","The Construct","The Jungle","The Necromancer","Yuri Mod"],"gold_per_floor":[113,67,67,67,86,119,119,144,144,178,192,35,35,35,35,140,140,168,168,118,108,128,165,185,189,189],"floor_reached":25,"playtime":793,"items_purged":["Strike_R"],"score":277,"play_id":"81460ffd-b97a-452b-9184-8189c7549e46","local_time":"20201231065352","is_ascension_mode":true,"campfire_choices":[{"data":"Fire Breathing","floor":7,"key":"SMITH"},{"data":"Spot Weakness","floor":13,"key":"SMITH"},{"data":"conspire:ExplosiveBarrier","floor":15,"key":"SMITH"}],"circlet_count":0,"master_deck":["Strike_R","Strike_R","Strike_R","Strike_R+1","Defend_R","Defend_R","Defend_R","Defend_R+1","Bash","conspire:Charge","Shrug It Off","Fire Breathing+1","Pommel Strike","Burning Pact","Wild Strike","Spot Weakness+1","conspire:ExplosiveBarrier+1","Hemogenesis","Inflame","Cleave+1","Burning Pact+1","Heavy Blade"],"relics":["Burning Blood","NeowsBlessing","Art of War","Smiling Mask","infinitespire:Midas Blood","infinitespire:Beetle Shell","conspire:TreasureMap","infinitespire:Cupcake","infinitespire:Satchel"],"acts_visited":["Exordium","TheCity"],"potions_floor_usage":[21,24,24,25],"damage_taken":[{"damage":0,"enemies":"Small Slimes","floor":1,"turns":1},{"damage":0,"enemies":"Jaw Worm","floor":5,"turns":1},{"damage":0,"enemies":"Lagavulin","floor":6,"turns":1},{"damage":20,"enemies":"Gremlin Nob","floor":8,"turns":4},{"damage":19,"enemies":"3 Sentries","floor":10,"turns":5},{"damage":0,"enemies":"Cultist","floor":11,"turns":4},{"damage":35,"enemies":"Fading Forest","floor":16,"turns":11},{"damage":30,"enemies":"Shell Parasite","floor":18,"turns":8},{"damage":12,"enemies":"2 Thieves","floor":21,"turns":4},{"damage":29,"enemies":"3 Cultists","floor":22,"turns":6},{"damage":20,"enemies":"Replay:Snechameleon","floor":23,"turns":5},{"damage":22,"enemies":"Shelled Parasite and Fungi","floor":24,"turns":3},{"damage":18,"enemies":"Nightmare","floor":25,"turns":3}],"seed_played":"1269421809841313390","potions_obtained":[{"floor":1,"key":"Ancient Potion"},{"floor":8,"key":"champ:CounterPotion"},{"floor":10,"key":"BlessingOfTheForge"},{"floor":18,"key":"SkillPotion"},{"floor":22,"key":"FearPotion"},{"floor":24,"key":"Swift Potion"}],"is_trial":false,"path_per_floor":["M","$","?","?","M","E","R","E","T","E","M","$","R","$","R","B",null,"M","?","$","M","M","E","M","NM"],"character_chosen":"IRONCLAD","items_purchased":["Shrug It Off","conspire:TreasureMap"],"campfire_rested":0,"item_purchase_floors":[2,12],"current_hp_per_floor":[80,80,64,64,70,76,76,62,62,49,55,55,55,55,55,36,80,61,61,61,60,37,28,17,0,0],"gold":189,"neow_bonus":"THREE_ENEMY_KILL","is_daily":false,"chose_seed":false,"campfire_upgraded":3,"win_rate":0.0,"timestamp":1609394032,"path_taken":["M","$","?","?","M","E","R","E","T","E","M","$","R","?","R","BOSS","M","?","$","M","M","E","M","NM"],"items_purchased_type":["Card","Relic"],"build_version":"2020-12-22","purchased_purges":1,"victory":false,"max_hp_per_floor":[80,80,80,80,80,80,80,80,80,80,80,80,80,80,80,80,80,80,80,80,80,80,80,80,80,80],"card_choices":[{"not_picked":["Wild Strike","Iron Wave"],"picked":"conspire:Charge","floor":1},{"not_picked":["Searing Blow","Wild Strike"],"picked":"Pommel Strike","floor":5},{"not_picked":["Reckless Charge","Twin Strike"],"picked":"Burning Pact","floor":6},{"not_picked":["hubris:ReadiedAction","Armaments"],"picked":"Wild Strike","floor":8},{"not_picked":["Run Through","Twin Strike"],"picked":"Spot Weakness","floor":10},{"not_picked":["Twin Strike","Life Link"],"picked":"conspire:ExplosiveBarrier","floor":11},{"not_picked":["Brutality","Limit Break"],"picked":"Hemogenesis","floor":16},{"not_picked":["Perfected Strike","Clash","Twin Strike"],"picked":"SKIP","floor":18},{"not_picked":["Twin Strike","Heavy Blade+1"],"picked":"Inflame","floor":21},{"not_picked":["Intimidate","Rampage"],"picked":"Cleave+1","floor":22},{"not_picked":["Twin Strike","Infernal Blade+1"],"picked":"Burning Pact+1","floor":23},{"not_picked":["Clothesline","hubris:CleavingFinish"],"picked":"Heavy Blade","floor":24}],"player_experience":552743,"relics_obtained":[{"floor":6,"key":"Art of War"},{"floor":8,"key":"Smiling Mask"},{"floor":9,"key":"infinitespire:Midas Blood"},{"floor":10,"key":"infinitespire:Beetle Shell"},{"floor":23,"key":"infinitespire:Satchel"}],"event_choices":[{"damage_healed":0,"gold_gain":0,"player_choice":"Entered Light","damage_taken":16,"max_hp_gain":0,"max_hp_loss":0,"event_name":"Shining Light","floor":3,"gold_loss":0,"cards_upgraded":["Defend_R","Strike_R"]},{"damage_healed":0,"gold_gain":0,"player_choice":"Ignored","damage_taken":0,"max_hp_gain":0,"max_hp_loss":0,"event_name":"NoteForYourself","floor":19,"gold_loss":0}],"is_beta":false,"boss_relics":[{"not_picked":["Ooze Armor","infinitespire:Burning Sword"],"picked":"infinitespire:Cupcake"}],"items_purged_floors":[20],"is_endless":false,"potions_floor_spawned":[1,8,10,18,22,24],"killed_by":"Nightmare","ascension_level":1}}