{"host":"a1eatafr7pisesky","time":1609395176,"event":{"mods":["BaseMod","Colored Map","DeckTracker","Highlight Path","Keyboard Shortcuts","Minty Spire (QoL Compilation)","Permanent Neow","Random Character Button","StSLib","SuperFastMode","everything is the same but u backflip on backflip"],"gold_per_floor":[110,130,100,116,129,140,170,58,58,58,58,69,102,113,113,217,217,231,231,242,259,159,159,170,170,194,194,194],"floor_reached":27,"playtime":688,"items_purged":["Strike_G","Strike_G"],"score":284,"play_id":"c94d43c8-ea75-4295-817f-fbd38b53f32d","local_time":"20201231151256","is_ascension_mode":true,"campfire_choices":[{"data":"Calculated Gamble","floor":11.0,"key":"SMITH"},{"floor":15.0,"key":"REST"},{"floor":23,"key":"REST"}],"circlet_count":0,"master_deck":["Strike_G","Strike_G","Strike_G","Defend_G","Defend_G","Defend_G","Defend_G","Defend_G","Survivor","Neutralize","Parasite","Acrobatics","Prepared","All Out Attack","Dagger Spray","All Out Attack","Calculated Gamble+1","Leg Sweep","PiercingWail","After Image","Reflex"],"relics":["Ring of the Snake","Tingsha","InkBottle","Bottled Lightning","Juzu Bracelet","Runic Dome","Bag of Marbles"],"acts_visited":["Exordium","TheCity"],"potions_floor_usage":[],"damage_taken":[{"damage":3.0,"enemies":"Jaw Worm","floor":1.0,"turns":4.0},{"damage":0.0,"enemies":"Cultist","floor":2.0,"turns":4.0},{"damage":7.0,"enemies":"2 Louse","floor":4.0,"turns":3.0},{"damage":10.0,"enemies":"2 Fungi Beasts","floor":5.0,"turns":3.0},{"damage":0.0,"enemies":"3 Louse","floor":6.0,"turns":2.0},{"damage":20.0,"enemies":"3 Sentries","floor":7.0,"turns":3.0},{"damage":0.0,"enemies":"Lots of Slimes","floor":12.0,"turns":1.0},{"damage":17.0,"enemies":"Lagavulin","floor":13.0,"turns":6.0},{"damage":1.0,"enemies":"Blue Slaver","floor":14.0,"turns":3.0},{"damage":29.0,"enemies":"The Guardian","floor":16.0,"turns":15.0},{"damage":7.0,"enemies":"Spheric Guardian","floor":18.0,"turns":4.0},{"damage":14,"enemies":"2 Thieves","floor":20,"turns":3},{"damage":20,"enemies":"Shelled Parasite and Fungi","floor":21,"turns":8},{"damage":26,"enemies":"Snake Plant","floor":24,"turns":5},{"damage":11,"enemies":"Sentry and Sphere","floor":27,"turns":2}],"seed_played":"-5951027993154821865","potions_obtained":[{"floor":1.0,"key":"AttackPotion"},{"floor":3.0,"key":"EntropicBrew"},{"floor":3.0,"key":"Weak Potion"},{"floor":12.0,"key":"CunningPotion"},{"floor":20,"key":"Strength Potion"}],"is_trial":false,"path_per_floor":["M","M","?","M","M","M","E","$","T","$","R","M","E","M","R","B",null,"M","?","M","M","$","R","M","?","T","M"],"character_chosen":"THE_SILENT","items_purchased":["Leg Sweep"],"campfire_rested":2,"item_purchase_floors":[8],"current_hp_per_floor":[67,67,67,60,50,50,30,30,30,30,30,30,13,12,33,4,54,47,47,33,13,13,34,8,8,8,0,0],"gold":194,"neow_bonus":"ONE_RARE_RELIC","is_daily":false,"chose_seed":false,"campfire_upgraded":1,"win_rate":0.0,"timestamp":1609395176,"path_taken":["M","M","?","?","M","M","E","$","T","$","R","M","E","M","R","BOSS","M","?","M","M","$","R","M","?","T","M"],"items_purchased_type":["Card"],"build_version":"2020-12-22","purchased_purges":2,"victory":false,"max_hp_per_floor":[70,70,70,70,70,70,70,70,70,70,70,70,70,70,70,70,70,70,70,70,70,70,70,70,70,70,70,70],"card_choices":[{"not_picked":["Accuracy","Deflect"],"picked":"Acrobatics","floor":1.0},{"not_picked":["Flechettes","Poisoned Stab"],"picked":"Prepared","floor":2.0},{"not_picked":["Die Die Die","Dash"],"picked":"All Out Attack","floor":4.0},{"not_picked":["Blade Dance","Acrobatics"],"picked":"Dagger Spray","floor":5.0},{"not_picked":["Cloak And Dagger","Acrobatics"],"picked":"All Out Attack","floor":6.0},{"not_picked":["Skewer","Distraction"],"picked":"Calculated Gamble","floor":7.0},{"not_picked":["Outmaneuver","Phantasmal Killer","Setup"],"picked":"SKIP","floor":12.0},{"not_picked":["Outmaneuver","Dash","Underhanded Strike"],"picked":"SKIP","floor":13.0},{"not_picked":["Riddle With Holes","Deflect"],"picked":"PiercingWail","floor":14.0},{"not_picked":["Wraith Form v2","Envenom"],"picked":"After Image","floor":16.0},{"not_picked":["Dodge and Roll","Endless Agony","Bane"],"picked":"SKIP","floor":18.0},{"not_picked":["Poisoned Stab+1","Underhanded Strike","Sucker Punch"],"picked":"SKIP","floor":20},{"not_picked":["Dodge and Roll","Prepared","Deflect"],"picked":"SKIP","floor":21},{"not_picked":["Dodge and Roll","Corpse Explosion"],"picked":"Reflex","floor":24}],"player_experience":276689,"relics_obtained":[{"floor":7.0,"key":"InkBottle"},{"floor":9.0,"key":"Bottled Lightning"},{"floor":13.0,"key":"Juzu Bracelet"},{"floor":26,"key":"Bag of Marbles"}],"event_choices":[{"damage_healed":0.0,"max_hp_gain":0.0,"max_hp_loss":0.0,"gold_gain":0.0,"event_name":"The Woman in Blue","player_choice":"Bought 2 Potions","floor":3.0,"gold_loss":0.0,"damage_taken":0.0},{"damage_healed":0,"gold_gain":0,"player_choice":"Ignored","damage_taken":0,"max_hp_gain":0,"max_hp_loss":0,"event_name":"Cursed Tome","floor":19,"gold_loss":0},{"damage_healed":0,"gold_gain":0,"player_choice":"Ignored","damage_taken":0,"max_hp_gain":0,"max_hp_loss":0,"event_name":"Ghosts","floor":25,"gold_loss":0}],"is_beta":false,"boss_relics":[{"not_picked":["Calling Bell","Snecko Eye"],"picked":"Runic Dome"}],"items_purged_floors":[8,22],"is_endless":false,"potions_floor_spawned":[1,5,7,12,13,20,21,24],"killed_by":"Sentry and Sphere","ascension_level":5}}