{"host":"xjyie0ctswsml60g","time":1609444943,"event":{"mods":["AchievementEnabler","BaseMod","Colored Map","Minty Spire (QoL Compilation)","Quick Restart","SuperFastMode"],"gold_per_floor":[119,132,132,407,424,424,459,459,459,459,459,476,495,511,511,616,666,676,692,725,498,413,413,442,185,208,208,228,242,242,342,342,442,442,457,457,472,472,472,472,482,57,57,57,74,87,87,87,87,87,87,87,36,70,70,70],"floor_reached":55,"playtime":3430,"items_purged":["Defend_P","Defend_P","Strike_P+1"],"score":737,"play_id":"f389f5ad-9d84-4072-9c2b-47c8599aa851","local_time":"20201231220223","is_ascension_mode":false,"campfire_choices":[{"floor":6.0,"key":"RECALL"},{"data":"BattleHymn","floor":8.0,"key":"SMITH"},{"floor":11.0,"key":"REST"},{"data":"DeceiveReality","floor":15.0,"key":"SMITH"},{"floor":23.0,"key":"REST"},{"data":"LessonLearned","floor":27.0,"key":"SMITH"},{"data":"DevaForm","floor":30.0,"key":"SMITH"},{"floor":32.0,"key":"REST"},{"floor":40.0,"key":"REST"},{"floor":47.0,"key":"REST"},{"floor":49.0,"key":"REST"},{"floor":52.0,"key":"REST"}],"circlet_count":0,"master_deck":["Strike_P+1","Strike_P+1","Defend_P+1","Defend_P+1","Eruption+1","Vigilance+1","DeceiveReality+1","BattleHymn+1","FollowUp+1","LessonLearned+1","SashWhip+1","WreathOfFlame+1","Study+1","BowlingBash+1","DevaForm+1","Prostrate+1","Swivel+1","CarveReality+1","FlurryOfBlows+1"],"relics":["PureWater","CloakClasp","Tiny House","Red Mask","Orichalcum","TeardropLocket","Mango","Happy Flower","Ancient Tea Set","Incense Burner","Gremlin Horn","Lantern"],"acts_visited":["Exordium","TheCity","TheBeyond","TheEnding"],"potions_floor_usage":[],"damage_taken":[{"damage":0.0,"enemies":"Cultist","floor":1.0,"turns":3.0},{"damage":0.0,"enemies":"2 Louse","floor":2.0,"turns":2.0},{"damage":3.0,"enemies":"Jaw Worm","floor":5.0,"turns":4.0},{"damage":36.0,"enemies":"Lagavulin","floor":7.0,"turns":9.0},{"damage":6.0,"enemies":"Lots of Slimes","floor":12.0,"turns":3.0},{"damage":13.0,"enemies":"Gremlin Gang","floor":13.0,"turns":4.0},{"damage":0.0,"enemies":"2 Fungi Beasts","floor":14.0,"turns":3.0},{"damage":5.0,"enemies":"Hexaghost","floor":16.0,"turns":9.0},{"damage":0.0,"enemies":"Spheric Guardian","floor":18.0,"turns":3.0},{"damage":0.0,"enemies":"Shell Parasite","floor":19.0,"turns":2.0},{"damage":52.0,"enemies":"Masked Bandits","floor":20.0,"turns":4.0},{"damage":24.0,"enemies":"Gremlin Leader","floor":24.0,"turns":5.0},{"damage":2.0,"enemies":"3 Cultists","floor":28.0,"turns":4.0},{"damage":6.0,"enemies":"Snake Plant","floor":29.0,"turns":3.0},{"damage":56.0,"enemies":"Automaton","floor":33.0,"turns":7.0},{"damage":21.0,"enemies":"3 Shapes","floor":35.0,"turns":7.0},{"damage":0.0,"enemies":"3 Darklings","floor":36.0,"turns":2.0},{"damage":45.0,"enemies":"Writhing Mass","floor":37.0,"turns":7.0},{"damage":3.0,"enemies":"Transient","floor":41.0,"turns":5.0},{"damage":0.0,"enemies":"4 Shapes","floor":45.0,"turns":7.0},{"damage":5.0,"enemies":"3 Darklings","floor":46.0,"turns":4.0},{"damage":60.0,"enemies":"Awakened One","floor":50.0,"turns":11.0},{"damage":0.0,"enemies":"Shield and Spear","floor":54.0,"turns":5.0},{"damage":87,"enemies":"The Heart","floor":55,"turns":6}],"seed_played":"-8778630412643957252","potions_obtained":[{"floor":5.0,"key":"Fire Potion"},{"floor":14.0,"key":"SpeedPotion"},{"floor":16.0,"key":"AttackPotion"},{"floor":17.0,"key":"Fruit Juice"},{"floor":19.0,"key":"SmokeBomb"},{"floor":20.0,"key":"Dexterity Potion"},{"floor":28.0,"key":"GamblersBrew"},{"floor":29.0,"key":"BlessingOfTheForge"},{"floor":37.0,"key":"SteroidPotion"},{"floor":45.0,"key":"DuplicationPotion"}],"is_trial":false,"path_per_floor":["M","M","?","?","M","R","E","R","T","?","R","M","M","M","R","B",null,"M","M","?","$","?","R","E","$","T","R","M","M","R","?","R","B",null,"M","M","M","?","?","R","M","$","T","?","M","M","R","?","R","B",null,"R","$","E","B"],"character_chosen":"WATCHER","items_purchased":["Orichalcum","Happy Flower","Incense Burner","BottledMiracle"],"campfire_rested":7,"item_purchase_floors":[21,25,42,53],"current_hp_per_floor":[72,72,58,58,55,55,19,19,19,19,40,34,21,21,21,16,82,82,82,30,30,30,54,44,44,44,44,42,36,36,36,64,8,96,75,75,30,30,30,58,55,55,55,55,55,50,78,78,91,31,91,91,91,91,4,4],"gold":70,"neow_bonus":"UPGRADE_CARD","is_daily":false,"chose_seed":false,"campfire_upgraded":4,"win_rate":0.0,"timestamp":1609444943,"path_taken":["M","M","?","?","?","R","E","R","T","?","R","?","M","?","R","BOSS","M","M","?","$","?","R","E","?","T","R","M","M","R","?","R","BOSS","M","?","M","?","?","R","M","$","T","?","M","?","R","?","R","BOSS","R","$","E","BOSS"],"items_purchased_type":["Relic","Relic","Relic","Potion"],"build_version":"2020-12-22","purchased_purges":3,"victory":false,"max_hp_per_floor":[72,72,72,72,72,72,72,72,72,72,72,72,72,72,72,72,82,82,82,82,82,82,82,96,96,96,96,96,96,96,96,96,96,96,96,96,96,96,96,96,96,96,96,96,96,96,96,91,91,91,91,91,91,91,91,91],"card_choices":[{"not_picked":["Evaluate","SandsOfTime","LikeWater"],"picked":"SKIP","floor":1.0},{"not_picked":["Meditate","Weave"],"picked":"DeceiveReality","floor":2.0},{"not_picked":["SashWhip","Halt","JustLucky"],"picked":"SKIP","floor":5.0},{"not_picked":["SandsOfTime","FlurryOfBlows"],"picked":"BattleHymn","floor":7.0},{"not_picked":["CrushJoints","FollowUp","BowlingBash"],"picked":"SKIP","floor":12.0},{"not_picked":["Protect","Sanctity"],"picked":"FollowUp","floor":13.0},{"not_picked":["Worship","Prostrate","CrushJoints"],"picked":"SKIP","floor":14.0},{"not_picked":["ConjureBlade","DeusExMachina"],"picked":"LessonLearned","floor":16.0},{"not_picked":["SignatureMove","WreathOfFlame+1"],"picked":"SashWhip+1","floor":18.0},{"not_picked":["SandsOfTime","TalkToTheHand"],"picked":"WreathOfFlame+1","floor":19.0},{"not_picked":["CutThroughFate","SignatureMove"],"picked":"Study+1","floor":20.0},{"not_picked":["EmptyBody+1","Study","CrushJoints"],"picked":"SKIP","floor":24.0},{"not_picked":["EmptyBody","Pray"],"picked":"BowlingBash","floor":28.0},{"not_picked":["Pray","EmptyFist"],"picked":"DevaForm","floor":29.0},{"not_picked":["Protect","BowlingBash"],"picked":"Prostrate+1","floor":35.0},{"not_picked":["Wireheading+1","Sanctity"],"picked":"Swivel+1","floor":37.0},{"not_picked":["Perseverance+1","Evaluate","BowlingBash"],"picked":"SKIP","floor":41.0},{"not_picked":["Perseverance+1","EmptyBody"],"picked":"CarveReality+1","floor":45.0},{"not_picked":["PathToVictory","ClearTheMind","Evaluate"],"picked":"SKIP","floor":46.0},{"not_picked":["Halt+1","Protect"],"picked":"FlurryOfBlows+1","floor":54.0}],"player_experience":468532,"relics_obtained":[{"floor":7.0,"key":"CloakClasp"},{"floor":20.0,"key":"Red Mask"},{"floor":24.0,"key":"Mango"},{"floor":26.0,"key":"Ancient Tea Set"},{"floor":43.0,"key":"Gremlin Horn"},{"floor":54.0,"key":"Lantern"}],"event_choices":[{"damage_healed":0.0,"max_hp_gain":0.0,"max_hp_loss":0.0,"gold_gain":0.0,"event_name":"Shining Light","player_choice":"Entered Light","floor":3.0,"gold_loss":0.0,"damage_taken":14.0,"cards_upgraded":["Strike_P","Strike_P"]},{"damage_healed":0.0,"max_hp_gain":0.0,"max_hp_loss":0.0,"gold_gain":275.0,"event_name":"Golden Shrine","player_choice":"Desecrate","floor":4.0,"gold_loss":0.0,"damage_taken":0.0,"cards_obtained":["Regret"]},{"cards_removed":["Regret"],"damage_healed":0.0,"max_hp_gain":0.0,"max_hp_loss":0.0,"gold_gain":0.0,"event_name":"Fountain of Cleansing","player_choice":"Removed Curses","floor":10.0,"gold_loss":0.0,"damage_taken":0.0},{"damage_healed":0.0,"max_hp_gain":0.0,"max_hp_loss":0.0,"gold_gain":0.0,"event_name":"Masked Bandits","player_choice":"Fought Bandits","floor":20.0,"gold_loss":0.0,"damage_taken":0.0},{"damage_healed":0.0,"max_hp_gain":0.0,"max_hp_loss":0.0,"gold_gain":0.0,"event_name":"Addict","player_choice":"Obtained Relic","floor":22.0,"gold_loss":85.0,"damage_taken":0.0,"relics_obtained":["TeardropLocket"]},{"damage_healed":0.0,"max_hp_gain":0.0,"max_hp_loss":0.0,"gold_gain":100.0,"event_name":"Golden Shrine","player_choice":"Pray","floor":31.0,"gold_loss":0.0,"damage_taken":0.0},{"cards_removed":["Strike_P"],"damage_healed":0.0,"max_hp_gain":0.0,"max_hp_loss":0.0,"gold_gain":0.0,"event_name":"Falling","player_choice":"Removed Attack","floor":38.0,"gold_loss":0.0,"damage_taken":0.0},{"damage_healed":0.0,"max_hp_gain":0.0,"max_hp_loss":0.0,"gold_gain":0.0,"event_name":"Mysterious Sphere","player_choice":"Ignored","floor":39.0,"gold_loss":0.0,"damage_taken":0.0},{"damage_healed":0.0,"max_hp_gain":0.0,"max_hp_loss":0.0,"gold_gain":0.0,"event_name":"SecretPortal","player_choice":"Ignored","floor":44.0,"gold_loss":0.0,"damage_taken":0.0},{"damage_healed":0.0,"max_hp_gain":0.0,"max_hp_loss":5.0,"gold_gain":0.0,"event_name":"Winding Halls","player_choice":"Max HP","floor":48.0,"gold_loss":0.0,"damage_taken":0.0}],"is_beta":false,"boss_relics":[{"not_picked":["Fusion Hammer","Sozu"],"picked":"Tiny House"},{"not_picked":[]}],"items_purged_floors":[21,25,42],"is_endless":false,"potions_floor_spawned":[5,14,16,19,20,28,29,37,45],"killed_by":"The Heart","ascension_level":0}}