{"host":"poshtwjux72eqzmy","time":1609373763,"event":{"mods":["BaseMod","Bestiary","Block Reminder","Colored Powertips","Highlight Path","Minty Spire (QoL Compilation)","Quick Restart","Relic Stats","ojb\u0027s Info Mod"],"gold_per_floor":[112,82,93,18,29,29,62,74,74,103,119,119,135,152,152,229,229,247,258,173,98,117,117,149,149,149,74,104,104,104,104,104],"floor_reached":31,"playtime":1667,"items_purged":[],"score":555,"play_id":"427c7b9e-b929-4719-9349-1a84baf04ffe","local_time":"20201231021603","is_ascension_mode":true,"campfire_choices":[{"data":"Sweeping Beam","floor":6.0,"key":"SMITH"},{"data":"Loop","floor":12,"key":"SMITH"},{"data":"Doom and Gloom","floor":15,"key":"SMITH"},{"data":"Buffer","floor":23,"key":"SMITH"},{"data":"Self Repair","floor":25,"key":"SMITH"},{"data":"Multi-Cast","floor":29,"key":"SMITH"}],"circlet_count":0,"master_deck":["AscendersBane","Strike_B","Strike_B","Strike_B","Defend_B","Defend_B","Defend_B","Defend_B","Zap","Dualcast","Rebound","Sweeping Beam+1","Ball Lightning","Self Repair+1","Doom and Gloom+1","Loop+1","Melter","Multi-Cast+1","Recycle","Buffer+1","Decay"],"relics":["Cursed Key","Singing Bowl","Pear","Velvet Choker","PreservedInsect","Juzu Bracelet","WingedGreaves","Red Mask"],"acts_visited":["Exordium","TheCity"],"potions_floor_usage":[8,10,28,31],"damage_taken":[{"damage":3.0,"enemies":"2 Louse","floor":1.0,"turns":3.0},{"damage":1.0,"enemies":"Cultist","floor":3.0,"turns":3.0},{"damage":2.0,"enemies":"Jaw Worm","floor":5.0,"turns":3.0},{"damage":20.0,"enemies":"Lagavulin","floor":7.0,"turns":4.0},{"damage":10,"enemies":"Large Slime","floor":8,"turns":3},{"damage":25,"enemies":"Gremlin Nob","floor":10,"turns":4},{"damage":12,"enemies":"Exordium Wildlife","floor":11,"turns":3},{"damage":2,"enemies":"Lots of Slimes","floor":13,"turns":2},{"damage":18,"enemies":"3 Louse","floor":14,"turns":3},{"damage":9,"enemies":"Hexaghost","floor":16,"turns":7},{"damage":30,"enemies":"Shell Parasite","floor":18,"turns":3},{"damage":6,"enemies":"Spheric Guardian","floor":19,"turns":3},{"damage":29,"enemies":"Centurion and Healer","floor":22,"turns":5},{"damage":3,"enemies":"Gremlin Leader","floor":24,"turns":5},{"damage":0,"enemies":"Masked Bandits","floor":28,"turns":3},{"damage":44,"enemies":"Book of Stabbing","floor":31,"turns":3}],"seed_played":"-281875407774502012","potions_obtained":[{"floor":2.0,"key":"AttackPotion"},{"floor":2.0,"key":"EssenceOfSteel"},{"floor":5.0,"key":"Regen Potion"},{"floor":8,"key":"SkillPotion"},{"floor":14,"key":"Fire Potion"},{"floor":16,"key":"LiquidBronze"},{"floor":19,"key":"Ancient Potion"},{"floor":24,"key":"FocusPotion"},{"floor":28,"key":"Energy Potion"}],"is_trial":false,"path_per_floor":["M","?","M","?","M","R","E","M","T","E","M","R","M","M","R","B",null,"M","M","?","?","M","R","E","R","T","?","?","R","?","E"],"character_chosen":"DEFECT","items_purchased":[],"campfire_rested":0,"item_purchase_floors":[],"current_hp_per_floor":[61,61,60,60,58,58,50,47,47,41,36,36,34,18,18,16,68,45,48,48,48,26,26,32,32,32,32,44,44,44,0,0],"gold":104,"neow_bonus":"BOSS_RELIC","is_daily":false,"chose_seed":false,"campfire_upgraded":6,"win_rate":0.0,"timestamp":1609373763,"path_taken":["M","?","?","?","M","R","E","M","T","E","M","R","M","M","R","BOSS","M","M","?","?","M","R","E","R","T","?","?","R","?","E"],"items_purchased_type":[],"build_version":"2020-12-22","purchased_purges":0,"victory":false,"max_hp_per_floor":[71,71,71,71,71,71,71,71,71,83,83,83,83,85,85,85,85,85,87,87,87,87,87,89,89,89,89,91,91,91,91,91],"relic_stats":{"Singing Bowl":10,"counters":[16,57],"PreservedInsect":90,"Juzu Bracelet":1,"Cursed Key":2,"obtain_stats":[{"Pear":10,"Singing Bowl":7,"Velvet Choker":17,"PreservedInsect":20,"WingedGreaves":26,"Juzu Bracelet":24,"Red Mask":28,"Cracked Core":0,"Cursed Key":0},{"Pear":6,"Singing Bowl":4,"Velvet Choker":10,"PreservedInsect":12,"WingedGreaves":14,"Juzu Bracelet":14,"Red Mask":15,"Cracked Core":0,"Cursed Key":0},{"Pear":20,"Singing Bowl":13,"Velvet Choker":35,"PreservedInsect":41,"WingedGreaves":51,"Juzu Bracelet":51,"Red Mask":54,"Cracked Core":0,"Cursed Key":0}]},"card_choices":[{"not_picked":["Stack","Double Energy"],"picked":"Rebound","floor":1.0},{"not_picked":["Rebound","Force Field"],"picked":"Sweeping Beam","floor":3.0},{"not_picked":["Streamline","Turbo"],"picked":"Ball Lightning","floor":5.0},{"not_picked":["Auto Shields","Ball Lightning"],"picked":"Self Repair","floor":7.0},{"not_picked":["Cold Snap","Recycle"],"picked":"Doom and Gloom","floor":8},{"not_picked":["Gash","White Noise","Beam Cell"],"picked":"Singing Bowl","floor":10},{"not_picked":["Ball Lightning","Double Energy"],"picked":"Loop","floor":11},{"not_picked":["Fusion","Barrage"],"picked":"Melter","floor":13},{"not_picked":["Double Energy","Reboot","Sunder"],"picked":"Singing Bowl","floor":14},{"not_picked":["Rainbow","Amplify"],"picked":"Multi-Cast","floor":16},{"not_picked":["Stack","Barrage"],"picked":"Recycle","floor":18},{"not_picked":["Redo","Recycle","Turbo"],"picked":"Singing Bowl","floor":19},{"not_picked":["Go for the Eyes","Barrage"],"picked":"Buffer","floor":22},{"not_picked":["White Noise","Go for the Eyes","Rebound"],"picked":"Singing Bowl","floor":24},{"not_picked":["Turbo","Fusion+1","Compile Driver"],"picked":"Singing Bowl","floor":28}],"player_experience":1001446,"relics_obtained":[{"floor":7.0,"key":"Singing Bowl"},{"floor":10,"key":"Pear"},{"floor":24,"key":"Juzu Bracelet"},{"floor":26,"key":"WingedGreaves"},{"floor":28,"key":"Red Mask"}],"event_choices":[{"damage_healed":0.0,"max_hp_gain":0.0,"max_hp_loss":0.0,"gold_gain":0.0,"event_name":"The Woman in Blue","player_choice":"Bought 2 Potions","floor":2.0,"gold_loss":0.0,"damage_taken":0.0},{"cards_removed":["Strike_B"],"damage_healed":0.0,"max_hp_gain":0.0,"max_hp_loss":0.0,"gold_gain":0.0,"event_name":"The Cleric","player_choice":"Card Removal","floor":4.0,"gold_loss":75.0,"damage_taken":0.0},{"damage_healed":0,"gold_gain":0,"player_choice":"Obtained Relic","damage_taken":0,"relics_obtained":["PreservedInsect"],"max_hp_gain":0,"max_hp_loss":0,"event_name":"Addict","floor":20,"gold_loss":85},{"cards_removed":["Writhe"],"damage_healed":0,"gold_gain":0,"player_choice":"Single Remove","damage_taken":0,"max_hp_gain":0,"max_hp_loss":0,"event_name":"Designer","floor":21,"gold_loss":75},{"cards_removed":["Decay"],"damage_healed":0,"gold_gain":0,"player_choice":"Gave Gold","damage_taken":0,"max_hp_gain":0,"max_hp_loss":0,"event_name":"Beggar","floor":27,"gold_loss":75},{"damage_healed":0,"gold_gain":0,"player_choice":"Fought Bandits","damage_taken":0,"max_hp_gain":0,"max_hp_loss":0,"event_name":"Masked Bandits","floor":28,"gold_loss":0},{"damage_healed":0,"gold_gain":0,"player_choice":"Cursed","damage_taken":0,"max_hp_gain":0,"max_hp_loss":0,"event_name":"Wheel of Change","floor":30,"gold_loss":0,"cards_obtained":["Decay"]}],"is_beta":false,"boss_relics":[{"not_picked":["Runic Pyramid","Busted Crown"],"picked":"Velvet Choker"}],"items_purged_floors":[],"is_endless":false,"potions_floor_spawned":[5,8,14,16,19,22,24,28],"killed_by":"Book of Stabbing","ascension_level":20}}