{"host":"uwh382mre4waz4ff","time":1609405419,"event":{"mods":["AchievementEnabler","BaseMod","Better Note","Better Third Choice","BetterRewards","Duelist Mod","Minty Spire (QoL Compilation)","Quick Restart","Shop Mod","StSLib"],"gold_per_floor":[135,157,57,57,9,34,34,69,69,69,69],"floor_reached":10,"playtime":892,"items_purged":["theDuelist:Sparks","theDuelist:Sparks"],"score":72,"play_id":"a241c0a3-ad62-45a8-b54b-4f976e60c3df","local_time":"20201231170339","is_ascension_mode":false,"campfire_choices":[{"data":"theDuelist:BloodSparks","floor":7,"key":"SMITH"}],"circlet_count":0,"master_deck":["theDuelist:BloodSparks+1","theDuelist:CastleWalls","theDuelist:CastleWalls","theDuelist:DarkMagician","theDuelist:MysticalElf","theDuelist:MysticalElf","theDuelist:NeoMagic","theDuelist:LegendaryFlameLord","theDuelist:LightningVortex","theDuelist:WingedKuriboh","theDuelist:WhiteMagicalHat"],"relics":["theDuelist:MillenniumPuzzle","theDuelist:CardPoolRelic","theDuelist:CardPoolBasicRelic","theDuelist:BoosterPackPoolRelic","theDuelist:CardPoolAddRelic","theDuelist:CardPoolMinusRelic","theDuelist:CardPoolSaveRelic","theDuelist:CardPoolOptionsRelic","Charon\u0027s Ashes","theDuelist:DuelistTeaSet","theDuelist:ShopToken","Champion Belt","theDuelist:BoosterBetterBoostersRelic","Bottled Flame"],"acts_visited":["Exordium"],"potions_floor_usage":[10],"damage_taken":[{"damage":0,"enemies":"Small Slimes","floor":1,"turns":4},{"damage":7,"enemies":"3 Sentries","floor":6,"turns":6},{"damage":44,"enemies":"Lagavulin","floor":8,"turns":7},{"damage":17,"enemies":"Gremlin Nob","floor":10,"turns":3}],"seed_played":"-7218408941478775622","potions_obtained":[{"floor":6,"key":"theDuelist:SummonerBottle"}],"is_trial":false,"path_per_floor":["M","?","$","?","$","E","R","E","T","E"],"character_chosen":"THE_DUELIST","items_purchased":["theDuelist:ShopToken"],"campfire_rested":0,"item_purchase_floors":[5],"current_hp_per_floor":[59,59,59,53,53,46,46,2,2,0,0],"gold":69,"neow_bonus":"","is_daily":false,"chose_seed":false,"campfire_upgraded":1,"win_rate":0.0,"timestamp":1609405419,"path_taken":["M","?","$","?","$","E","R","E","T","E"],"items_purchased_type":["Relic"],"build_version":"2020-12-22","purchased_purges":2,"victory":false,"max_hp_per_floor":[84,84,84,84,84,84,84,84,84,84,84],"card_choices":[{"not_picked":["theDuelist:ClearKuriboh","theDuelist:DarklordSuperbia","theDuelist:MudGolem","theDuelist:PowerGiant"],"picked":"theDuelist:LightningVortex","floor":1},{"not_picked":["theDuelist:Fissure","theDuelist:LightningVortex","theDuelist:WormKing","theDuelist:DestroyerGolem"],"picked":"theDuelist:WingedKuriboh","floor":6},{"not_picked":["theDuelist:DarkMagician","theDuelist:AncientElf","theDuelist:NeoMagic","theDuelist:CosmicHorrorGangiel"],"picked":"theDuelist:WhiteMagicalHat","floor":8}],"player_experience":126679,"relics_obtained":[{"floor":6,"key":"Champion Belt"},{"floor":8,"key":"theDuelist:BoosterBetterBoostersRelic"},{"floor":9,"key":"Bottled Flame"}],"event_choices":[{"damage_healed":0,"gold_gain":0,"player_choice":"Sold Neo Magic Swordsman for 22 Gold.","duelist":true,"damage_taken":0,"max_hp_gain":0,"max_hp_loss":0,"event_name":"Card Trader","floor":2,"gold_loss":0},{"damage_healed":0,"gold_gain":0,"player_choice":"Dig - random Duelist relic","duelist":true,"damage_taken":0,"max_hp_gain":0,"max_hp_loss":0,"event_name":"Aknamkanon\u0027s Tomb","floor":4,"gold_loss":0}],"is_beta":false,"boss_relics":[],"items_purged_floors":[0,3],"is_endless":false,"potions_floor_spawned":[6],"killed_by":"Gremlin Nob","ascension_level":0}}