{"host":"pbf6u3tyx46snqc7","time":1609446256,"event":{"mods":["AchievementEnabler","BaseMod","Colored Map","Minty Spire (QoL Compilation)","Rare Cards Sparkle","SuperFastMode"],"gold_per_floor":[366,380,39,58,58,58,92,109,109,109,141,141,159,177,177,298,298,319,319,319,333,333,333,333,333],"floor_reached":24,"playtime":822,"items_purged":["Regret"],"score":283,"play_id":"1f4e2f45-e9ee-4073-89cc-10e96326d3c3","local_time":"20210101052416","is_ascension_mode":true,"campfire_choices":[{"data":"Sword Boomerang","floor":6.0,"key":"SMITH"},{"floor":15.0,"key":"REST"},{"data":"True Grit","floor":23.0,"key":"SMITH"}],"circlet_count":0,"master_deck":["Strike_R","Strike_R","Strike_R","Strike_R","Strike_R","Defend_R","Defend_R","Defend_R","Defend_R","Bash","Twin Strike","Second Wind","Shrug It Off","Sword Boomerang+1","Perfected Strike","Evolve","Sword Boomerang","Injury","Spot Weakness","Immolate","Headbutt","True Grit+1","Battle Trance"],"relics":["Burning Blood","Darkstone Periapt","WarpedTongs","Pear","TungstenRod","Turnip","Bloody Idol","Runic Cube"],"acts_visited":["Exordium","TheCity"],"potions_floor_usage":[24],"damage_taken":[{"damage":4.0,"enemies":"Cultist","floor":1.0,"turns":4.0},{"damage":8.0,"enemies":"2 Louse","floor":2.0,"turns":3.0},{"damage":7.0,"enemies":"Jaw Worm","floor":4.0,"turns":4.0},{"damage":36.0,"enemies":"Gremlin Nob","floor":7.0,"turns":4.0},{"damage":2.0,"enemies":"2 Fungi Beasts","floor":8.0,"turns":3.0},{"damage":30.0,"enemies":"Lagavulin","floor":11.0,"turns":5.0},{"damage":7.0,"enemies":"Looter","floor":13.0,"turns":4.0},{"damage":16.0,"enemies":"Gremlin Gang","floor":14.0,"turns":4.0},{"damage":4.0,"enemies":"Slime Boss","floor":16.0,"turns":7.0},{"damage":22.0,"enemies":"2 Thieves","floor":18.0,"turns":3.0},{"damage":23.0,"enemies":"Chosen","floor":21.0,"turns":6.0},{"damage":62,"enemies":"Gremlin Leader","floor":24,"turns":4}],"seed_played":"8525198405257807954","potions_obtained":[{"floor":2.0,"key":"Swift Potion"},{"floor":4.0,"key":"SpeedPotion"},{"floor":8.0,"key":"AttackPotion"},{"floor":16.0,"key":"BloodPotion"}],"is_trial":false,"path_per_floor":["M","M","$","M","?","R","E","M","T","?","E","?","M","M","R","B",null,"M","?","?","M","?","R","E"],"character_chosen":"IRONCLAD","items_purchased":["Darkstone Periapt","Shrug It Off"],"campfire_rested":1,"item_purchase_floors":[3,3],"current_hp_per_floor":[80,78,78,77,83,83,63,67,67,67,43,49,48,38,68,70,94,78,78,78,61,61,61,0,0],"gold":333,"neow_bonus":"TWO_FIFTY_GOLD","is_daily":false,"chose_seed":false,"campfire_upgraded":2,"win_rate":0.0,"timestamp":1609446256,"path_taken":["M","M","$","M","?","R","E","?","T","?","E","?","M","M","R","BOSS","M","?","?","?","?","R","E"],"items_purchased_type":["Relic","Card"],"build_version":"2020-12-22","purchased_purges":1,"victory":false,"max_hp_per_floor":[80,80,80,80,86,86,96,96,96,96,96,102,102,102,102,102,102,102,102,102,102,102,102,102,102],"card_choices":[{"not_picked":["Perfected Strike","Carnage"],"picked":"Twin Strike","floor":1.0},{"not_picked":["Rampage","Sentinel"],"picked":"Second Wind","floor":2.0},{"not_picked":["Clothesline","Dual Wield"],"picked":"Sword Boomerang","floor":4.0},{"not_picked":["Berserk","Body Slam"],"picked":"Perfected Strike","floor":7.0},{"not_picked":["Dropkick","Armaments"],"picked":"Evolve","floor":8.0},{"not_picked":["Corruption","Blood for Blood"],"picked":"Sword Boomerang","floor":11.0},{"not_picked":["Havoc","Fire Breathing","Iron Wave"],"picked":"SKIP","floor":13.0},{"not_picked":["Clothesline","Searing Blow"],"picked":"Spot Weakness","floor":14.0},{"not_picked":["Feed","Corruption"],"picked":"Immolate","floor":16.0},{"not_picked":["Sentinel","Iron Wave"],"picked":"Headbutt","floor":18.0},{"not_picked":["Ghostly Armor","Carnage"],"picked":"Battle Trance","floor":21.0}],"player_experience":370723,"relics_obtained":[{"floor":7.0,"key":"Pear"},{"floor":9.0,"key":"TungstenRod"},{"floor":11.0,"key":"Turnip"}],"event_choices":[{"damage_healed":0.0,"max_hp_gain":0.0,"max_hp_loss":0.0,"gold_gain":0.0,"event_name":"Accursed Blacksmith","player_choice":"Rummage","floor":5.0,"gold_loss":0.0,"damage_taken":0.0,"relics_obtained":["WarpedTongs"],"cards_obtained":["Pain"]},{"cards_removed":["Pain"],"damage_healed":0.0,"max_hp_gain":0.0,"max_hp_loss":0.0,"gold_gain":0.0,"event_name":"Living Wall","player_choice":"Forget","floor":10.0,"gold_loss":0.0,"damage_taken":0.0},{"damage_healed":0.0,"max_hp_gain":0.0,"max_hp_loss":0.0,"gold_gain":0.0,"event_name":"Golden Idol","player_choice":"Take Wound","floor":12.0,"gold_loss":0.0,"damage_taken":0.0,"relics_obtained":["Golden Idol"],"cards_obtained":["Injury"]},{"damage_healed":0.0,"max_hp_gain":0.0,"max_hp_loss":0.0,"gold_gain":0.0,"event_name":"Cursed Tome","player_choice":"Ignored","floor":19.0,"gold_loss":0.0,"damage_taken":0.0},{"damage_healed":0.0,"max_hp_gain":0.0,"max_hp_loss":0.0,"gold_gain":0.0,"event_name":"Match and Keep!","player_choice":"1 cards matched","floor":20.0,"gold_loss":0.0,"damage_taken":0.0,"cards_obtained":["True Grit"]},{"damage_healed":0.0,"max_hp_gain":0.0,"max_hp_loss":0.0,"gold_gain":0.0,"event_name":"Forgotten Altar","player_choice":"Gave Idol","floor":22.0,"relics_lost":["Golden Idol"],"gold_loss":0.0,"damage_taken":0.0,"relics_obtained":["Bloody Idol"]}],"is_beta":false,"boss_relics":[{"not_picked":["Pandora\u0027s Box","Runic Dome"],"picked":"Runic Cube"}],"items_purged_floors":[3],"is_endless":false,"potions_floor_spawned":[2,4,8,16],"killed_by":"Gremlin Leader","ascension_level":5}}