{"host":"svwqvw2il1zfkkg0","time":1609399209,"event":{"mods":["AchievementEnabler","BaseMod","BetterRewards","Colored Map","Colored Powertips","Custom Start","Downfall","GifTheSpireLib","Highlight Path","Hubris","Infinite Spire","Minty Spire (QoL Compilation)","Quick Restart","Replay The Spire","Shop Mod","StSLib","SuperFastMode"],"gold_per_floor":[112,37,48,68,82,82,97,24,24,50,60,72,72,92,92,197,197,208,208,228,248,248,248,276,288,369,369,389,403,87,122,122,221,221,234,20,31,81,95,95,122,136,136,136,136,136,136,148,148,148],"floor_reached":51,"playtime":2070,"items_purged":["ReplayTheSpireMod:Doomed"],"score":778,"play_id":"28bb0241-6595-405b-b297-a787406899c7","local_time":"20201230232009","is_ascension_mode":false,"campfire_choices":[{"data":"Cloak And Dagger","floor":6,"key":"SMITH"},{"data":"Adrenaline","floor":13,"key":"SMITH"},{"data":"Cloak And Dagger","floor":15,"key":"SMITH"},{"data":"Adrenaline","floor":23,"key":"SMITH"},{"floor":27,"key":"REST"},{"floor":32,"key":"REST"},{"floor":40,"key":"REST"},{"floor":44,"key":"REST"},{"floor":47,"key":"REST"},{"floor":49,"key":"REST"}],"circlet_count":0,"master_deck":["Strike_G","Strike_G","Strike_G","Strike_G","Strike_G","Defend_G","Defend_G","Defend_G","Defend_G","Defend_G","Survivor","Neutralize","Acrobatics","Dash","Cloak And Dagger+1","Dash","Cloak And Dagger","Infinite Blades","Adrenaline+1","Cloak And Dagger+1","Hidden Blade","Adrenaline+1","Flying Knee","Choke","Dagger Spray","Calculated Gamble","Poisoned Stab+1","Blade Dance+1","Blur+1","Quick Slash+1","Phantasmal Killer+1","Acrobatics+1","Choke+1","Backstab+1","Blade Dance","Cloak And Dagger+1"],"relics":["Ring of the Snake","Bottled Flame","hubris:AncientText","Painkiller Herb","hubris:64BitClover","Busted Crown","Golden Egg","infinitespire:BottledMercury","TwistedFunnel","Red Mask","WristBlade","Potion Belt","Happy Flower","hubris:BundleOfHerbs","hubris:MedicalManual","infinitespire:Eraser"],"acts_visited":["Exordium","TheCity","TheBeyond"],"potions_floor_usage":[3,10,11,16,16,24,33,33,38,39,41],"damage_taken":[{"damage":3,"enemies":"Jaw Worm","floor":1,"turns":3},{"damage":2,"enemies":"Cultist","floor":3,"turns":4},{"damage":0,"enemies":"Small Slimes","floor":4,"turns":3},{"damage":1,"enemies":"Looter","floor":5,"turns":4},{"damage":0,"enemies":"Blue Slaver","floor":7,"turns":4},{"damage":0,"enemies":"3 Sentries","floor":10,"turns":4},{"damage":1,"enemies":"Large Slime","floor":11,"turns":6},{"damage":3,"enemies":"Lots of Slimes","floor":12,"turns":5},{"damage":0,"enemies":"2 Fungi Beasts","floor":14,"turns":4},{"damage":43,"enemies":"Hexaghost","floor":16,"turns":16},{"damage":8,"enemies":"Chosen","floor":18,"turns":6},{"damage":0,"enemies":"Shell Parasite","floor":20,"turns":4},{"damage":14,"enemies":"Cultist and Chosen","floor":21,"turns":6},{"damage":34,"enemies":"Gremlin Leader","floor":24,"turns":8},{"damage":0,"enemies":"Snake Plant","floor":25,"turns":4},{"damage":18,"enemies":"Centurion and Healer","floor":28,"turns":4},{"damage":13,"enemies":"Sentry and Sphere","floor":29,"turns":4},{"damage":0,"enemies":"Masked Bandits","floor":31,"turns":2},{"damage":31,"enemies":"Champ","floor":33,"turns":11},{"damage":0,"enemies":"Orb Walker","floor":35,"turns":2},{"damage":0,"enemies":"3 Shapes","floor":37,"turns":2},{"damage":30,"enemies":"Mind Bloom Boss Battle","floor":38,"turns":3},{"damage":11,"enemies":"Writhing Mass","floor":39,"turns":4},{"damage":60,"enemies":"Nemesis","floor":41,"turns":7},{"damage":3,"enemies":"3 Darklings","floor":42,"turns":3},{"damage":1,"enemies":"Jaw Worm Horde","floor":48,"turns":3},{"damage":34,"enemies":"Donu and Deca","floor":50,"turns":6}],"seed_played":"-6028077502868524098","potions_obtained":[{"floor":1,"key":"Swift Potion"},{"floor":3,"key":"Dexterity Potion"},{"floor":4,"key":"Guardian:BlockOnCardUsePotion"},{"floor":7,"key":"infinitespire:BlackPotion"},{"floor":11,"key":"Energy Potion"},{"floor":21,"key":"Energy Potion"},{"floor":29,"key":"Weak Potion"},{"floor":31,"key":"Dexterity Potion"},{"floor":33,"key":"Energy Potion"},{"floor":35,"key":"BlessingOfTheForge"},{"floor":39,"key":"SkillPotion"}],"is_trial":false,"path_per_floor":["M","$","M","M","M","R","M","$","T","E","M","M","R","M","R","B",null,"?","AVR","?","?","?","T","E","?","T","T","?","?","T","?","T","B",null,"?","T","?","?","?","T","E","?","T","T","T","?","T","?","T","B",null],"character_chosen":"THE_SILENT","items_purchased":["Infinite Blades","Blade Dance","Blur","Quick Slash","TwistedFunnel","Choke","Happy Flower"],"campfire_rested":6,"item_purchase_floors":[8,30,30,30,30,36,36],"current_hp_per_floor":[81,81,79,79,78,78,78,78,78,78,77,74,74,74,74,31,84,76,76,76,62,84,84,50,50,50,75,57,44,44,44,69,38,84,84,84,84,54,43,68,8,5,5,30,30,30,55,54,79,84],"gold":148,"neow_bonus":"TWENTY_PERCENT_HP_BONUS","is_daily":false,"chose_seed":false,"campfire_upgraded":4,"win_rate":0.0,"timestamp":1609399209,"path_taken":["M","$","M","M","M","R","M","$","T","E","M","M","R","M","R","BOSS","?","AVR","?","?","?","T","E","?","T","T","?","?","?","?","T","BOSS","?","T","?","?","?","T","E","?","T","T","T","?","T","?","T","BOSS"],"items_purchased_type":["Card","Card","Card","Card","Relic","Card","Relic"],"build_version":"2020-12-22","purchased_purges":1,"victory":true,"max_hp_per_floor":[84,84,84,84,84,84,84,84,84,84,84,84,84,84,84,84,84,84,84,84,84,84,84,84,84,84,84,84,84,84,84,84,84,84,84,84,84,84,84,84,84,84,84,84,84,84,84,84,84,84],"card_choices":[{"not_picked":["Deadly Poison","Dodge and Roll"],"picked":"Acrobatics","floor":1},{"not_picked":["Deadly Poison","Skewer"],"picked":"Dash","floor":3},{"not_picked":["Masterful Stab","Tactician"],"picked":"Cloak And Dagger","floor":4},{"not_picked":["Replay:Poison Smokescreen","Predator"],"picked":"Dash","floor":5},{"not_picked":["Choke","Prepared"],"picked":"Cloak And Dagger","floor":7},{"not_picked":["hubris:SlightOfHand","Escape Plan","Acrobatics"],"picked":"SKIP","floor":10},{"not_picked":["Escape Plan","Quick Slash"],"picked":"Adrenaline","floor":11},{"not_picked":["Dagger Throw","Skewer"],"picked":"Cloak And Dagger","floor":12},{"not_picked":["Leg Sweep","Quick Slash"],"picked":"Hidden Blade","floor":14},{"not_picked":["Corpse Explosion","Unload"],"picked":"Adrenaline","floor":16},{"not_picked":["Crippling Poison","Footwork"],"picked":"Flying Knee","floor":18},{"not_picked":[],"picked":"Choke","floor":20},{"not_picked":["hubris:Sniper"],"picked":"SKIP","floor":21},{"not_picked":["Dodge and Roll"],"picked":"SKIP","floor":24},{"not_picked":[],"picked":"Dagger Spray","floor":25},{"not_picked":[],"picked":"Calculated Gamble","floor":28},{"not_picked":[],"picked":"Poisoned Stab+1","floor":29},{"not_picked":[],"picked":"Phantasmal Killer","floor":33},{"not_picked":[],"picked":"Acrobatics+1","floor":35},{"not_picked":["Backflip"],"picked":"SKIP","floor":37},{"not_picked":[],"picked":"Backstab+1","floor":39},{"not_picked":[],"picked":"Blade Dance","floor":41},{"not_picked":["Footwork"],"picked":"SKIP","floor":42},{"not_picked":[],"picked":"Cloak And Dagger+1","floor":48}],"player_experience":437388,"relics_obtained":[{"floor":9,"key":"Bottled Flame"},{"floor":10,"key":"hubris:AncientText"},{"floor":24,"key":"Golden Egg"},{"floor":26,"key":"infinitespire:BottledMercury"},{"floor":31,"key":"Red Mask"},{"floor":35,"key":"Potion Belt"},{"floor":38,"key":"hubris:BundleOfHerbs"},{"floor":41,"key":"hubris:MedicalManual"},{"floor":43,"key":"infinitespire:Eraser"}],"event_choices":[{"damage_healed":28,"gold_gain":0,"player_choice":"Heal","damage_taken":0,"max_hp_gain":0,"max_hp_loss":0,"event_name":"The Library","floor":22,"gold_loss":0},{"damage_healed":0,"gold_gain":0,"player_choice":"Fought Bandits","damage_taken":0,"max_hp_gain":0,"max_hp_loss":0,"event_name":"Masked Bandits","floor":31,"gold_loss":0},{"damage_healed":0,"gold_gain":0,"player_choice":"Fight","damage_taken":0,"max_hp_gain":0,"max_hp_loss":0,"event_name":"MindBloom","floor":38,"gold_loss":0}],"is_beta":false,"boss_relics":[{"not_picked":["hubris:RunicObelisk","Replay:Drink Me"],"picked":"Painkiller Herb"},{"not_picked":["SacredBark","Cursed Key"],"picked":"WristBlade"}],"items_purged_floors":[2],"is_endless":false,"potions_floor_spawned":[1,3,4,7,11,21,29,31,33,35,39],"ascension_level":0}}