{"host":"fwes8e3a36usabj9","time":1609458615,"event":{"mods":["BaseMod","Colored Map","Colored Powertips","Minty Spire (QoL Compilation)"],"gold_per_floor":[112,124,143,156,71,71,82,47,47,111,143,143,159,159,159,256,256,271,0,0,0],"floor_reached":20,"playtime":1421,"items_purged":[],"score":218,"play_id":"46967e7e-249a-4729-a446-0305e5fd74d9","local_time":"20201231155015","is_ascension_mode":true,"campfire_choices":[{"data":"Bandage Up","floor":6.0,"key":"SMITH"},{"floor":12,"key":"REST"},{"data":"Armaments","floor":15,"key":"SMITH"}],"circlet_count":0,"master_deck":["Strike_R","Strike_R","Strike_R","Strike_R","Defend_R","Defend_R","Defend_R","Defend_R","Bash","True Grit","Pommel Strike","Armaments+1","Seeing Red","Bandage Up+1","Feel No Pain","Thunderclap","Impervious","CurseOfTheBell","True Grit+1"],"relics":["Velvet Choker","InkBottle","Singing Bowl","Toy Ornithopter","Calling Bell","Centennial Puzzle","Letter Opener","FossilizedHelix"],"acts_visited":["Exordium","TheCity"],"potions_floor_usage":[11,16],"damage_taken":[{"damage":1.0,"enemies":"Cultist","floor":1.0,"turns":4.0},{"damage":2.0,"enemies":"Small Slimes","floor":2.0,"turns":3.0},{"damage":7.0,"enemies":"Jaw Worm","floor":3.0,"turns":3.0},{"damage":37.0,"enemies":"Gremlin Gang","floor":4.0,"turns":6.0},{"damage":0.0,"enemies":"Exordium Wildlife","floor":7.0,"turns":3.0},{"damage":46.0,"enemies":"Lagavulin Event","floor":10.0,"turns":7.0},{"damage":13,"enemies":"Lagavulin","floor":11,"turns":8},{"damage":4,"enemies":"3 Louse","floor":13,"turns":4},{"damage":21,"enemies":"Hexaghost","floor":16,"turns":10},{"damage":40,"enemies":"Shell Parasite","floor":18,"turns":9},{"damage":0,"enemies":"Spheric Guardian","floor":20,"turns":3}],"seed_played":"-1971975846578766151","potions_obtained":[{"floor":4.0,"key":"Fire Potion"},{"floor":10.0,"key":"Swift Potion"},{"floor":13,"key":"GamblersBrew"},{"floor":16,"key":"LiquidMemories"}],"is_trial":false,"path_per_floor":["M","M","M","M","$","R","M","?","T","?","E","R","M","?","R","B",null,"M","?","M"],"character_chosen":"IRONCLAD","items_purchased":["Bandage Up"],"campfire_rested":1,"item_purchase_floors":[5],"current_hp_per_floor":[79,77,70,33,33,33,39,59,59,21,16,41,43,43,43,33,71,37,37,37,37],"gold":0,"neow_bonus":"BOSS_RELIC","is_daily":false,"chose_seed":false,"campfire_upgraded":2,"win_rate":0.0,"timestamp":1609458615,"path_taken":["M","M","?","M","?","R","M","?","T","?","E","R","M","?","R","BOSS","M","?","M"],"items_purchased_type":["Card"],"build_version":"2020-12-22","purchased_purges":0,"victory":false,"max_hp_per_floor":[80,80,80,80,80,80,80,80,80,82,84,84,84,84,84,84,84,84,84,84,84],"card_choices":[{"not_picked":["Sword Boomerang","Dropkick"],"picked":"True Grit","floor":1.0},{"not_picked":["Rupture","Feel No Pain"],"picked":"Pommel Strike","floor":2.0},{"not_picked":["Body Slam","Hemokinesis"],"picked":"Armaments","floor":3.0},{"not_picked":["Clash","Pommel Strike"],"picked":"Seeing Red","floor":4.0},{"not_picked":["Flex","Corruption"],"picked":"Feel No Pain","floor":7.0},{"not_picked":["True Grit","Headbutt","Perfected Strike"],"picked":"Singing Bowl","floor":10.0},{"not_picked":["Armaments","Perfected Strike","Feel No Pain"],"picked":"Singing Bowl","floor":11},{"not_picked":["Body Slam","Wild Strike"],"picked":"Thunderclap","floor":13},{"not_picked":["Berserk","Brutality"],"picked":"Impervious","floor":16},{"not_picked":["Searing Blow+1","Perfected Strike"],"picked":"True Grit+1","floor":18}],"player_experience":664961,"relics_obtained":[{"floor":9.0,"key":"InkBottle"},{"floor":11,"key":"Toy Ornithopter"},{"floor":17,"key":"Centennial Puzzle"},{"floor":17,"key":"Letter Opener"},{"floor":17,"key":"FossilizedHelix"}],"event_choices":[{"damage_healed":20.0,"max_hp_gain":0.0,"max_hp_loss":0.0,"gold_gain":0.0,"event_name":"The Cleric","player_choice":"Healed","floor":8.0,"gold_loss":35.0,"damage_taken":0.0},{"damage_healed":0.0,"max_hp_gain":0.0,"max_hp_loss":0.0,"gold_gain":0.0,"event_name":"Dead Adventurer","player_choice":"Searched \u00272\u0027 times","floor":10.0,"gold_loss":0.0,"damage_taken":0.0,"relics_obtained":["Singing Bowl"]},{"cards_removed":["Strike_R"],"damage_healed":0,"gold_gain":0,"player_choice":"Purged","damage_taken":0,"max_hp_gain":0,"max_hp_loss":0,"event_name":"Purifier","floor":14,"gold_loss":0},{"damage_healed":0,"gold_gain":0,"player_choice":"Paid Fearfully","damage_taken":0,"max_hp_gain":0,"max_hp_loss":0,"event_name":"Masked Bandits","floor":19,"gold_loss":271}],"is_beta":false,"boss_relics":[{"not_picked":["Philosopher\u0027s Stone","SlaversCollar"],"picked":"Calling Bell"}],"items_purged_floors":[],"is_endless":false,"potions_floor_spawned":[4,10,13,16],"killed_by":"Spheric Guardian","ascension_level":5}}