{"host":"i2ir6b55gxkcwpt4","time":1609451684,"event":{"mods":["BaseMod","Colored Map","Colored Powertips","KinomotoSakuraMod(木之本樱)","Lobotomy","LobotomyExtend","Marisa（F雨　魔理沙）","Minty Spire (QoL Compilation)","Reimu（博丽灵梦）","Remilia（蕾米莉亚）"],"gold_per_floor":[112,112,112,5,5,35,35,47,47,47,40,40,43,58,70,59,59],"floor_reached":16,"playtime":1674,"items_purged":[],"score":110,"play_id":"83cb22a5-6ecc-4bfb-8aae-2c6985625a12","local_time":"20210101055444","is_ascension_mode":false,"campfire_choices":[{"floor":10,"key":"REST"},{"floor":15,"key":"REST"}],"circlet_count":0,"master_deck":["ClowCardTheSword","ClowCardTheSword","ClowCardTheSword","ClowCardTheSword","ClowCardTheShield","ClowCardTheShield","ClowCardTheShield","ClowCardTheShield","SpellCardSeal","SpellCardRelease","GalaxyChild","ClowCardTheWindy","ClowCardTheEarthy+1","ClowCardTheShot","Poor:ReiMu","Rudolta","ClowCardTheJump+1","ClowCardTheMove+1","ClowCardTheMaze+1","ClowCardTheLock+1","Laetitia","ClowCardTheFlower+1","ClowCardTheBubbles"],"relics":["KSMOD_SealedBook","KSMOD_SealedWand","CogitoBucket","LetterFromLob","Toxic Egg 2","YidongShenshe:ReiMu","Art of War","Vajra","HornCleat","Golden Idol","LuminousBracelet","MawBank","KSMOD_TouyasBicycle"],"acts_visited":["Exordium"],"potions_floor_usage":[8,11,16],"damage_taken":[{"damage":8,"enemies":"Small Slimes","floor":1,"turns":3},{"damage":14,"enemies":"Lagavulin","floor":6,"turns":5},{"damage":4,"enemies":"2 Louse","floor":7,"turns":3},{"damage":17,"enemies":"Gremlin Nob","floor":8,"turns":3},{"damage":11,"enemies":"Jaw Worm","floor":11,"turns":2},{"damage":1,"enemies":"2 Fungi Beasts","floor":13,"turns":4},{"damage":0,"enemies":"Looter","floor":14,"turns":3},{"damage":103,"enemies":"Hexaghost","floor":16,"turns":12}],"seed_played":"-2602964794279879620","potions_obtained":[{"floor":7,"key":"Fire Potion"},{"floor":8,"key":"ColorlessPotion"},{"floor":11,"key":"FearPotion"}],"is_trial":false,"path_per_floor":["M","?","?","$","?","E","M","E","T","R","M","?","M","M","R","B"],"character_chosen":"KINOMOTOSAKURA","items_purchased":["ClowCardTheEarthy+1","ClowCardTheShot"],"campfire_rested":2,"item_purchase_floors":[4,4],"current_hp_per_floor":[62,70,63,63,63,49,45,28,28,49,38,38,52,52,76,0,0],"gold":59,"neow_bonus":"","is_daily":false,"chose_seed":false,"campfire_upgraded":0,"win_rate":0.0,"timestamp":1609451684,"path_taken":["M","?","?","?","?","E","M","E","T","R","M","?","M","M","R","BOSS"],"items_purchased_type":["Card","Card"],"build_version":"2020-12-22","purchased_purges":0,"victory":false,"max_hp_per_floor":[70,70,70,70,70,70,70,70,70,70,70,65,80,80,80,80,80],"card_choices":[{"not_picked":["Wellcheers","BeautyBeast"],"picked":"GalaxyChild","floor":1},{"not_picked":["ClowCardTheSong","ClowCardTheArrow"],"picked":"ClowCardTheWindy","floor":1},{"not_picked":["WallGazer","MHz"],"picked":"Rudolta","floor":6},{"not_picked":["ClowCardTheArrow","ClowCardTheChange+1"],"picked":"ClowCardTheJump+1","floor":6},{"not_picked":["ClowCardTheSilent+1","ClowCardTheLittle"],"picked":"ClowCardTheMove+1","floor":7},{"not_picked":["ClowCardTheChange+1","ClowCardTheSong"],"picked":"ClowCardTheMaze+1","floor":8},{"not_picked":["ClowCardTheSand","ClowCardTheCloud+1"],"picked":"ClowCardTheLock+1","floor":11},{"not_picked":["CrumblingArmor","ShyLook"],"picked":"Laetitia","floor":13},{"not_picked":["ClowCardTheIllusion+1","ClowCardTheRain+1"],"picked":"ClowCardTheFlower+1","floor":13},{"not_picked":["ClowCardTheSong","ClowCardTheLock+1"],"picked":"ClowCardTheBubbles","floor":14}],"player_experience":59089,"relics_obtained":[{"floor":1,"key":"LetterFromLob"},{"floor":6,"key":"Art of War"},{"floor":8,"key":"Vajra"},{"floor":9,"key":"HornCleat"},{"floor":14,"key":"MawBank"},{"floor":14,"key":"KSMOD_TouyasBicycle"}],"event_choices":[{"damage_healed":0,"gold_gain":0,"player_choice":"Success","damage_taken":7,"relics_obtained":["Toxic Egg 2"],"max_hp_gain":0,"max_hp_loss":0,"event_name":"Scrap Ooze","floor":3,"gold_loss":0},{"damage_healed":0,"gold_gain":0,"player_choice":"带走神社","damage_taken":0,"relics_obtained":["YidongShenshe:ReiMu"],"max_hp_gain":0,"max_hp_loss":0,"event_name":"yidonshenshe","floor":5,"gold_loss":0,"cards_obtained":["Poor:ReiMu"]},{"damage_healed":0,"gold_gain":0,"player_choice":"Lose Max HP","damage_taken":0,"relics_obtained":["Golden Idol"],"max_hp_gain":0,"max_hp_loss":5,"event_name":"Golden Idol","floor":12,"gold_loss":0}],"is_beta":false,"boss_relics":[],"items_purged_floors":[],"is_endless":false,"potions_floor_spawned":[7,8,11],"killed_by":"Hexaghost","ascension_level":0}}