{"host":"oigynbtg272c19pw","time":1609407878,"event":{"mods":["BaseMod","Colored Map","Minty Spire (QoL Compilation)","Relic Stats","StSLib"],"gold_per_floor":[119,30,41,41,41,72,83,109,134,151,167,12,45,60,60,134,134,154,174,184,99,99,99],"floor_reached":22,"playtime":1283,"items_purged":["Strike_G"],"score":466,"play_id":"83a9972d-dff2-47c0-8df9-a548a0b39986","local_time":"20201231104438","is_ascension_mode":true,"campfire_choices":[{"floor":15.0,"key":"REST"}],"circlet_count":0,"master_deck":["AscendersBane","Strike_G","Defend_G","Defend_G","Defend_G","Defend_G","Defend_G","Survivor","Neutralize","Leg Sweep","Well Laid Plans+1","Backflip","Bouncing Flask","Crippling Poison","Tools of the Trade","Deadly Poison","Blade Dance","Wraith Form v2","Backflip+1","Prepared+1","Bouncing Flask+1","Accuracy","PiercingWail","Sucker Punch+1"],"relics":["Ring of the Snake","NeowsBlessing","Bronze Scales","Pen Nib","Potion Belt","Anchor","Astrolabe","CeramicFish"],"acts_visited":["Exordium","TheCity"],"potions_floor_usage":[22],"damage_taken":[{"damage":0.0,"enemies":"Small Slimes","floor":1.0,"turns":1.0},{"damage":0.0,"enemies":"Cultist","floor":3.0,"turns":1.0},{"damage":0.0,"enemies":"Lagavulin","floor":6.0,"turns":1.0},{"damage":3.0,"enemies":"2 Louse","floor":7.0,"turns":3.0},{"damage":32.0,"enemies":"Gremlin Nob","floor":8.0,"turns":5.0},{"damage":12.0,"enemies":"Lots of Slimes","floor":10.0,"turns":4.0},{"damage":5.0,"enemies":"Looter","floor":11.0,"turns":4.0},{"damage":18.0,"enemies":"3 Sentries","floor":13.0,"turns":10.0},{"damage":0.0,"enemies":"3 Louse","floor":14.0,"turns":2.0},{"damage":13.0,"enemies":"The Guardian","floor":16.0,"turns":10.0},{"damage":0.0,"enemies":"3 Byrds","floor":18.0,"turns":4.0},{"damage":3.0,"enemies":"Shell Parasite","floor":19.0,"turns":6.0},{"damage":19.0,"enemies":"Snecko","floor":20.0,"turns":7.0},{"damage":43,"enemies":"Cultist and Chosen","floor":22,"turns":4}],"seed_played":"-1906428343766045154","potions_obtained":[{"floor":1.0,"key":"AttackPotion"},{"floor":3.0,"key":"Strength Potion"},{"floor":11.0,"key":"SneckoOil"},{"floor":14.0,"key":"Fruit Juice"},{"floor":16.0,"key":"LiquidBronze"},{"floor":19.0,"key":"AttackPotion"},{"floor":20.0,"key":"SpeedPotion"}],"is_trial":false,"path_per_floor":["M","$","M","$","?","E","M","E","T","M","M","$","E","M","R","B",null,"M","M","M","?","M"],"character_chosen":"THE_SILENT","items_purchased":["Well Laid Plans","Regen Potion"],"campfire_rested":1,"item_purchase_floors":[2,12],"current_hp_per_floor":[59,59,59,59,59,59,56,24,24,12,7,7,4,9,30,17,58,58,55,36,36,0,0],"gold":99,"neow_bonus":"THREE_ENEMY_KILL","is_daily":false,"chose_seed":false,"campfire_upgraded":0,"win_rate":0.0,"timestamp":1609407878,"path_taken":["M","$","M","$","?","E","M","E","T","?","M","?","E","?","R","BOSS","M","M","M","?","M"],"items_purchased_type":["Card","Potion"],"build_version":"2020-12-13","purchased_purges":1,"victory":false,"max_hp_per_floor":[66,66,66,66,66,66,66,66,66,66,66,66,66,71,71,71,71,71,71,71,71,71,71],"relic_stats":{"counters":[14,62],"Bronze Scales":[212],"Astrolabe":["Backflip","Prepared","Bouncing Flask"],"CeramicFish":0,"Pen Nib":[5],"obtain_stats":[{"Potion Belt":9,"Anchor":13,"NeowsBlessing":0,"Bronze Scales":6,"Astrolabe":17,"CeramicFish":21,"Pen Nib":8,"Ring of the Snake":0},{"Potion Belt":5,"Anchor":8,"NeowsBlessing":0,"Bronze Scales":3,"Astrolabe":10,"CeramicFish":13,"Pen Nib":5,"Ring of the Snake":0},{"Potion Belt":11,"Anchor":29,"NeowsBlessing":0,"Bronze Scales":3,"Astrolabe":41,"CeramicFish":58,"Pen Nib":11,"Ring of the Snake":0}],"Ring of the Snake":[28]},"card_choices":[{"not_picked":["Calculated Gamble","Dodge and Roll"],"picked":"Leg Sweep","floor":1.0},{"not_picked":["Bane","Sucker Punch"],"picked":"Backflip","floor":3.0},{"not_picked":["Heel Hook","Poisoned Stab"],"picked":"Bouncing Flask","floor":6.0},{"not_picked":["Acrobatics","Sucker Punch"],"picked":"Crippling Poison","floor":7.0},{"not_picked":["Sucker Punch","Dagger Throw"],"picked":"Tools of the Trade","floor":8.0},{"not_picked":["Poisoned Stab","Calculated Gamble"],"picked":"Deadly Poison","floor":10.0},{"not_picked":["Deadly Poison","All Out Attack","Dagger Throw"],"picked":"SKIP","floor":11.0},{"not_picked":["Quick Slash","Escape Plan"],"picked":"Blade Dance","floor":13.0},{"not_picked":["Backflip","Sucker Punch","Distraction"],"picked":"SKIP","floor":14.0},{"not_picked":["Venomology","Tools of the Trade"],"picked":"Wraith Form v2","floor":16.0},{"not_picked":["Eviscerate","Masterful Stab"],"picked":"Accuracy","floor":18.0},{"not_picked":["Masterful Stab","Slice"],"picked":"PiercingWail","floor":19.0},{"not_picked":["Flying Knee","Poisoned Stab"],"picked":"Sucker Punch+1","floor":20.0}],"player_experience":1307589,"relics_obtained":[{"floor":6.0,"key":"Bronze Scales"},{"floor":8.0,"key":"Pen Nib"},{"floor":9.0,"key":"Potion Belt"},{"floor":13.0,"key":"Anchor"}],"event_choices":[{"damage_healed":0.0,"max_hp_gain":0.0,"max_hp_loss":0.0,"gold_gain":0.0,"event_name":"Accursed Blacksmith","player_choice":"Forge","floor":5.0,"gold_loss":0.0,"damage_taken":0.0,"cards_upgraded":["Well Laid Plans"]},{"damage_healed":0.0,"max_hp_gain":0.0,"max_hp_loss":0.0,"gold_gain":0.0,"event_name":"Addict","player_choice":"Obtained Relic","floor":21.0,"gold_loss":85.0,"damage_taken":0.0,"relics_obtained":["CeramicFish"]}],"is_beta":false,"boss_relics":[{"not_picked":["Calling Bell","SlaversCollar"],"picked":"Astrolabe"}],"items_purged_floors":[12],"is_endless":false,"potions_floor_spawned":[1,3,7,11,14,16,19,20],"killed_by":"Cultist and Chosen","ascension_level":20}}