{"host":"Qube","time":1609393182,"event":{"mods":["AchievementEnabler","BaseMod","Colored Map","Colored Powertips","Minty Spire (QoL Compilation)","Quick Restart","Random Character Button","StSLib","The Cursed"],"gold_per_floor":[116,129,145,145,161,195,195,221,221,221,253,253,269,298,310,393,405,434,446,398,398],"floor_reached":20,"playtime":878,"items_purged":[],"score":389,"play_id":"e292f0fd-70c1-443b-b5dc-bd5ce8d4ac46","local_time":"20201230213942","is_ascension_mode":true,"campfire_choices":[{"floor":7.0,"key":"REST"},{"floor":10.0,"key":"REST"},{"data":"Devotion","floor":15.0,"key":"SMITH"}],"circlet_count":0,"master_deck":["AscendersBane","Strike_P","Strike_P","Strike_P+1","Defend_P","Defend_P","Defend_P","Defend_P","Eruption","Vigilance+1","ReachHeaven","Conclude","FollowUp","Protect","Meditate","Devotion+1","Swivel","ConjureBlade","BattleHymn"],"relics":["PureWater","Happy Flower","Oddly Smooth Stone","Turnip","TeardropLocket","Mango","MawBank","VioletLotus"],"acts_visited":["Exordium","TheCity"],"potions_floor_usage":[],"damage_taken":[{"damage":2.0,"enemies":"Jaw Worm","floor":1.0,"turns":5.0},{"damage":0.0,"enemies":"2 Louse","floor":2.0,"turns":3.0},{"damage":0.0,"enemies":"Cultist","floor":3.0,"turns":3.0},{"damage":3.0,"enemies":"Blue Slaver","floor":5.0,"turns":4.0},{"damage":14.0,"enemies":"Lagavulin","floor":6.0,"turns":5.0},{"damage":21.0,"enemies":"Gremlin Nob","floor":8.0,"turns":5.0},{"damage":11.0,"enemies":"3 Sentries","floor":11.0,"turns":6.0},{"damage":3.0,"enemies":"Exordium Wildlife","floor":13.0,"turns":4.0},{"damage":8.0,"enemies":"Lagavulin","floor":14.0,"turns":6.0},{"damage":3.0,"enemies":"Hexaghost","floor":16.0,"turns":8.0},{"damage":28.0,"enemies":"Chosen","floor":18.0,"turns":7.0},{"damage":31,"enemies":"2 Thieves","floor":20,"turns":3}],"seed_played":"7502878550725033947","potions_obtained":[{"floor":1.0,"key":"SpeedPotion"},{"floor":2.0,"key":"SpeedPotion"},{"floor":8.0,"key":"FearPotion"},{"floor":14.0,"key":"Ancient Potion"}],"is_trial":false,"path_per_floor":["M","M","M","?","M","E","R","E","T","R","E","?","M","E","R","B",null,"M","?","M"],"character_chosen":"WATCHER","items_purchased":[],"campfire_rested":2,"item_purchase_floors":[],"current_hp_per_floor":[65,65,65,54,51,37,59,38,38,60,63,37,34,26,26,23,72,44,44,13,13],"gold":398,"neow_bonus":"TEN_PERCENT_HP_BONUS","is_daily":false,"chose_seed":false,"campfire_upgraded":1,"win_rate":0.0,"timestamp":1609393182,"path_taken":["M","M","M","?","M","E","R","E","T","R","E","?","M","E","R","BOSS","M","?","M"],"items_purchased_type":[],"build_version":"2020-12-18","purchased_purges":0,"victory":false,"max_hp_per_floor":[74,74,74,74,74,74,74,74,74,74,88,88,88,88,88,88,88,88,88,88,88],"card_choices":[{"not_picked":["MentalFortress","EmptyFist"],"picked":"ReachHeaven","floor":1.0},{"not_picked":["CrushJoints","Indignation"],"picked":"Conclude","floor":2.0},{"not_picked":["Wireheading","SashWhip"],"picked":"FollowUp","floor":3.0},{"not_picked":["ClearTheMind","EmptyFist","PathToVictory"],"picked":"SKIP","floor":5.0},{"not_picked":["Evaluate","FlyingSleeves"],"picked":"Protect","floor":6.0},{"not_picked":["Worship","CutThroughFate"],"picked":"Meditate","floor":8.0},{"not_picked":["Consecrate","WheelKick"],"picked":"Devotion","floor":11.0},{"not_picked":["Pray","EmptyBody"],"picked":"Swivel","floor":13.0},{"not_picked":["JustLucky","SignatureMove","Protect"],"picked":"SKIP","floor":14.0},{"not_picked":["DevaForm","DeusExMachina"],"picked":"ConjureBlade","floor":16.0},{"not_picked":["Collect","CrushJoints"],"picked":"BattleHymn","floor":18.0}],"player_experience":744604,"relics_obtained":[{"floor":6.0,"key":"Oddly Smooth Stone"},{"floor":8.0,"key":"Turnip"},{"floor":9.0,"key":"TeardropLocket"},{"floor":11.0,"key":"Mango"},{"floor":14.0,"key":"MawBank"}],"event_choices":[{"damage_healed":0.0,"max_hp_gain":0.0,"max_hp_loss":0.0,"gold_gain":0.0,"event_name":"Scrap Ooze","player_choice":"Success","floor":4.0,"gold_loss":0.0,"damage_taken":11.0,"relics_obtained":["Happy Flower"]},{"damage_healed":0.0,"max_hp_gain":0.0,"max_hp_loss":0.0,"gold_gain":0.0,"event_name":"Shining Light","player_choice":"Entered Light","floor":12.0,"gold_loss":0.0,"damage_taken":26.0,"cards_upgraded":["Vigilance","Strike_P"]},{"cards_removed":["Strike_P"],"damage_healed":0.0,"max_hp_gain":0.0,"max_hp_loss":0.0,"gold_gain":0.0,"event_name":"Purifier","player_choice":"Purged","floor":19.0,"gold_loss":0.0,"damage_taken":0.0}],"is_beta":true,"boss_relics":[{"not_picked":["Velvet Choker","Philosopher\u0027s Stone"],"picked":"VioletLotus"}],"items_purged_floors":[],"is_endless":false,"potions_floor_spawned":[1,2,8,14],"killed_by":"2 Thieves","ascension_level":16}}