{"host":"n9qtmgye2hz5t4ok","time":1609411414,"event":{"mods":["Act Like it!","BaseMod","Colored Map","Colored Powertips","Downfall","Gensokyo","Infinite Spire","Koishi","Marisa????????","Minty Spire (QoL Compilation)","Quick Restart","Remilia??????","StSLib","The Disciple","The Jungle","The Servant 0.9.4"],"gold_per_floor":[69000,69000,69018,68457,68457,68483,68518,68007,68007,68038,68038,50034,50034,50051,50051,50160,50160,50173,50179,50278,36832,36832,36832,36350,36350,36350,36390,36399,35944,35944,35962,35962,36066,36066,36076,36103,35877,35902,35664,35664,35697,35697,35697,35725,35725,35567,35567,35569,35569,35569],"floor_reached":51,"playtime":3507,"items_purged":["Rebound","Ball Lightning","Static Discharge+1","Undo","Ball Lightning+1","infinitespire:Starlight"],"score":1127,"play_id":"a6c2320c-5c93-4899-9f08-8aaf359dff9e","local_time":"20201231114334","daily_mods":["Draft","Vintage","Heirloom","Flight","downfall:Lament"],"is_ascension_mode":false,"campfire_choices":[{"data":"Genetic Algorithm","floor":11,"key":"SMITH"},{"data":"Double Energy","floor":15,"key":"SMITH"},{"data":"Capacitor","floor":23,"key":"SMITH"},{"data":"Thunder Strike","floor":25,"key":"SMITH"},{"data":"Leap","floor":30,"key":"PURGE"},{"data":"Beam Cell","floor":32,"key":"PURGE"},{"data":"1","floor":40,"key":"LIFT"},{"data":"2","floor":42,"key":"LIFT"},{"data":"3","floor":47,"key":"LIFT"},{"data":"Beam Cell","floor":49,"key":"PURGE"}],"circlet_count":52,"master_deck":["Genetic Algorithm+1","Ball Lightning+1","Go for the Eyes","Genetic Algorithm+1","Capacitor+1","Barrage+1","Double Energy+1","Stack+1","Heatsinks","Echo Form","Thunder Strike+1","Apotheosis+1","Force Field+1","expansioncontent:DecasProtection+1","expansioncontent:Corrupt+1","Seek+1","Biased Cognition+1","Force Field+1","Seek+1","expansioncontent:StudyTheSpire+1","Loop+1","infinitespire:UltimateForm+1","Defragment+1","Storm+1","Capacitor+1","Loop+1","Defragment+1","Gensokyo:SevenSchoolMysteries+1","Gensokyo:Shovel"],"relics":["Unceasing Top","NeowsBlessing","champ:DeflectingBracers","Question Card","Kunai","Vajra","Guardian:PocketSentry","Medical Kit","The Courier","infinitespire:FocusingShard","White Beast Statue","Art of War","infinitespire:EmpoweringShard","ScarletDevilRocket","infinitespire:ShieldingShard","infinitespire:Eraser","Bag of Marbles","Pantograph","DataDisk","Bronze Scales","Orichalcum","infinitespire:SolderingIron","Shuriken","Eternal Feather","Happy Flower","Akabeko","Girya","Mercury Hourglass","Pen Nib","Ancient Tea Set","Molten Egg 2","Strawberry","Matryoshka","infinitespire:WardingShard","HornCleat","infinitespire:Golems Mask","Blood Vial","champ:Barbells","Peace Pipe","Bottled Tornado","Letter Opener","infinitespire:Lucky Rock","infinitespire:BottledMercury","Ornamental Fan","Turnip","Ginger","Guardian:GemstoneGun","Frozen Egg 2","infinitespire:Satchel","Regal Pillow","StrikeDummy","Potion Belt","Darkstone Periapt","champ:DuelingGlove","infinitespire:Magic Flask","War Paint","Blue Candle","Cables","Emotion Chip","Anchor","infinitespire:PuzzleCube","Omamori","Juzu Bracelet","infinitespire:Beetle Shell","Symbiotic Virus","Bottled Lightning","Singing Bowl","Dream Catcher","PreservedInsect","infinitespire:CheckeredPen","sneckomod:BlankCard","infinitespire:Midas Blood","hexamod:BolsterEngine","MealTicket","InkBottle","infinitespire:Freezer","Thread and Needle","Mango","Sundial","Tiny Chest","CeramicFish","infinitespire:Joker Card","Meat on the Bone","Toxic Egg 2","Nunchaku","Centennial Puzzle","Calipers","Bag of Preparation","FossilizedHelix","Gremlin Horn","Lantern","Torii","Mummified Hand","Boot","Oddly Smooth Stone","Toy Ornithopter","Bird Faced Urn","Pear","infinitespire:Bottled Soul","Bottled Flame","Whetstone","Pocketwatch","Prayer Wheel","infinitespire:CursedDice","TungstenRod","Ice Cream","Lizard Tail","Gambling Chip","StoneCalendar","Du-Vu Doll","CaptainsWheel","Incense Burner","Calling Bell","Circlet","Nilry\u0027s Codex","Frozen Eye","Chemical X","sneckomod:SneckoTalon","Sling","Philosopher\u0027s Stone","Membership Card","Cauldron"],"acts_visited":["Exordium","TheCity","TheCity"],"potions_floor_usage":[27],"damage_taken":[{"damage":0,"enemies":"2 Louse","floor":1,"turns":1},{"damage":0,"enemies":"Small Slimes","floor":3,"turns":2},{"damage":0,"enemies":"Lagavulin","floor":6,"turns":1},{"damage":7,"enemies":"Gremlin Nob","floor":7,"turns":3},{"damage":15,"enemies":"3 Sentries","floor":10,"turns":4},{"damage":0,"enemies":"Jaw Worm","floor":14,"turns":1},{"damage":0,"enemies":"Hexaghost","floor":16,"turns":2},{"damage":0,"enemies":"Spheric Guardian","floor":18,"turns":1},{"damage":0,"enemies":"Book of Stabbing","floor":27,"turns":1},{"damage":0,"enemies":"3 Byrds","floor":31,"turns":1},{"damage":0,"enemies":"Collector","floor":33,"turns":2},{"damage":0,"enemies":"Gensokyo:3_Boulders","floor":35,"turns":1},{"damage":0,"enemies":"Gensokyo:Doremy","floor":41,"turns":1},{"damage":0,"enemies":"Gensokyo:Marisa","floor":44,"turns":1},{"damage":0,"enemies":"Gensokyo:Shinki","floor":50,"turns":3}],"seed_played":"8995763604353650688","potions_obtained":[{"floor":1,"key":"SteroidPotion"},{"floor":7,"key":"Explosive Potion"},{"floor":14,"key":"FearPotion"},{"floor":16,"key":"champ:CounterPotion"},{"floor":27,"key":"Fruit Juice"},{"floor":31,"key":"PowerPotion"}],"is_trial":true,"path_per_floor":["M","?","M","$","?","E","E","?","T","E","R","$","?","M","R","B",null,"M","?","?","$","T","R","$","R","T","E","AVR","$","R","M","R","B",null,"M","T","$","T","COS","R","E","R","T","E","?","$","R","?","R","B",null],"character_chosen":"DEFECT","items_purchased":["Vajra","Guardian:PocketSentry","Medical Kit","EssenceOfSteel","Heatsinks","Apotheosis","ScarletDevilRocket","infinitespire:ShieldingShard","infinitespire:Eraser","Bag of Marbles","Pantograph","DataDisk","Bronze Scales","Orichalcum","infinitespire:SolderingIron","Shuriken","Eternal Feather","Happy Flower","Akabeko","Girya","Mercury Hourglass","Pen Nib","Ancient Tea Set","Molten Egg 2","Strawberry","Matryoshka","infinitespire:WardingShard","HornCleat","infinitespire:Golems Mask","Blood Vial","champ:Barbells","Peace Pipe","Bottled Tornado","Letter Opener","infinitespire:Lucky Rock","infinitespire:BottledMercury","Ornamental Fan","Turnip","Ginger","Force Field","Guardian:GemstoneGun","Frozen Egg 2","infinitespire:Satchel","Regal Pillow","StrikeDummy","Potion Belt","Darkstone Periapt","champ:DuelingGlove","infinitespire:Magic Flask","War Paint","Blue Candle","Cables","Emotion Chip","Anchor","infinitespire:PuzzleCube","Omamori","Juzu Bracelet","infinitespire:Beetle Shell","Symbiotic Virus","Bottled Lightning","Singing Bowl","Dream Catcher","PreservedInsect","infinitespire:CheckeredPen","sneckomod:BlankCard","infinitespire:Midas Blood","hexamod:BolsterEngine","MealTicket","InkBottle","infinitespire:Freezer","Thread and Needle","Mango","Sundial","Tiny Chest","CeramicFish","infinitespire:Joker Card","Meat on the Bone","Toxic Egg 2","Nunchaku","Centennial Puzzle","Calipers","Bag of Preparation","FossilizedHelix","Gremlin Horn","Lantern","Torii","Mummified Hand","expansioncontent:DecasProtection+1","Boot","Oddly Smooth Stone","Toy Ornithopter","Bird Faced Urn","Pear","expansioncontent:Corrupt+1","infinitespire:Bottled Soul","Bottled Flame","Whetstone","Pocketwatch","Prayer Wheel","infinitespire:CursedDice","TungstenRod","Ice Cream","Lizard Tail","Gambling Chip","StoneCalendar","Du-Vu Doll","CaptainsWheel","Circlet","Circlet","Circlet","Circlet","Frozen Eye","Circlet","Circlet","Circlet","Circlet","Circlet","Circlet","Circlet","Circlet","Circlet","Circlet","Circlet","Circlet","Circlet","Circlet","Circlet","Circlet","Circlet","Circlet","Circlet","Circlet","Circlet","Circlet","Circlet","Circlet","Circlet","Circlet","Circlet","Circlet","Circlet","Circlet","Circlet","Circlet","Circlet","Circlet","Circlet","Circlet","Circlet","Biased Cognition+1","Force Field+1","Seek+1","Chemical X","expansioncontent:StudyTheSpire+1","Static Discharge+1","Sling","Defragment+1","Storm+1","Capacitor+1","Loop+1","Defragment+1","Membership Card","Energy Potion","Cauldron"],"campfire_rested":0,"item_purchase_floors":[4,4,4,4,4,12,12,12,12,12,12,12,12,12,12,12,12,12,12,12,12,12,12,12,12,12,12,12,12,12,12,12,12,12,12,12,12,12,12,12,12,12,12,12,12,12,12,12,12,12,12,12,12,12,12,12,12,12,12,12,12,12,12,12,12,12,12,12,12,12,12,12,12,12,12,12,12,12,12,12,12,12,12,12,12,12,12,12,12,12,12,12,12,12,12,12,12,12,12,12,12,12,12,12,12,12,12,21,21,21,21,21,21,21,21,21,21,21,21,21,21,21,21,21,21,21,21,21,21,21,21,21,21,21,21,21,21,21,21,21,21,21,21,21,21,21,21,21,21,21,21,24,24,24,24,29,29,29,29,29,29,37,37,46],"current_hp_per_floor":[75,75,75,75,75,75,68,68,68,53,53,84,84,86,98,106,106,106,94,94,106,106,106,106,106,106,111,111,111,111,111,111,113,113,113,113,113,113,113,113,115,115,115,117,117,117,117,72,90,117],"gold":35569,"neow_bonus":"","is_daily":false,"chose_seed":false,"campfire_upgraded":4,"win_rate":0.0,"timestamp":1609411414,"path_taken":["M","?","M","$","?","E","E","?","T","E","R","$","?","M","R","BOSS","M","?","?","$","?","R","$","R","T","E","AVR","?","R","M","R","BOSS","M","?","?","?","COS","R","E","R","T","E","?","$","R","?","R","BOSS"],"items_purchased_type":["Relic","Relic","Relic","Potion","Card","Card","Relic","Relic","Relic","Relic","Relic","Relic","Relic","Relic","Relic","Relic","Relic","Relic","Relic","Relic","Relic","Relic","Relic","Relic","Relic","Relic","Relic","Relic","Relic","Relic","Relic","Relic","Relic","Relic","Relic","Relic","Relic","Relic","Relic","Card","Relic","Relic","Relic","Relic","Relic","Relic","Relic","Relic","Relic","Relic","Relic","Relic","Relic","Relic","Relic","Relic","Relic","Relic","Relic","Relic","Relic","Relic","Relic","Relic","Relic","Relic","Relic","Relic","Relic","Relic","Relic","Relic","Relic","Relic","Relic","Relic","Relic","Relic","Relic","Relic","Relic","Relic","Relic","Relic","Relic","Relic","Relic","Card","Relic","Relic","Relic","Relic","Relic","Card","Relic","Relic","Relic","Relic","Relic","Relic","Relic","Relic","Relic","Relic","Relic","Relic","Relic","Undefined","Undefined","Undefined","Undefined","Relic","Undefined","Undefined","Undefined","Undefined","Undefined","Undefined","Undefined","Undefined","Undefined","Undefined","Undefined","Undefined","Undefined","Undefined","Undefined","Undefined","Undefined","Undefined","Undefined","Undefined","Undefined","Undefined","Undefined","Undefined","Undefined","Undefined","Undefined","Undefined","Undefined","Undefined","Undefined","Undefined","Undefined","Undefined","Undefined","Undefined","Undefined","Card","Card","Card","Relic","Card","Card","Relic","Card","Card","Card","Card","Card","Relic","Potion","Relic"],"build_version":"2020-12-22","purchased_purges":6,"victory":true,"max_hp_per_floor":[75,75,75,75,75,75,75,75,75,75,75,106,106,106,106,106,106,106,106,106,106,106,106,106,106,106,111,111,111,111,111,111,113,113,113,113,113,113,113,113,115,115,115,117,117,117,117,117,117,117],"card_choices":[{"not_picked":["Conserve Battery","Cold Snap"],"picked":"Genetic Algorithm","floor":0},{"not_picked":["Tempest","Streamline"],"picked":"Rebound","floor":0},{"not_picked":["Recycle","Redo"],"picked":"Beam Cell","floor":0},{"not_picked":["Streamline","Sweeping Beam"],"picked":"Ball Lightning","floor":0},{"not_picked":["Turbo","Sweeping Beam"],"picked":"Undo","floor":0},{"not_picked":["Streamline","Fusion"],"picked":"Go for the Eyes","floor":0},{"not_picked":["Coolheaded","Chaos"],"picked":"Ball Lightning","floor":0},{"not_picked":["Rebound","Conserve Battery"],"picked":"Genetic Algorithm","floor":0},{"not_picked":["Gash","Streamline"],"picked":"Capacitor","floor":0},{"not_picked":["Hologram","Cold Snap"],"picked":"Leap","floor":0},{"not_picked":["Doom and Gloom","Turbo"],"picked":"Ball Lightning","floor":0},{"not_picked":["Coolheaded","Cold Snap"],"picked":"Barrage","floor":0},{"not_picked":["Cold Snap","Ball Lightning"],"picked":"Double Energy","floor":0},{"not_picked":["Sweeping Beam","Rebound"],"picked":"Beam Cell","floor":0},{"not_picked":["Reinforced Body","Compile Driver"],"picked":"Stack","floor":0},{"not_picked":["Go for the Eyes","Barrage","Cold Snap"],"picked":"Echo Form","floor":6},{"not_picked":["Redo","Turbo","Force Field"],"picked":"Thunder Strike","floor":7},{"not_picked":["infinitespire:DeathsTouch","infinitespire:Execution"],"picked":"infinitespire:Starlight","floor":8},{"not_picked":["Streamline","Rebound","Heatsinks","Blizzard"],"picked":"SKIP","floor":10},{"not_picked":["Hyperbeam+1","Meteor Strike+1","Biased Cognition+1"],"picked":"Seek+1","floor":16},{"not_picked":["Barrage+1","Capacitor+1","Steam+1"],"picked":"Loop+1","floor":27},{"not_picked":["Meteor Strike+1","All For One+1","Fission+1","Buffer+1"],"picked":"Singing Bowl","floor":33},{"not_picked":["Redo+1","Beam Cell+1","Sweeping Beam+1","Doom and Gloom+1"],"picked":"Singing Bowl","floor":41},{"not_picked":["Echo Form+1","Redo+1","Leap+1","Barrage+1"],"picked":"Singing Bowl","floor":44}],"player_experience":99345,"relics_obtained":[{"floor":1,"key":"Question Card"},{"floor":3,"key":"Kunai"},{"floor":5,"key":"The Courier"},{"floor":6,"key":"infinitespire:FocusingShard"},{"floor":7,"key":"White Beast Statue"},{"floor":9,"key":"Art of War"},{"floor":10,"key":"infinitespire:EmpoweringShard"},{"floor":14,"key":"Incense Burner"},{"floor":17,"key":"Circlet"},{"floor":17,"key":"Circlet"},{"floor":17,"key":"Circlet"},{"floor":18,"key":"Circlet"},{"floor":19,"key":"Nilry\u0027s Codex"},{"floor":22,"key":"Circlet"},{"floor":22,"key":"Circlet"},{"floor":26,"key":"Circlet"},{"floor":26,"key":"Circlet"},{"floor":38,"key":"Circlet"},{"floor":43,"key":"Circlet"}],"event_choices":[{"damage_healed":0,"gold_gain":0,"player_choice":"Grow","damage_taken":0,"max_hp_gain":0,"max_hp_loss":0,"event_name":"Living Wall","floor":13,"gold_loss":0,"cards_upgraded":["Apotheosis"]},{"damage_healed":0,"gold_gain":0,"player_choice":"Obtained Book","damage_taken":16,"max_hp_gain":0,"max_hp_loss":0,"event_name":"Cursed Tome","floor":19,"gold_loss":0},{"damage_healed":0,"gold_gain":99,"player_choice":"Stole From Cult","damage_taken":0,"max_hp_gain":0,"max_hp_loss":0,"event_name":"Nest","floor":20,"gold_loss":0}],"is_beta":false,"boss_relics":[{"not_picked":["Runic Dome","infinitespire:Cupcake"],"picked":"Calling Bell"},{"not_picked":["Nuclear Battery","expansioncontent:StudyCardRelic"],"picked":"Philosopher\u0027s Stone"}],"items_purged_floors":[12,21,24,29,37,46],"is_endless":false,"potions_floor_spawned":[1,7,10,14,16,18,27,31,33,35,41,44],"ascension_level":0}}