{"host":"k4et7hlhlqy8fuoz","time":1609442362,"event":{"mods":["2.2 Compatiblity","AchievementEnabler","BaseMod","Colored Map","DeckTracker","Highlight Path","Minty Spire (QoL Compilation)","Random Character Button","Rare Cards Sparkle"],"gold_per_floor":[110,10,10,24,43,43,43,43,43,62,62,62,62,80,80,203,203,221,236,48,67,80,80,96,109,109,0,0,0,0,0],"floor_reached":30,"playtime":1578,"items_purged":["Normality"],"score":222,"play_id":"3e562997-fcf1-44d3-a456-6d70bf2ae3c4","local_time":"20201231201922","is_ascension_mode":false,"campfire_choices":[{"data":"Apotheosis","floor":6,"key":"SMITH"},{"data":"Slice","floor":8,"key":"SMITH"},{"data":"Quick Slash","floor":11,"key":"SMITH"},{"data":"Predator","floor":15,"key":"SMITH"},{"floor":23,"key":"REST"}],"circlet_count":0,"master_deck":["Strike_G","Strike_G","Strike_G","Strike_G","Strike_G","Defend_G","Defend_G","Defend_G","Defend_G","Survivor","Neutralize","Apotheosis+1","Crippling Poison","Bane+1","Quick Slash+1","Slice+1","Predator+1","Dagger Throw+1","Parasite","Injury","Sucker Punch+1","Bullet Time","Reflex+1","Expertise+1","Noxious Fumes","Backstab+1","Heel Hook+1","Quick Slash+1","Finisher+1","Dagger Spray+1","Deflect","Doubt"],"relics":["Ring of the Snake","Molten Egg 2","Bloody Idol","Cursed Key","Toxic Egg 2"],"acts_visited":["Exordium","TheCity"],"potions_floor_usage":[28],"damage_taken":[{"damage":7,"enemies":"2 Louse","floor":1,"turns":4},{"damage":0,"enemies":"Cultist","floor":4,"turns":3},{"damage":3,"enemies":"Jaw Worm","floor":5,"turns":2},{"damage":6,"enemies":"Blue Slaver","floor":10,"turns":3},{"damage":10,"enemies":"3 Louse","floor":14,"turns":3},{"damage":36,"enemies":"Hexaghost","floor":16,"turns":10},{"damage":15,"enemies":"3 Byrds","floor":18,"turns":4},{"damage":7,"enemies":"Shell Parasite","floor":19,"turns":5},{"damage":12,"enemies":"Snake Plant","floor":21,"turns":4},{"damage":12,"enemies":"3 Cultists","floor":22,"turns":5},{"damage":12,"enemies":"Centurion and Healer","floor":24,"turns":5},{"damage":23,"enemies":"Snecko","floor":25,"turns":5},{"damage":9,"enemies":"Colosseum Slavers","floor":28,"turns":4},{"damage":5,"enemies":"Cultist and Chosen","floor":30,"turns":1}],"seed_played":"2775675416303402997","potions_obtained":[{"floor":5,"key":"SneckoOil"},{"floor":14,"key":"EssenceOfSteel"},{"floor":19,"key":"SpeedPotion"},{"floor":25,"key":"GhostInAJar"}],"is_trial":false,"path_per_floor":["M","$","?","M","M","R","?","R","T","M","R","?","?","M","R","B",null,"M","M","$","M","M","R","M","M","T","?","?","?","M"],"character_chosen":"THE_SILENT","items_purchased":["Bane","Noxious Fumes","Backstab+1","Heel Hook+1"],"campfire_rested":1,"item_purchase_floors":[2,20,20,20],"current_hp_per_floor":[63,63,63,63,60,60,60,60,60,54,54,70,70,60,60,24,70,55,48,48,36,24,45,33,10,10,10,1,1,0,0],"gold":0,"neow_bonus":"RANDOM_COLORLESS_2","is_daily":false,"chose_seed":false,"campfire_upgraded":4,"win_rate":0.0,"timestamp":1609442362,"path_taken":["M","$","?","M","?","R","?","R","T","M","R","?","?","M","R","BOSS","M","M","$","M","M","R","M","M","T","?","?","?","M"],"items_purchased_type":["Card","Card","Card","Card"],"build_version":"2020-12-22","purchased_purges":1,"victory":false,"max_hp_per_floor":[70,70,70,70,70,70,70,70,70,70,70,70,70,70,70,70,70,70,70,70,70,70,70,70,70,70,70,70,70,70,70],"card_choices":[{"not_picked":["Sadistic Nature","The Bomb"],"picked":"Apotheosis","floor":0},{"not_picked":["Dagger Throw","Prepared"],"picked":"Crippling Poison","floor":1},{"not_picked":["Bane","Quick Slash"],"picked":"Slice","floor":4},{"not_picked":["Masterful Stab","Flying Knee"],"picked":"Predator","floor":5},{"not_picked":["Acrobatics","Wraith Form v2"],"picked":"Dagger Throw+1","floor":10},{"not_picked":["Dodge and Roll","Flying Knee+1"],"picked":"Sucker Punch+1","floor":14},{"not_picked":["A Thousand Cuts","Malaise"],"picked":"Bullet Time","floor":16},{"not_picked":["Caltrops","Dodge and Roll+1"],"picked":"Reflex+1","floor":18},{"not_picked":["Sucker Punch+1","Deadly Poison+1"],"picked":"Expertise+1","floor":19},{"not_picked":["Prepared","Dagger Throw+1"],"picked":"Quick Slash+1","floor":21},{"not_picked":["Expertise+1","Dagger Throw+1"],"picked":"Finisher+1","floor":22},{"not_picked":["Catalyst+1","Dagger Throw+1"],"picked":"Dagger Spray+1","floor":24},{"not_picked":["Backflip","Deadly Poison+1"],"picked":"Deflect","floor":25}],"player_experience":49468,"relics_obtained":[{"floor":9,"key":"Molten Egg 2"},{"floor":26,"key":"Toxic Egg 2"}],"event_choices":[{"damage_healed":0,"gold_gain":0,"cards_transformed":["Defend_G"],"player_choice":"Transformed","damage_taken":0,"max_hp_gain":0,"max_hp_loss":0,"event_name":"Transmorgrifier","floor":3,"gold_loss":0,"cards_obtained":["Quick Slash"]},{"damage_healed":0,"gold_gain":0,"player_choice":"Grow","damage_taken":0,"max_hp_gain":0,"max_hp_loss":0,"event_name":"Living Wall","floor":7,"gold_loss":0,"cards_upgraded":["Bane"]},{"damage_healed":17,"gold_gain":0,"player_choice":"Healed and dodged fight","damage_taken":0,"max_hp_gain":0,"max_hp_loss":0,"event_name":"Mushrooms","floor":12,"gold_loss":0,"cards_obtained":["Parasite"]},{"damage_healed":0,"gold_gain":0,"player_choice":"Take Wound","damage_taken":0,"relics_obtained":["Golden Idol"],"max_hp_gain":0,"max_hp_loss":0,"event_name":"Golden Idol","floor":13,"gold_loss":0,"cards_obtained":["Injury"]},{"damage_healed":0,"gold_gain":0,"player_choice":"Paid Fearfully","damage_taken":0,"max_hp_gain":0,"max_hp_loss":0,"event_name":"Masked Bandits","floor":27,"gold_loss":109},{"damage_healed":0,"gold_gain":0,"player_choice":"Fight","damage_taken":0,"max_hp_gain":0,"max_hp_loss":0,"event_name":"Colosseum","floor":28,"gold_loss":0},{"damage_healed":0,"gold_gain":0,"player_choice":"Fled From Nobs","damage_taken":0,"max_hp_gain":0,"max_hp_loss":0,"event_name":"Colosseum","floor":28,"gold_loss":0},{"damage_healed":0,"gold_gain":0,"player_choice":"Gave Idol","damage_taken":0,"relics_obtained":["Bloody Idol"],"max_hp_gain":0,"max_hp_loss":0,"event_name":"Forgotten Altar","floor":29,"relics_lost":["Golden Idol"],"gold_loss":0}],"is_beta":false,"boss_relics":[{"not_picked":["Sozu","Ectoplasm"],"picked":"Cursed Key"}],"items_purged_floors":[2],"is_endless":false,"potions_floor_spawned":[5,14,19,25,28],"killed_by":"Cultist and Chosen","ascension_level":0}}