{"host":"vhvubw4jk4f204qs","time":1609440897,"event":{"mods":["AchievementEnabler","Act Like it!","BaseMod","Better Altar","Better Match","Better Note","Better Sensory Stone","Better Skull","Better Third Choice","BetterRewards","Colored Powertips","Conspire","GifTheSpireLib","Googly Eyes","Highlight Path","Hubris","Infinite Spire","Jorbs Mod","Marisa????????","Minty Spire (QoL Compilation)","Permanent Neow","Quick Restart","Replay The Spire","StSLib","SuperFastMode","The Animator","The IronCluck","The Mystic","The Poker Player","The Servant 0.9.4","slay the spire mod where everything is the same but ironclad has a cowboy hat"],"gold_per_floor":[116,141,151,151,25,67,86,104,131,150,150,150,150,150,150,264,264,284,284,284,284,254,254],"floor_reached":22,"playtime":1265,"items_purged":["Pain"],"score":184,"play_id":"b9b13b25-1052-4f4a-b7e5-595de960b70a","local_time":"20201231135457","is_ascension_mode":false,"campfire_choices":[{"data":"animator:AcuraShin","floor":11,"key":"SMITH"},{"floor":13,"key":"REST"},{"data":"infinitespire:SevenWalls","floor":15,"key":"SMITH"}],"circlet_count":0,"master_deck":["animator:Strike_MadokaMagica","animator:Defend_MadokaMagica","animator:Strike","animator:Strike","animator:Strike","animator:Defend","animator:Defend","animator:Defend","animator:IrohaTamaki","animator:YuiTsuruno","animator:AcuraShin+1","animator:Mikaela","animator:SakuraMatou","animator:Mikaela","animator:DolaCouronne","animator:NagisaMomoe","animator:KyokoSakura","infinitespire:SevenWalls+1","animator:MadokaKaname","animator:YachiyoNanami"],"relics":["animator:TheMissingPiece","WarpedTongs","Champion Belt","Ancient Tea Set","conspire:SlowCooker","Nloth\u0027s Gift"],"acts_visited":["Exordium","TheCity"],"potions_floor_usage":[16,22],"damage_taken":[{"damage":0,"enemies":"2 Louse","floor":1,"turns":3},{"damage":0,"enemies":"Cultist","floor":2,"turns":3},{"damage":2,"enemies":"Small Slimes","floor":3,"turns":3},{"damage":27,"enemies":"3 Sentries","floor":6,"turns":8},{"damage":2,"enemies":"2 Fungi Beasts","floor":7,"turns":4},{"damage":2,"enemies":"Looter","floor":8,"turns":3},{"damage":0,"enemies":"Large Slime","floor":10,"turns":5},{"damage":14,"enemies":"Hexaghost","floor":16,"turns":9},{"damage":7,"enemies":"conspire:FuzzyDice","floor":18,"turns":8},{"damage":14,"enemies":"2 Thieves","floor":22,"turns":2}],"seed_played":"440862678021490023","potions_obtained":[{"floor":2,"key":"Weak Potion"},{"floor":16,"key":"Weak Potion"},{"floor":18,"key":"SkillPotion"},{"floor":19,"key":"SmokeBomb"},{"floor":19,"key":"AttackPotion"}],"is_trial":false,"path_per_floor":["M","M","M","?","$","E","M","M","T","M","R","?","R","?","R","B",null,"M","?","?","?","M"],"character_chosen":"THE_ANIMATOR","items_purchased":["animator:DolaCouronne"],"campfire_rested":1,"item_purchase_floors":[5],"current_hp_per_floor":[66,66,64,64,64,37,35,34,34,34,34,34,54,38,38,24,67,64,64,64,64,50,50],"gold":254,"neow_bonus":"ONE_RANDOM_RARE_CARD","is_daily":false,"chose_seed":false,"campfire_upgraded":2,"win_rate":0.0,"timestamp":1609440897,"path_taken":["M","M","M","?","$","E","?","M","T","M","R","?","R","?","R","BOSS","M","?","?","?","M"],"items_purchased_type":["Card"],"build_version":"2020-12-22","purchased_purges":1,"victory":false,"max_hp_per_floor":[66,66,66,66,66,66,66,67,67,67,67,67,67,67,67,67,67,68,68,68,68,68,68],"card_choices":[{"not_picked":["animator:Shuna","animator:Viivi"],"picked":"animator:Mikaela","floor":1},{"not_picked":["animator:ShinjiMatou","animator:EmiyaShirou"],"picked":"animator:SakuraMatou","floor":2},{"not_picked":["animator:Alexander","animator:SakuraMatou"],"picked":"animator:Mikaela","floor":3},{"not_picked":["animator:YuiTsuruno","animator:OrikoMikuni"],"picked":"animator:NagisaMomoe","floor":6},{"not_picked":["animator:CrowleyEusford","animator:Aqua","animator:RinTohsaka"],"picked":"SKIP","floor":7},{"not_picked":["animator:YachiyoNanami","animator:Hakurou"],"picked":"animator:KyokoSakura","floor":8},{"not_picked":["animator:Shion","animator:Alexander","animator:Darkness"],"picked":"SKIP","floor":10},{"not_picked":["ReplayTheSpireMod:Chaos Vortex","infinitespire:NeuralNetwork"],"picked":"infinitespire:SevenWalls","floor":14},{"not_picked":["animator:Rimuru","animator:AcuraShin"],"picked":"animator:MadokaKaname","floor":16},{"not_picked":["animator:YuiTsuruno","animator:OrikoMikuni"],"picked":"animator:YachiyoNanami","floor":18}],"player_experience":1178279,"relics_obtained":[{"floor":6,"key":"Champion Belt"},{"floor":9,"key":"Ancient Tea Set"}],"event_choices":[{"damage_healed":0,"gold_gain":0,"player_choice":"Rummage","damage_taken":0,"relics_obtained":["WarpedTongs"],"max_hp_gain":0,"max_hp_loss":0,"event_name":"Accursed Blacksmith","floor":4,"gold_loss":0,"cards_obtained":["Pain"]},{"damage_healed":0,"gold_gain":0,"player_choice":"Ignored","damage_taken":150,"max_hp_gain":0,"max_hp_loss":0,"event_name":"betterThird:BetterSerpent","floor":12,"gold_loss":0},{"damage_healed":0,"gold_gain":0,"player_choice":"Got Potions","damage_taken":0,"max_hp_gain":0,"max_hp_loss":0,"event_name":"Lab","floor":19,"gold_loss":0},{"damage_healed":0,"gold_gain":0,"player_choice":"Traded Relic","damage_taken":0,"relics_obtained":["Nloth\u0027s Gift"],"max_hp_gain":0,"max_hp_loss":0,"event_name":"N\u0027loth","floor":20,"relics_lost":["animator:LivingPicture"],"gold_loss":0},{"cards_removed":["animator:AcuraShin"],"damage_healed":0,"gold_gain":0,"player_choice":"Give","damage_taken":0,"max_hp_gain":0,"max_hp_loss":0,"event_name":"betterNote:BetterNote","floor":21,"gold_loss":0,"cards_obtained":["None"]}],"is_beta":false,"boss_relics":[{"not_picked":["hubris:BlackHole","Calling Bell"],"picked":"conspire:SlowCooker"}],"items_purged_floors":[5],"is_endless":false,"potions_floor_spawned":[2,16,18],"killed_by":"2 Thieves","ascension_level":0}}