{"host":"pfy6u49v5s5r680p","time":1609411017,"event":{"mods":["BaseMod","Colored Map","DeckTracker","Highlight Path","Keyboard Shortcuts","Minty Spire (QoL Compilation)","Permanent Neow","Quick Restart","StSLib","SuperFastMode","everything is the same but u backflip on backflip"],"gold_per_floor":[112,125,138,155,174,174,199,199,199,229,248,248,292,292,292,420,420,440,272,295,314,329,370,395,410,410,435,435,459,482,521,521,642,642,665,532,532,557,582,621,645,645,670,710,710,710,710,724,724,724],"floor_reached":51,"playtime":2308,"items_purged":[],"score":1018,"play_id":"8e7e5506-c99b-4337-a7c4-3ead8d024bb9","local_time":"20201231193657","is_ascension_mode":true,"campfire_choices":[{"data":"Mind Blast","floor":6.0,"key":"SMITH"},{"data":"Perfected Strike","floor":8.0,"key":"SMITH"},{"floor":15.0,"key":"REST"},{"data":"Pommel Strike","floor":32.0,"key":"SMITH"},{"floor":42.0,"key":"REST"},{"data":"Double Tap","floor":46.0,"key":"SMITH"},{"data":"Shockwave","floor":49.0,"key":"SMITH"}],"circlet_count":0,"master_deck":["Strike_R","Strike_R","Strike_R","Strike_R","Defend_R","Defend_R","Defend_R","Bash","Mind Blast+1","Perfected Strike+1","Reckless Charge","Armaments","Seeing Red","Cleave","Twin Strike","Pommel Strike+1","Twin Strike","Injury","Twin Strike+1","Berserk","Bludgeon+1","Headbutt+1","Twin Strike+1","Mind Blast+1","Flex","Flex+1","Pommel Strike+1","Clothesline+1","Twin Strike+1","Battle Trance","Pommel Strike+1","Perfected Strike+1","Flex","Evolve","Bludgeon+1","Spot Weakness+1","Wild Strike+1","Shrug It Off","Shockwave+1","Madness","Madness","Sever Soul+1","Headbutt+1","Double Tap+1","Pommel Strike+1","Doubt","Heavy Blade+1"],"relics":["Burning Blood","Nunchaku","Pear","Pocketwatch","Golden Idol","Molten Egg 2","Velvet Choker","Darkstone Periapt","Lantern","Enchiridion","Ancient Tea Set","Calipers","Mark of Pain","Toy Ornithopter","Bag of Preparation","Bottled Flame"],"acts_visited":["Exordium","TheCity","TheBeyond"],"potions_floor_usage":[50],"damage_taken":[{"damage":7.0,"enemies":"Small Slimes","floor":1.0,"turns":6.0},{"damage":0.0,"enemies":"2 Louse","floor":2.0,"turns":2.0},{"damage":6.0,"enemies":"Cultist","floor":3.0,"turns":3.0},{"damage":19.0,"enemies":"Exordium Wildlife","floor":4.0,"turns":4.0},{"damage":6.0,"enemies":"Looter","floor":5.0,"turns":2.0},{"damage":40.0,"enemies":"3 Sentries","floor":7.0,"turns":7.0},{"damage":16.0,"enemies":"Gremlin Nob","floor":10.0,"turns":3.0},{"damage":8.0,"enemies":"3 Louse","floor":11.0,"turns":2.0},{"damage":22.0,"enemies":"Lagavulin","floor":13.0,"turns":5.0},{"damage":18.0,"enemies":"Slime Boss","floor":16.0,"turns":8.0},{"damage":23.0,"enemies":"2 Thieves","floor":18.0,"turns":3.0},{"damage":12.0,"enemies":"3 Byrds","floor":20.0,"turns":3.0},{"damage":18.0,"enemies":"Shelled Parasite and Fungi","floor":21.0,"turns":2.0},{"damage":6.0,"enemies":"3 Cultists","floor":22.0,"turns":3.0},{"damage":22.0,"enemies":"Slavers","floor":23.0,"turns":3.0},{"damage":9.0,"enemies":"Cultist and Chosen","floor":24.0,"turns":4.0},{"damage":0.0,"enemies":"Chosen and Byrds","floor":25.0,"turns":2.0},{"damage":0.0,"enemies":"Centurion and Healer","floor":27.0,"turns":2.0},{"damage":6.0,"enemies":"Shelled Parasite and Fungi","floor":29.0,"turns":2.0},{"damage":5.0,"enemies":"Book of Stabbing","floor":31.0,"turns":2.0},{"damage":30.0,"enemies":"Collector","floor":33.0,"turns":5.0},{"damage":4.0,"enemies":"3 Shapes","floor":35.0,"turns":1.0},{"damage":13.0,"enemies":"3 Darklings","floor":38.0,"turns":3.0},{"damage":21.0,"enemies":"Spire Growth","floor":39.0,"turns":3.0},{"damage":53.0,"enemies":"Reptomancer","floor":40.0,"turns":4.0},{"damage":0.0,"enemies":"Transient","floor":41.0,"turns":5.0},{"damage":26.0,"enemies":"Giant Head","floor":44.0,"turns":5.0},{"damage":8.0,"enemies":"Sphere and 2 Shapes","floor":48.0,"turns":3.0},{"damage":72,"enemies":"Donu and Deca","floor":50,"turns":6}],"seed_played":"5565196298591151917","potions_obtained":[{"floor":1.0,"key":"PowerPotion"},{"floor":3.0,"key":"ColorlessPotion"},{"floor":7.0,"key":"Energy Potion"},{"floor":11.0,"key":"LiquidBronze"},{"floor":16.0,"key":"Explosive Potion"},{"floor":20.0,"key":"EntropicBrew"},{"floor":27.0,"key":"Energy Potion"},{"floor":29.0,"key":"EssenceOfSteel"},{"floor":35.0,"key":"SpeedPotion"},{"floor":41.0,"key":"Explosive Potion"}],"is_trial":false,"path_per_floor":["M","M","M","M","M","R","E","R","T","E","M","?","E","?","R","B",null,"M","$","M","M","M","E","M","M","T","M","?","M","T","E","R","B",null,"M","$","?","M","M","E","M","R","T","E","?","R","?","M","R","B",null],"character_chosen":"IRONCLAD","items_purchased":["Twin Strike+1","Mind Blast+1","Flex","Wild Strike+1","Shrug It Off","Shockwave"],"campfire_rested":2,"item_purchase_floors":[19,19,19,36,36,36],"current_hp_per_floor":[79,80,80,67,67,67,33,33,43,33,31,31,15,15,42,30,90,73,73,67,55,55,39,36,60,60,66,50,50,50,51,51,27,90,90,90,79,72,57,10,16,43,43,23,23,23,96,94,94,33],"gold":724,"neow_bonus":"RANDOM_COLORLESS","is_daily":false,"chose_seed":false,"campfire_upgraded":5,"win_rate":0.0,"timestamp":1609411017,"path_taken":["M","M","M","M","M","R","E","R","T","E","M","?","E","?","R","BOSS","M","$","M","M","M","E","M","M","T","M","?","M","?","E","R","BOSS","M","$","?","M","M","E","M","R","T","E","?","R","?","M","R","BOSS"],"items_purchased_type":["Card","Card","Card","Card","Card","Card"],"build_version":"2020-12-22","purchased_purges":0,"victory":true,"max_hp_per_floor":[80,80,80,80,80,80,80,80,90,90,90,90,90,90,90,90,90,90,90,90,90,90,90,90,90,90,90,90,90,90,90,90,90,90,90,90,90,90,90,90,90,90,90,90,90,90,96,96,96,96],"card_choices":[{"not_picked":["Panacea","Dark Shackles"],"picked":"Mind Blast","floor":0.0},{"not_picked":["Dual Wield","Anger"],"picked":"Perfected Strike","floor":1.0},{"not_picked":["Burning Pact","Body Slam"],"picked":"Reckless Charge","floor":2.0},{"not_picked":["Dropkick","Heavy Blade"],"picked":"Armaments","floor":3.0},{"not_picked":["Rampage","Iron Wave"],"picked":"Seeing Red","floor":4.0},{"not_picked":["Rupture","Entrench"],"picked":"Cleave","floor":5.0},{"not_picked":["Disarm","Exhume"],"picked":"Twin Strike","floor":7.0},{"not_picked":["Warcry","Twin Strike"],"picked":"Pommel Strike","floor":10.0},{"not_picked":["Body Slam","Thunderclap"],"picked":"Twin Strike","floor":11.0},{"not_picked":["Berserk","Bloodletting"],"picked":"Twin Strike+1","floor":13.0},{"not_picked":["Berserk","Exhume"],"picked":"Bludgeon+1","floor":16.0},{"not_picked":["Body Slam+1","True Grit"],"picked":"Headbutt+1","floor":18.0},{"not_picked":["Reckless Charge+1","Sword Boomerang+1"],"picked":"Flex+1","floor":20.0},{"not_picked":["Havoc","Shrug It Off"],"picked":"Pommel Strike+1","floor":21.0},{"not_picked":["True Grit","Combust+1"],"picked":"Clothesline+1","floor":22.0},{"not_picked":["Iron Wave+1","Blood for Blood+1"],"picked":"Twin Strike+1","floor":23.0},{"not_picked":["Rampage+1","Body Slam+1"],"picked":"Battle Trance","floor":24.0},{"not_picked":["Sword Boomerang+1","Battle Trance+1"],"picked":"Pommel Strike+1","floor":25.0},{"not_picked":["Clothesline+1","Battle Trance"],"picked":"Perfected Strike+1","floor":27.0},{"not_picked":["Anger+1","Hemokinesis+1"],"picked":"Flex","floor":29.0},{"not_picked":["Exhume","Clothesline+1"],"picked":"Evolve","floor":31.0},{"not_picked":["Juggernaut","Double Tap"],"picked":"Bludgeon+1","floor":33.0},{"not_picked":["Havoc+1","Ghostly Armor"],"picked":"Spot Weakness+1","floor":35.0},{"not_picked":["Body Slam+1","Carnage+1"],"picked":"Sever Soul+1","floor":38.0},{"not_picked":["Clash+1","Spot Weakness"],"picked":"Headbutt+1","floor":39.0},{"not_picked":["Metallicize+1","Dark Embrace+1"],"picked":"Double Tap","floor":40.0},{"not_picked":["Havoc","Shrug It Off","Feel No Pain+1"],"picked":"SKIP","floor":41.0},{"not_picked":["Sever Soul+1","Second Wind+1"],"picked":"Pommel Strike+1","floor":44.0},{"not_picked":["Whirlwind+1","Body Slam+1"],"picked":"Heavy Blade+1","floor":48.0}],"player_experience":66423,"relics_obtained":[{"floor":7.0,"key":"Nunchaku"},{"floor":9.0,"key":"Pear"},{"floor":10.0,"key":"Pocketwatch"},{"floor":13.0,"key":"Molten Egg 2"},{"floor":23.0,"key":"Darkstone Periapt"},{"floor":26.0,"key":"Lantern"},{"floor":28.0,"key":"Enchiridion"},{"floor":30.0,"key":"Ancient Tea Set"},{"floor":31.0,"key":"Calipers"},{"floor":40.0,"key":"Toy Ornithopter"},{"floor":43.0,"key":"Bag of Preparation"},{"floor":44.0,"key":"Bottled Flame"}],"event_choices":[{"damage_healed":0.0,"max_hp_gain":0.0,"max_hp_loss":0.0,"gold_gain":0.0,"event_name":"Golden Idol","player_choice":"Take Wound","floor":12.0,"gold_loss":0.0,"damage_taken":0.0,"relics_obtained":["Golden Idol"],"cards_obtained":["Injury"]},{"damage_healed":0.0,"max_hp_gain":0.0,"max_hp_loss":0.0,"gold_gain":0.0,"cards_transformed":["Defend_R"],"event_name":"Transmorgrifier","player_choice":"Transformed","floor":14.0,"gold_loss":0.0,"damage_taken":0.0,"cards_obtained":["Berserk"]},{"damage_healed":0.0,"max_hp_gain":0.0,"max_hp_loss":0.0,"gold_gain":0.0,"event_name":"Cursed Tome","player_choice":"Obtained Book","floor":28.0,"gold_loss":0.0,"damage_taken":16.0},{"damage_healed":0.0,"max_hp_gain":0.0,"max_hp_loss":0.0,"gold_gain":0.0,"event_name":"Winding Halls","player_choice":"Embrace Madness","floor":37.0,"gold_loss":0.0,"damage_taken":11.0,"cards_obtained":["Madness","Madness"]},{"cards_removed":["Strike_R"],"damage_healed":0.0,"max_hp_gain":0.0,"max_hp_loss":0.0,"gold_gain":0.0,"event_name":"Falling","player_choice":"Removed Attack","floor":45.0,"gold_loss":0.0,"damage_taken":0.0},{"damage_healed":67.0,"max_hp_gain":0.0,"max_hp_loss":0.0,"gold_gain":0.0,"event_name":"MindBloom","player_choice":"Heal","floor":47.0,"gold_loss":0.0,"damage_taken":0.0,"cards_obtained":["Doubt"]}],"is_beta":false,"boss_relics":[{"not_picked":["Sozu","Philosopher\u0027s Stone"],"picked":"Velvet Choker"},{"not_picked":["Empty Cage","Snecko Eye"],"picked":"Mark of Pain"}],"items_purged_floors":[],"is_endless":false,"potions_floor_spawned":[1,3,7,11,16,20,23,24,27,29,35,41],"ascension_level":4}}