{"host":"9pqy5lt7vda52ebm","time":1609376216,"event":{"mods":["BaseMod","Minty Spire (QoL Compilation)","Optimize The Spire","Quick Restart","StSLib","The Marked"],"gold_per_floor":[119,69,69,18,34,64,64,93,117,149,149,74,74,93,93,191,191,210,210,243,243,243,243,276,276,276,311,326,352,370,469,469,565,565,575,588,311,323,341,370,370,399,424,458,473,473,523,114,114,114],"floor_reached":51,"playtime":11969,"items_purged":["theMarked:Defend","Writhe","theMarked:Defend"],"score":1283,"play_id":"9904e5bb-fe98-4206-8e12-a2152d13054d","local_time":"20201230195656","is_ascension_mode":true,"campfire_choices":[{"data":"theMarked:ComboAttacks","floor":7.0,"key":"SMITH"},{"data":"theMarked:TwofoldDefense","floor":11.0,"key":"SMITH"},{"data":"theMarked:ThrowWeapon","floor":13.0,"key":"SMITH"},{"data":"theMarked:Panic","floor":15.0,"key":"SMITH"},{"data":"theMarked:Parry","floor":23.0,"key":"SMITH"},{"data":"theMarked:RepellingDischarge","floor":25.0,"key":"SMITH"},{"data":"theMarked:SummonStrength","floor":32.0,"key":"SMITH"},{"data":"theMarked:Parry","floor":41.0,"key":"SMITH"},{"data":"theMarked:Levitate","floor":46,"key":"SMITH"},{"data":"theMarked:TwofoldDefense","floor":49,"key":"SMITH"}],"circlet_count":0,"master_deck":["theMarked:Strike+1","theMarked:Strike+1","theMarked:SoldierOfQuellstein+1","theMarked:ComboAttacks+1","theMarked:SwordAndMagic+1","theMarked:TwofoldDefense+1","theMarked:ThrowWeapon+1","theMarked:Panic+1","theMarked:SwordAndMagic","theMarked:TwofoldDefense","theMarked:EternalStudent+1","theMarked:Parry+1","theMarked:RepellingDischarge+1","theMarked:SummonStrength+1","theMarked:SelfDefenseTraining+1","theMarked:Generate","theMarked:TwofoldDefense+1","theMarked:DispelDoubt","theMarked:Levitate+1","theMarked:SelfDefenseTraining+1","theMarked:Challenge+1","theMarked:ComboAttacks+1","theMarked:Parry+1","theMarked:Parry+1","theMarked:Parry+1","theMarked:Improvise+1"],"relics":["theMarked:ArtifactOfAir","NeowsBlessing","Bag of Preparation","MealTicket","Whetstone","Oddly Smooth Stone","theMarked:Eyepatch","Juzu Bracelet","Red Mask","The Courier","Frozen Egg 2","Lantern","Strawberry","Astrolabe","Bottled Lightning","Bird Faced Urn","TungstenRod","Boot","Regal Pillow","FossilizedHelix","Chemical X","Eternal Feather"],"acts_visited":["Exordium","TheCity","TheBeyond"],"potions_floor_usage":[],"damage_taken":[{"damage":0.0,"enemies":"2 Louse","floor":1.0,"turns":1.0},{"damage":0.0,"enemies":"Jaw Worm","floor":5.0,"turns":1.0},{"damage":0.0,"enemies":"Lagavulin","floor":6.0,"turns":1.0},{"damage":5.0,"enemies":"3 Sentries","floor":8.0,"turns":8.0},{"damage":12.0,"enemies":"Lagavulin","floor":10.0,"turns":5.0},{"damage":0.0,"enemies":"Cultist","floor":14.0,"turns":3.0},{"damage":0.0,"enemies":"Slime Boss","floor":16.0,"turns":7.0},{"damage":0.0,"enemies":"Shell Parasite","floor":18.0,"turns":5.0},{"damage":0.0,"enemies":"Masked Bandits","floor":20.0,"turns":4.0},{"damage":24.0,"enemies":"Slavers","floor":24.0,"turns":7.0},{"damage":2.0,"enemies":"Book of Stabbing","floor":27.0,"turns":5.0},{"damage":0.0,"enemies":"Chosen","floor":28.0,"turns":2.0},{"damage":8.0,"enemies":"Gremlin Leader","floor":29.0,"turns":7.0},{"damage":0.0,"enemies":"Snake Plant","floor":30.0,"turns":2.0},{"damage":16.0,"enemies":"Champ","floor":33.0,"turns":13.0},{"damage":20.0,"enemies":"3 Darklings","floor":35.0,"turns":8.0},{"damage":5.0,"enemies":"Orb Walker","floor":36.0,"turns":2.0},{"damage":0.0,"enemies":"4 Shapes","floor":38.0,"turns":3.0},{"damage":0.0,"enemies":"Spire Growth","floor":39.0,"turns":5.0},{"damage":3.0,"enemies":"Giant Head","floor":40.0,"turns":6.0},{"damage":0.0,"enemies":"Nemesis","floor":42.0,"turns":3.0},{"damage":0.0,"enemies":"Reptomancer","floor":44.0,"turns":5.0},{"damage":0,"enemies":"Transient","floor":45,"turns":5},{"damage":0,"enemies":"Mind Bloom Boss Battle","floor":47,"turns":6},{"damage":0,"enemies":"Donu and Deca","floor":50,"turns":7}],"seed_played":"-6116280477762512","potions_obtained":[{"floor":5.0,"key":"DistilledChaos"},{"floor":8.0,"key":"Strength Potion"},{"floor":14.0,"key":"AttackPotion"},{"floor":18.0,"key":"Block Potion"},{"floor":27.0,"key":"LiquidBronze"},{"floor":28.0,"key":"BlessingOfTheForge"},{"floor":33.0,"key":"Swift Potion"},{"floor":38.0,"key":"GamblersBrew"},{"floor":40.0,"key":"FearPotion"},{"floor":47,"key":"DistilledChaos"}],"is_trial":false,"path_per_floor":["M","?","?","$","M","E","R","E","T","E","R","$","R","M","R","B",null,"M","?","?","?","?","R","E","R","T","E","M","E","M","?","R","B",null,"M","M","$","M","M","E","R","E","T","E","M","R","?","$","R","B",null],"character_chosen":"THE_DEFAULT","items_purchased":["theMarked:SwordAndMagic","Bottled Lightning","Chemical X","Eternal Feather"],"campfire_rested":0,"item_purchase_floors":[4,37,48,48],"current_hp_per_floor":[63,63,49,49,49,49,49,44,44,32,32,47,47,47,47,47,64,64,64,64,64,64,64,40,40,40,38,38,37,37,37,37,21,63,43,38,53,53,53,50,50,52,52,58,62,62,68,77,77,77],"gold":114,"neow_bonus":"THREE_ENEMY_KILL","is_daily":false,"chose_seed":false,"campfire_upgraded":10,"win_rate":0.0,"timestamp":1609376216,"path_taken":["M","?","?","?","M","E","R","E","T","E","R","$","R","?","R","BOSS","M","?","?","?","?","R","E","R","T","E","M","E","M","?","R","BOSS","M","M","$","M","M","E","R","E","T","E","M","R","?","$","R","BOSS"],"items_purchased_type":["Card","Relic","Relic","Relic"],"build_version":"2020-12-22","purchased_purges":3,"victory":true,"max_hp_per_floor":[70,70,70,70,70,70,70,70,70,70,70,70,70,70,70,70,70,70,70,70,70,70,70,70,70,70,70,70,77,77,77,77,77,77,77,77,77,77,77,77,77,77,77,77,77,77,77,77,77,77],"card_choices":[{"not_picked":["theMarked:ResourceFulStrike","theMarked:DeterminationOfTheMarked","theMarked:ComboAttacks"],"picked":"SKIP","floor":1.0},{"not_picked":["theMarked:ResourceFulStrike","theMarked:DeterminationOfTheMarked"],"picked":"theMarked:ComboAttacks","floor":1.0},{"not_picked":["theMarked:Panic","theMarked:Frustration"],"picked":"theMarked:TwofoldDefense","floor":5.0},{"not_picked":["theMarked:Aftermath","theMarked:KeepCalmAndFightOn"],"picked":"theMarked:ThrowWeapon","floor":6.0},{"not_picked":["theMarked:Static","theMarked:Frustration"],"picked":"theMarked:Panic","floor":8.0},{"not_picked":["theMarked:HeritageOfTheMarked","theMarked:WastefulAttack"],"picked":"theMarked:SwordAndMagic","floor":10.0},{"not_picked":["theMarked:Electrocute","theMarked:ComboAttacks"],"picked":"theMarked:TwofoldDefense","floor":14.0},{"not_picked":["theMarked:Abjuration","theMarked:MuscleMemory"],"picked":"theMarked:EternalStudent","floor":16.0},{"not_picked":["theMarked:Convert+1","theMarked:Static+1"],"picked":"theMarked:Parry","floor":18.0},{"not_picked":["theMarked:LightningStrikesTwice","theMarked:CreepingChasm"],"picked":"theMarked:RepellingDischarge","floor":20.0},{"not_picked":["theMarked:EnhancedHearing+1","theMarked:HeightenedSenses"],"picked":"theMarked:SelfDefenseTraining+1","floor":24.0},{"not_picked":["theMarked:BanishingStrike","theMarked:Static"],"picked":"theMarked:Generate","floor":27.0},{"not_picked":["theMarked:ContemptForTheProud","theMarked:EnhancedHearing+1"],"picked":"theMarked:TwofoldDefense","floor":28.0},{"not_picked":["theMarked:Aftermath+1","theMarked:Electrify+1"],"picked":"theMarked:DispelDoubt","floor":29.0},{"not_picked":["theMarked:Parkour+1","theMarked:Static","theMarked:WardOff"],"picked":"SKIP","floor":30.0},{"not_picked":["theMarked:EternalStudent","theMarked:FavorableWinds"],"picked":"theMarked:Levitate","floor":33.0},{"not_picked":["theMarked:CreepingChasm+1","theMarked:ParalyzingBlade"],"picked":"theMarked:Parry","floor":35.0},{"not_picked":["theMarked:GodGivenPower+1","theMarked:AttractMetal+1"],"picked":"theMarked:Parry+1","floor":36.0},{"not_picked":["theMarked:TwofoldDefense","theMarked:ResourceFulStrike","theMarked:Indomitable"],"picked":"SKIP","floor":38.0},{"not_picked":["theMarked:TwofoldDefense","theMarked:ResourceFulStrike","theMarked:Indomitable"],"picked":"SKIP","floor":38.0},{"not_picked":["theMarked:ResourceFulStrike+1","theMarked:BanishingWave","theMarked:HeightenedSenses+1"],"picked":"SKIP","floor":39.0},{"not_picked":["theMarked:TwofoldDefense","theMarked:ReduceFriction+1"],"picked":"theMarked:Parry+1","floor":40.0},{"not_picked":["theMarked:ShockingTouch","theMarked:Generate+1","theMarked:EnhancedHearing+1"],"picked":"SKIP","floor":42.0},{"not_picked":["theMarked:ResourceFulStrike","theMarked:WastefulAttack"],"picked":"theMarked:Improvise+1","floor":44.0},{"not_picked":["theMarked:ResourceFulStrike","theMarked:Aftermath+1","theMarked:TakeCover"],"picked":"SKIP","floor":45}],"player_experience":394372,"relics_obtained":[{"floor":6.0,"key":"Bag of Preparation"},{"floor":8.0,"key":"MealTicket"},{"floor":9.0,"key":"Whetstone"},{"floor":10.0,"key":"Oddly Smooth Stone"},{"floor":20.0,"key":"Red Mask"},{"floor":24.0,"key":"The Courier"},{"floor":26.0,"key":"Frozen Egg 2"},{"floor":27.0,"key":"Lantern"},{"floor":29.0,"key":"Strawberry"},{"floor":40.0,"key":"Bird Faced Urn"},{"floor":42.0,"key":"TungstenRod"},{"floor":43.0,"key":"Boot"},{"floor":44.0,"key":"Regal Pillow"},{"floor":47,"key":"FossilizedHelix"}],"event_choices":[{"cards_removed":["theMarked:Strike"],"damage_healed":0.0,"max_hp_gain":0.0,"max_hp_loss":0.0,"gold_gain":0.0,"event_name":"The Cleric","player_choice":"Card Removal","floor":2.0,"gold_loss":50.0,"damage_taken":0.0},{"damage_healed":0.0,"max_hp_gain":0.0,"max_hp_loss":0.0,"gold_gain":0.0,"event_name":"Shining Light","player_choice":"Entered Light","floor":3.0,"gold_loss":0.0,"damage_taken":14.0,"cards_upgraded":["theMarked:SoldierOfQuellstein","theMarked:Strike"]},{"damage_healed":0.0,"max_hp_gain":0.0,"max_hp_loss":0.0,"gold_gain":0.0,"event_name":"The Mausoleum","player_choice":"Opened","floor":19.0,"gold_loss":0.0,"damage_taken":0.0,"relics_obtained":["Juzu Bracelet"],"cards_obtained":["Writhe"]},{"damage_healed":0.0,"max_hp_gain":0.0,"max_hp_loss":0.0,"gold_gain":0.0,"event_name":"Masked Bandits","player_choice":"Fought Bandits","floor":20.0,"gold_loss":0.0,"damage_taken":0.0},{"damage_healed":0.0,"max_hp_gain":0.0,"max_hp_loss":0.0,"gold_gain":0.0,"event_name":"Upgrade Shrine","player_choice":"Upgraded","floor":21.0,"gold_loss":0.0,"damage_taken":0.0,"cards_upgraded":["theMarked:EternalStudent"]},{"damage_healed":0.0,"max_hp_gain":0.0,"max_hp_loss":0.0,"gold_gain":0.0,"cards_transformed":["theMarked:Strike"],"event_name":"Transmorgrifier","player_choice":"Transformed","floor":22.0,"gold_loss":0.0,"damage_taken":0.0,"cards_obtained":["theMarked:SummonStrength"]},{"damage_healed":0.0,"max_hp_gain":0.0,"max_hp_loss":0.0,"gold_gain":99.0,"event_name":"Nest","player_choice":"Stole From Cult","floor":31.0,"gold_loss":0.0,"damage_taken":0.0},{"damage_healed":0,"gold_gain":0,"player_choice":"Fight","damage_taken":0,"max_hp_gain":0,"max_hp_loss":0,"event_name":"MindBloom","floor":47,"gold_loss":0}],"is_beta":false,"boss_relics":[{"not_picked":["Cursed Key","Sozu"],"picked":"theMarked:Eyepatch"},{"not_picked":["Tiny House","SacredBark"],"picked":"Astrolabe"}],"items_purged_floors":[12,37,48],"is_endless":false,"potions_floor_spawned":[5,8,14,18,27,28,33,38,40,47],"ascension_level":7}}