{"host":"mcdusr64esz012l0","time":1609398696,"event":{"mods":["BaseMod","Minty Spire (QoL Compilation)","Relic Stats"],"gold_per_floor":[112,37,56,0,11,42,42,74,74,102,45,62,80,98,98,98,98],"floor_reached":16,"playtime":574,"items_purged":[],"score":244,"play_id":"07dcc3ad-36ab-47d3-bd1b-6cb40d9fc86f","local_time":"20201231021136","is_ascension_mode":true,"campfire_choices":[{"floor":7,"key":"REST"},{"floor":15,"key":"REST"}],"circlet_count":0,"master_deck":["AscendersBane","Strike_R","Strike_R","Strike_R","Strike_R","Defend_R","Defend_R","Defend_R","Defend_R","Bash","Cleave","True Grit","Wild Strike","Bludgeon","Flame Barrier","Shockwave","Second Wind","Shrug It Off","Blood for Blood","True Grit","Fire Breathing"],"relics":["SlaversCollar","Centennial Puzzle","Shuriken","Bag of Marbles","Question Card"],"acts_visited":["Exordium"],"potions_floor_usage":[6],"damage_taken":[{"damage":2,"enemies":"2 Louse","floor":1,"turns":4},{"damage":14,"enemies":"Jaw Worm","floor":3,"turns":4},{"damage":3,"enemies":"Small Slimes","floor":5,"turns":3},{"damage":30,"enemies":"3 Sentries","floor":6,"turns":8},{"damage":8,"enemies":"Gremlin Nob","floor":8,"turns":3},{"damage":5,"enemies":"Lagavulin","floor":10,"turns":5},{"damage":4,"enemies":"2 Fungi Beasts","floor":12,"turns":4},{"damage":8,"enemies":"Lots of Slimes","floor":13,"turns":5},{"damage":8,"enemies":"Large Slime","floor":14,"turns":4},{"damage":8,"enemies":"Slime Boss","floor":16,"turns":4}],"seed_played":"-5486500519993561378","potions_obtained":[{"floor":1,"key":"ElixirPotion"},{"floor":3,"key":"SneckoOil"},{"floor":5,"key":"GamblersBrew"},{"floor":8,"key":"ElixirPotion"},{"floor":12,"key":"LiquidBronze"}],"is_trial":false,"path_per_floor":["M","?","M","$","M","E","R","E","T","E","$","M","M","M","R","B"],"character_chosen":"IRONCLAD","items_purchased":["Wild Strike","Shrug It Off"],"campfire_rested":2,"item_purchase_floors":[4,11],"current_hp_per_floor":[66,66,52,52,49,19,41,33,33,28,28,24,16,8,30,22,22],"gold":98,"neow_bonus":"BOSS_RELIC","is_daily":false,"chose_seed":false,"campfire_upgraded":0,"win_rate":0.0,"timestamp":1609398696,"path_taken":["M","?","M","?","M","E","R","E","T","E","$","M","M","M","R","BOSS"],"items_purchased_type":["Card","Card"],"build_version":"2020-12-22","purchased_purges":0,"victory":false,"max_hp_per_floor":[75,75,75,75,75,75,75,75,75,75,75,75,75,75,75,75,75],"relic_stats":{"Centennial Puzzle":[18],"counters":[10,44],"Shuriken":[3],"Question Card":3,"obtain_stats":[{"SlaversCollar":0,"Centennial Puzzle":6,"Shuriken":8,"Bag of Marbles":9,"Question Card":10,"Burning Blood":0},{"SlaversCollar":0,"Centennial Puzzle":4,"Shuriken":5,"Bag of Marbles":5,"Question Card":6,"Burning Blood":0},{"SlaversCollar":0,"Centennial Puzzle":19,"Shuriken":22,"Bag of Marbles":22,"Question Card":27,"Burning Blood":0}]},"card_choices":[{"not_picked":["Dark Embrace","Havoc"],"picked":"Cleave","floor":1},{"not_picked":["Body Slam","Rampage"],"picked":"True Grit","floor":3},{"not_picked":["Clash","Shrug It Off"],"picked":"Bludgeon","floor":5},{"not_picked":["Metallicize","Burning Pact"],"picked":"Flame Barrier","floor":6},{"not_picked":["Headbutt","Clash"],"picked":"Shockwave","floor":8},{"not_picked":["Flex","Armaments"],"picked":"Second Wind","floor":10},{"not_picked":["Carnage","Cleave","Sentinel"],"picked":"Blood for Blood","floor":12},{"not_picked":["Twin Strike","Dual Wield","Perfected Strike"],"picked":"True Grit","floor":13},{"not_picked":["True Grit","Wild Strike","Iron Wave"],"picked":"Fire Breathing","floor":14}],"player_experience":1025189,"relics_obtained":[{"floor":6,"key":"Centennial Puzzle"},{"floor":8,"key":"Shuriken"},{"floor":9,"key":"Bag of Marbles"},{"floor":10,"key":"Question Card"}],"event_choices":[{"cards_removed":["Strike_R"],"damage_healed":0,"gold_gain":0,"player_choice":"Card Removal","damage_taken":0,"max_hp_gain":0,"max_hp_loss":0,"event_name":"The Cleric","floor":2,"gold_loss":75}],"is_beta":false,"boss_relics":[],"items_purged_floors":[],"is_endless":false,"potions_floor_spawned":[1,3,5,8,12],"killed_by":"Slime Boss","ascension_level":20}}