{"host":"oc5h2hqz0xgb0igf","time":1609389841,"event":{"mods":["AchievementEnabler","BaseMod","Card Forge","Colored Map","Colored Powertips","Minty Spire (QoL Compilation)","Prisma Mod","Rare Cards Sparkle","StSLib"],"gold_per_floor":[112,128,146,163,163,192,267,297,321,354,365,213,213,251,251,350,350,370,385,398,413,413,413,446,292,292,308,333,380,392,434,446,561,573,599,626,488,508,522,555,555,590,639,639,334,351,383,383,383,383,383,383,87,119,119],"floor_reached":56,"playtime":2503,"items_purged":[],"score":2325,"play_id":"4887495f-71e5-4d3f-a1b5-b4f137ef0c12","local_time":"20201230204401","is_ascension_mode":true,"campfire_choices":[{"floor":13,"key":"RECALL"},{"floor":15,"key":"REST"},{"floor":23,"key":"REST"},{"floor":32,"key":"REST"},{"floor":44,"key":"REST"},{"floor":49,"key":"REST"},{"floor":52,"key":"REST"}],"circlet_count":0,"master_deck":["Catalyst+1","Corpse Explosion+1","Crippling Poison+1","Wraith Form v2+1","Burst+1","Catalyst+1","Wraith Form v2+1","Wraith Form v2+1","LiveForever+1","LiveForever+1","LiveForever+1","Crippling Poison+1","Crippling Poison+1","Burst+1","Bouncing Flask+1","Adrenaline+1","Adrenaline+1"],"relics":["PureWater","Hammer of Thor","Seething Fire","Anvil of the Gods","Snake Skull","TungstenRod","Thread and Needle","The Specimen","CeramicFish","Regal Pillow","Akabeko","Medical Kit","Ancient Tea Set","Busted Crown","Juzu Bracelet","PreservedInsect","Boot","MawBank","Red Mask","Bag of Preparation","Runic Pyramid","Lantern","Kunai","Ornamental Fan","Happy Flower","Ginger","Blue Candle","FossilizedHelix","Letter Opener"],"acts_visited":["Exordium","TheCity","TheBeyond","TheEnding"],"potions_floor_usage":[29,29,39,55,55,55],"damage_taken":[{"damage":0,"enemies":"2 Louse","floor":1,"turns":1},{"damage":0,"enemies":"Small Slimes","floor":2,"turns":1},{"damage":0,"enemies":"Jaw Worm","floor":3,"turns":2},{"damage":0,"enemies":"3 Louse","floor":4,"turns":2},{"damage":0,"enemies":"Lagavulin","floor":6,"turns":2},{"damage":0,"enemies":"3 Sentries","floor":8,"turns":2},{"damage":0,"enemies":"Gremlin Nob","floor":10,"turns":2},{"damage":0,"enemies":"Exordium Thugs","floor":11,"turns":3},{"damage":0,"enemies":"Lagavulin","floor":14,"turns":2},{"damage":0,"enemies":"The Guardian","floor":16,"turns":3},{"damage":0,"enemies":"Spheric Guardian","floor":18,"turns":1},{"damage":0,"enemies":"3 Byrds","floor":19,"turns":3},{"damage":0,"enemies":"Snake Plant","floor":20,"turns":1},{"damage":0,"enemies":"Snecko","floor":21,"turns":1},{"damage":0,"enemies":"Gremlin Leader","floor":24,"turns":3},{"damage":0,"enemies":"3 Cultists","floor":27,"turns":2},{"damage":0,"enemies":"Slavers","floor":28,"turns":2},{"damage":0,"enemies":"Masked Bandits","floor":29,"turns":2},{"damage":0,"enemies":"Book of Stabbing","floor":31,"turns":3},{"damage":0,"enemies":"Automaton","floor":33,"turns":2},{"damage":0,"enemies":"Orb Walker","floor":35,"turns":1},{"damage":0,"enemies":"3 Darklings","floor":36,"turns":1},{"damage":0,"enemies":"Spire Growth","floor":38,"turns":2},{"damage":0,"enemies":"Writhing Mass","floor":39,"turns":1},{"damage":0,"enemies":"Nemesis","floor":40,"turns":1},{"damage":0,"enemies":"Giant Head","floor":42,"turns":3},{"damage":0,"enemies":"4 Shapes","floor":46,"turns":1},{"damage":0,"enemies":"Reptomancer","floor":47,"turns":2},{"damage":0,"enemies":"Donu and Deca","floor":50,"turns":3},{"damage":0,"enemies":"Shield and Spear","floor":54,"turns":2},{"damage":0,"enemies":"The Heart","floor":55,"turns":5}],"seed_played":"153100901957224195","potions_obtained":[{"floor":1,"key":"Strength Potion"},{"floor":2,"key":"Block Potion"},{"floor":3,"key":"Dexterity Potion"},{"floor":11,"key":"Weak Potion"},{"floor":18,"key":"BlessingOfTheForge"},{"floor":24,"key":"SteroidPotion"},{"floor":27,"key":"SpeedPotion"},{"floor":28,"key":"AttackPotion"},{"floor":29,"key":"PowerPotion"},{"floor":39,"key":"Fruit Juice"},{"floor":40,"key":"ColorlessPotion"},{"floor":42,"key":"Block Potion"},{"floor":47,"key":"Energy Potion"}],"is_trial":false,"path_per_floor":["M","M","M","M","?","E","?","E","T","E","M","$","R","E","R","B",null,"M","M","M","M","?","R","E","$","T","M","E","?","$","E","R","B",null,"M","M","$","M","M","E","?","E","T","R","$","M","E","?","R","B",null,"R","$","E","B",null],"character_chosen":"WATCHER","items_purchased":["Medical Kit","PreservedInsect","Lantern","Ginger","FossilizedHelix"],"campfire_rested":6,"item_purchase_floors":[12,25,37,45,53],"current_hp_per_floor":[65,65,65,65,65,65,55,55,55,55,55,55,55,55,72,72,72,72,72,72,72,66,72,72,72,72,72,72,72,72,72,72,72,72,72,72,72,72,77,77,77,77,77,77,77,77,77,77,77,77,77,77,77,77,77],"gold":119,"neow_bonus":"RANDOM_COLORLESS","is_daily":false,"chose_seed":false,"campfire_upgraded":0,"win_rate":0.0,"timestamp":1609389841,"path_taken":["M","M","M","M","?","E","?","E","T","E","?","$","R","E","R","BOSS","M","M","M","M","?","R","E","?","T","M","E","?","$","E","R","BOSS","M","M","$","M","M","E","?","E","T","R","$","M","E","?","R","BOSS","R","$","E","BOSS"],"items_purchased_type":["Relic","Relic","Relic","Relic","Relic"],"build_version":"2020-12-22","purchased_purges":0,"victory":true,"max_hp_per_floor":[72,72,72,72,72,72,72,72,72,72,72,72,72,72,72,72,72,72,72,72,72,72,72,72,72,72,72,72,72,72,72,72,72,72,72,72,72,72,77,77,77,77,77,77,77,77,77,77,77,77,77,77,77,77,77],"card_choices":[{"not_picked":["SignatureMove","SashWhip","CutThroughFate"],"picked":"SKIP","floor":1},{"not_picked":["FlyingSleeves","BowlingBash","Weave"],"picked":"SKIP","floor":2},{"not_picked":["MentalFortress","Consecrate","Halt"],"picked":"SKIP","floor":3},{"not_picked":["Crescendo","Fasting2","WaveOfTheHand"],"picked":"SKIP","floor":4},{"not_picked":["ForeignInfluence","EmptyFist","InnerPeace"],"picked":"SKIP","floor":6},{"not_picked":["ClearTheMind","SignatureMove","EmptyFist"],"picked":"SKIP","floor":8},{"not_picked":["EmptyMind","BowlingBash","Evaluate"],"picked":"SKIP","floor":10},{"not_picked":["FlurryOfBlows","DeceiveReality","Halt"],"picked":"SKIP","floor":11},{"not_picked":["Consecrate","ForeignInfluence"],"picked":"Protect","floor":14},{"not_picked":["Consecrate"],"picked":"SKIP","floor":18},{"not_picked":["Consecrate"],"picked":"SKIP","floor":18},{"not_picked":["Adaptation"],"picked":"SKIP","floor":19},{"not_picked":["Wireheading"],"picked":"SKIP","floor":20},{"not_picked":["Weave+1"],"picked":"SKIP","floor":21},{"not_picked":["Perseverance"],"picked":"SKIP","floor":24},{"not_picked":["Evaluate"],"picked":"SKIP","floor":27},{"not_picked":["Alpha"],"picked":"SKIP","floor":28},{"not_picked":["Pray"],"picked":"SKIP","floor":31},{"not_picked":["Protect"],"picked":"SKIP","floor":35},{"not_picked":["Crescendo+1"],"picked":"SKIP","floor":36},{"not_picked":["CutThroughFate"],"picked":"SKIP","floor":38},{"not_picked":["BowlingBash"],"picked":"SKIP","floor":39},{"not_picked":["Fasting2"],"picked":"SKIP","floor":40},{"not_picked":["Consecrate+1"],"picked":"SKIP","floor":42},{"not_picked":["Devotion"],"picked":"SKIP","floor":46},{"not_picked":["Protect+1"],"picked":"SKIP","floor":47},{"not_picked":["Weave"],"picked":"SKIP","floor":54}],"player_experience":138183,"relics_obtained":[{"floor":6,"key":"CeramicFish"},{"floor":8,"key":"Regal Pillow"},{"floor":10,"key":"Akabeko"},{"floor":14,"key":"Ancient Tea Set"},{"floor":24,"key":"Juzu Bracelet"},{"floor":26,"key":"Boot"},{"floor":28,"key":"MawBank"},{"floor":29,"key":"Red Mask"},{"floor":31,"key":"Bag of Preparation"},{"floor":40,"key":"Kunai"},{"floor":42,"key":"Ornamental Fan"},{"floor":43,"key":"Happy Flower"},{"floor":47,"key":"Blue Candle"},{"floor":54,"key":"Letter Opener"}],"event_choices":[{"damage_healed":0,"gold_gain":0,"player_choice":"Ignored","damage_taken":0,"max_hp_gain":0,"max_hp_loss":0,"event_name":"Shining Light","floor":5,"gold_loss":0},{"damage_healed":0,"gold_gain":75,"player_choice":"Gather Gold","damage_taken":11,"max_hp_gain":0,"max_hp_loss":0,"event_name":"World of Goop","floor":7,"gold_loss":0},{"damage_healed":0,"gold_gain":0,"player_choice":"Damaged","damage_taken":7,"max_hp_gain":0,"max_hp_loss":0,"event_name":"Wheel of Change","floor":22,"gold_loss":0},{"damage_healed":0,"gold_gain":0,"player_choice":"Fought Bandits","damage_taken":0,"max_hp_gain":0,"max_hp_loss":0,"event_name":"Masked Bandits","floor":29,"gold_loss":0},{"damage_healed":0,"gold_gain":0,"player_choice":"Memory 1","damage_taken":0,"max_hp_gain":0,"max_hp_loss":0,"event_name":"SensoryStone","floor":41,"gold_loss":0},{"damage_healed":0,"gold_gain":0,"player_choice":"Got Potions","damage_taken":0,"max_hp_gain":0,"max_hp_loss":0,"event_name":"Lab","floor":48,"gold_loss":0}],"is_beta":false,"boss_relics":[{"not_picked":["SacredBark","Coffee Dripper"],"picked":"Busted Crown"},{"not_picked":["Velvet Choker","Runic Dome"],"picked":"Runic Pyramid"}],"items_purged_floors":[],"is_endless":false,"potions_floor_spawned":[1,2,3,11,18,24,27,28,29,39,40,42,47],"ascension_level":6}}