{"host":"tuvyjqp461ike1dm","time":1609386526,"event":{"mods":["BaseMod","Downfall","Duelist Mod","Minty Spire (QoL Compilation)","Replay The Spire","StSLib","Wandering Minibosses"],"gold_per_floor":[99,118,28,28,46,66,66,98,116,141,141,158,172,204,215,215,215,215],"floor_reached":16,"playtime":2601,"items_purged":["Guardian:Strike_Guardian"],"score":155,"play_id":"3c7ba724-e186-4f8d-8961-1c627ce51171","local_time":"20201230224846","is_ascension_mode":true,"campfire_choices":[{"data":"Guardian:SentryBeam","floor":11,"key":"SMITH"}],"circlet_count":0,"master_deck":["Guardian:Strike_Guardian","Guardian:Strike_Guardian","Guardian:Strike_Guardian","Guardian:Defend_Guardian","Guardian:Defend_Guardian","Guardian:Defend_Guardian","Guardian:Defend_Guardian","Guardian:CurlUp","Guardian:TwinSlam","Guardian:ChargeCore","Guardian:AncientConstruct","Guardian:Preprogram","Guardian:RollAttack","Guardian:SentryBeam+1","Guardian:TimeCapacitor","Guardian:Gem_Blue","Guardian:ChargeCore","Guardian:Gem_Blue","Guardian:PiercingHide"],"relics":["Guardian:ModeShifter","Gambling Chip","Orichalcum","Pear","Frozen Egg 2"],"acts_visited":["Exordium"],"potions_floor_usage":[8,14,16,16],"damage_taken":[{"damage":3,"enemies":"Jaw Worm","floor":2,"turns":4},{"damage":4,"enemies":"downfall:FleeingMerchant","floor":3,"turns":4},{"damage":3,"enemies":"Cultist","floor":5,"turns":4},{"damage":3,"enemies":"Small Slimes","floor":6,"turns":3},{"damage":16,"enemies":"Lagavulin","floor":8,"turns":8},{"damage":17,"enemies":"Exordium Wildlife","floor":9,"turns":6},{"damage":10,"enemies":"3 Sentries","floor":10,"turns":9},{"damage":8,"enemies":"Red Slaver","floor":12,"turns":2},{"damage":6,"enemies":"2 Fungi Beasts","floor":13,"turns":4},{"damage":6,"enemies":"Gremlin Nob","floor":14,"turns":5},{"damage":1,"enemies":"Blue Slaver","floor":15,"turns":3},{"damage":22,"enemies":"downfall:Defect","floor":16,"turns":10}],"seed_played":"5811304376397072478","potions_obtained":[{"floor":5,"key":"hexamod:EctoCoolerPotion"},{"floor":6,"key":"Fire Potion"},{"floor":10,"key":"LifebloodPotion"},{"floor":13,"key":"Strength Potion"},{"floor":14,"key":"Flashbang"},{"floor":15,"key":"Guardian:DefensiveModePotion"}],"is_trial":false,"path_per_floor":["R","M","$","?","M","M","T","E","M","E","R","M","M","E","M","B"],"character_chosen":"GUARDIAN","items_purchased":[],"campfire_rested":0,"item_purchase_floors":[],"current_hp_per_floor":[88,85,81,81,78,75,75,59,42,42,42,34,28,22,21,0,0,0],"gold":215,"neow_bonus":"TEN_PERCENT_HP_BONUS","is_daily":false,"chose_seed":false,"campfire_upgraded":1,"win_rate":0.0,"timestamp":1609386526,"path_taken":["R","M","$","?","?","M","T","E","M","E","R","M","M","E","M","BOSS"],"items_purchased_type":[],"build_version":"2020-12-22","purchased_purges":1,"victory":false,"max_hp_per_floor":[88,88,88,88,88,88,88,88,88,98,98,98,98,98,98,98,98,98],"card_choices":[{"not_picked":["Guardian:Planning","Guardian:Gem_Cyan"],"picked":"Guardian:ChargeCore","floor":2},{"not_picked":["Guardian:Gem_Cyan","Guardian:VentSteam"],"picked":"Guardian:AncientConstruct","floor":3},{"not_picked":["Guardian:PrismaticBeam","Guardian:CrystalBeam"],"picked":"Guardian:Preprogram","floor":5},{"not_picked":["Guardian:TemporalShield","Guardian:Emergency"],"picked":"Guardian:RollAttack","floor":6},{"not_picked":["Guardian:FloatingOrbs","Guardian:CrystalBeam"],"picked":"Guardian:SentryBeam","floor":8},{"not_picked":["Guardian:Gem_Red","Guardian:StasisStrike"],"picked":"Guardian:TimeCapacitor","floor":9},{"not_picked":["Guardian:Gem_Red","Guardian:DonusPower","Guardian:RollAttack"],"picked":"SKIP","floor":10},{"not_picked":["Guardian:ShieldCharger","Guardian:ArmoredProtocol"],"picked":"Guardian:Gem_Blue","floor":12},{"not_picked":["Guardian:Suspension","Guardian:DonusPower"],"picked":"Guardian:ChargeCore","floor":13},{"not_picked":["Guardian:PrismaticBarrier","Guardian:Suspension"],"picked":"Guardian:Gem_Blue","floor":14},{"not_picked":["Guardian:Planning","Guardian:Gem_Cyan"],"picked":"Guardian:PiercingHide","floor":15}],"player_experience":17528,"relics_obtained":[{"floor":7,"key":"Gambling Chip"},{"floor":8,"key":"Orichalcum"},{"floor":10,"key":"Pear"},{"floor":14,"key":"Frozen Egg 2"}],"event_choices":[],"is_beta":false,"boss_relics":[],"items_purged_floors":[3],"is_endless":false,"potions_floor_spawned":[5,6,10,13,14,15],"killed_by":"downfall:Defect","ascension_level":1}}