{"host":"qy7jow5usmjkdnnq","time":1609457123,"event":{"mods":["BaseMod","Colored Map","Downfall","Minty Spire (QoL Compilation)","Permanent Neow","Relic Stats","StSLib"],"gold_per_floor":[99,115,125,139,139,156,156,190,90,101,132,192,192,225,235,235,235],"floor_reached":16,"playtime":1357,"items_purged":[],"score":134,"play_id":"f8066e0c-054e-424a-a866-8171ddc3f2f4","local_time":"20210101002523","is_ascension_mode":true,"campfire_choices":[{"data":"bronze:BugBarrage","floor":1,"key":"SMITH"},{"data":"bronze:BugBarrage","floor":9,"key":"SMITH"},{"data":"bronze:Repulsor","floor":13,"key":"SMITH"}],"circlet_count":0,"master_deck":["bronze:Strike","bronze:Strike","bronze:Defend","bronze:Defend","bronze:Defend","bronze:Replicate","bronze:Goto","bronze:BugBarrage+1","bronze:Repair","bronze:BugBarrage+1","bronze:BuggyMess","bronze:Frontload","bronze:CutThrough","bronze:Repulsor+1","bronze:Shield","bronze:MaxOutput"],"relics":["bronze:BronzeCore","Gremlin Horn","downfall:HeartBlessingBlue","Nunchaku","InkBottle","Juzu Bracelet"],"acts_visited":["Exordium"],"potions_floor_usage":[6,11,12,12,16,16],"damage_taken":[{"damage":0,"enemies":"2 Louse","floor":2,"turns":3},{"damage":0,"enemies":"Cultist","floor":3,"turns":3},{"damage":3,"enemies":"Jaw Worm","floor":4,"turns":3},{"damage":4,"enemies":"Exordium Wildlife","floor":6,"turns":2},{"damage":51,"enemies":"Gremlin Nob","floor":8,"turns":6},{"damage":0,"enemies":"Exordium Thugs","floor":10,"turns":3},{"damage":3,"enemies":"Lagavulin","floor":11,"turns":7},{"damage":19,"enemies":"Lagavulin Event","floor":12,"turns":4},{"damage":32,"enemies":"Gremlin Nob","floor":14,"turns":5},{"damage":3,"enemies":"Blue Slaver","floor":15,"turns":5},{"damage":21,"enemies":"downfall:Defect","floor":16,"turns":6}],"seed_played":"-6086923025510899322","potions_obtained":[{"floor":2,"key":"Swift Potion"},{"floor":3,"key":"Strength Potion"},{"floor":4,"key":"Energy Potion"},{"floor":10,"key":"LiquidMemories"},{"floor":11,"key":"AttackPotion"},{"floor":15,"key":"SkillPotion"}],"is_trial":false,"path_per_floor":["R","M","M","M","?","M","T","E","R","M","E","?","R","E","M","B"],"character_chosen":"THE_AUTOMATON","items_purchased":[],"campfire_rested":0,"item_purchase_floors":[],"current_hp_per_floor":[49,56,63,67,67,66,66,22,32,39,43,31,31,6,10,0,0],"gold":235,"neow_bonus":"TRANSFORM_TWO_CARDS","is_daily":false,"chose_seed":false,"campfire_upgraded":3,"win_rate":0.0,"timestamp":1609457123,"path_taken":["R","M","M","M","?","?","T","E","R","M","E","?","R","E","M","BOSS"],"items_purchased_type":[],"build_version":"2020-12-22","purchased_purges":0,"victory":false,"max_hp_per_floor":[70,70,70,70,70,70,70,70,80,80,80,80,80,80,80,80,80],"relic_stats":{"Nunchaku":[3],"Gremlin Horn":[1,1],"counters":[11,47],"Juzu Bracelet":0,"obtain_stats":[{"Nunchaku":11,"bronze:BronzeCore":0,"Gremlin Horn":8,"downfall:HeartBlessingBlue":9,"Juzu Bracelet":14,"InkBottle":12},{"Nunchaku":7,"bronze:BronzeCore":0,"Gremlin Horn":5,"downfall:HeartBlessingBlue":5,"Juzu Bracelet":9,"InkBottle":8},{"Nunchaku":27,"bronze:BronzeCore":0,"Gremlin Horn":17,"downfall:HeartBlessingBlue":17,"Juzu Bracelet":36,"InkBottle":31}],"InkBottle":[4]},"card_choices":[{"not_picked":["bronze:CloningBeam","bronze:ChildClass","bronze:SearingBeam"],"picked":"SKIP","floor":2},{"not_picked":["bronze:DelayedSlice","bronze:Overheat"],"picked":"bronze:BugBarrage","floor":3},{"not_picked":["bronze:Turbo","bronze:CloningBeam"],"picked":"bronze:BuggyMess","floor":4},{"not_picked":["bronze:OilSpill","bronze:Invalidate"],"picked":"bronze:Frontload","floor":6},{"not_picked":["bronze:Turbo","bronze:HardenedForm"],"picked":"bronze:CutThrough","floor":8},{"not_picked":["bronze:FineTuning","bronze:Repair"],"picked":"bronze:Repulsor","floor":10},{"not_picked":["bronze:BitShift","bronze:Turbo"],"picked":"bronze:Shield","floor":11},{"not_picked":["bronze:BuggyMess","bronze:CloningBeam"],"picked":"bronze:MaxOutput","floor":14},{"not_picked":["bronze:Overload","bronze:BugBarrage","bronze:DelayedGuard"],"picked":"SKIP","floor":15}],"player_experience":572943,"relics_obtained":[{"floor":8,"key":"Gremlin Horn"},{"floor":11,"key":"Nunchaku"},{"floor":12,"key":"InkBottle"},{"floor":14,"key":"Juzu Bracelet"}],"event_choices":[],"is_beta":false,"boss_relics":[],"items_purged_floors":[],"is_endless":false,"potions_floor_spawned":[2,3,4,10,11,15],"killed_by":"downfall:Defect","ascension_level":2}}