{"host":"56ghxnzsglgdq727","time":1609399088,"event":{"mods":["AchievementEnabler","BaseMod","Minty Spire (QoL Compilation)"],"gold_per_floor":[18,28,46,221,241,271,271,298,298,298,316,343,200,180,180,280,280,292,305,319,319,418,418,448,31,31,49,61,61,87,103,103,103,103],"floor_reached":33,"playtime":1266,"items_purged":["Doubt","Compile Driver+1"],"score":312,"play_id":"094e6d41-d3ab-408d-a9c0-159871587e27","local_time":"20201231021808","is_ascension_mode":true,"campfire_choices":[{"data":"Loop","floor":7,"key":"SMITH"},{"data":"Electrodynamics","floor":10,"key":"SMITH"},{"floor":15,"key":"REST"},{"data":"Tempest","floor":23,"key":"SMITH"},{"floor":29,"key":"REST"},{"data":"Creative AI","floor":32,"key":"SMITH"}],"circlet_count":0,"master_deck":["Strike_B","Strike_B","Strike_B","Defend_B","Defend_B","Defend_B","Defend_B","Zap","Loop+1","Electrodynamics+1","Barrage","Sweeping Beam","Self Repair","Core Surge","Sweeping Beam+1","Loop+1","Tempest+1","Capacitor","Creative AI+1"],"relics":["Cracked Core","Torii","Orichalcum","Pantograph","White Beast Statue","Odd Mushroom","Astrolabe","Blue Candle","Question Card","HornCleat","Bronze Scales"],"acts_visited":["Exordium","TheCity"],"potions_floor_usage":[6,6,8,8,16,20,24,27,27,27,28,30,33],"damage_taken":[{"damage":1,"enemies":"Cultist","floor":1,"turns":4},{"damage":1,"enemies":"Small Slimes","floor":2,"turns":3},{"damage":2,"enemies":"Jaw Worm","floor":3,"turns":4},{"damage":2,"enemies":"Lots of Slimes","floor":5,"turns":7},{"damage":9,"enemies":"3 Sentries","floor":6,"turns":10},{"damage":19,"enemies":"Lagavulin","floor":8,"turns":4},{"damage":2,"enemies":"Looter","floor":11,"turns":3},{"damage":1,"enemies":"The Mushroom Lair","floor":12,"turns":2},{"damage":23,"enemies":"The Guardian","floor":16,"turns":13},{"damage":12,"enemies":"Spheric Guardian","floor":18,"turns":4},{"damage":1,"enemies":"Chosen","floor":19,"turns":4},{"damage":32,"enemies":"Shelled Parasite and Fungi","floor":20,"turns":5},{"damage":29,"enemies":"Slavers","floor":24,"turns":3},{"damage":24,"enemies":"Centurion and Healer","floor":27,"turns":5},{"damage":0,"enemies":"3 Cultists","floor":28,"turns":3},{"damage":10,"enemies":"Gremlin Leader","floor":30,"turns":6},{"damage":2,"enemies":"Snecko","floor":31,"turns":4},{"damage":102,"enemies":"Automaton","floor":33,"turns":10}],"seed_played":"-712608836946897372","potions_obtained":[{"floor":2,"key":"SteroidPotion"},{"floor":3,"key":"LiquidMemories"},{"floor":5,"key":"ColorlessPotion"},{"floor":6,"key":"PowerPotion"},{"floor":11,"key":"SpeedPotion"},{"floor":12,"key":"Dexterity Potion"},{"floor":14,"key":"Ancient Potion"},{"floor":16,"key":"LiquidMemories"},{"floor":18,"key":"Strength Potion"},{"floor":20,"key":"EssenceOfDarkness"},{"floor":24,"key":"AttackPotion"},{"floor":27,"key":"Explosive Potion"},{"floor":28,"key":"EssenceOfDarkness"},{"floor":30,"key":"FairyPotion"},{"floor":31,"key":"Weak Potion"}],"is_trial":false,"path_per_floor":["M","M","M","?","M","E","R","E","T","R","M","?","$","?","R","B",null,"M","M","M","?","?","R","E","$","T","M","M","R","E","M","R","B"],"character_chosen":"DEFECT","items_purchased":["Self Repair","Capacitor","Question Card"],"campfire_rested":2,"item_purchase_floors":[13,25,25],"current_hp_per_floor":[74,73,71,71,69,60,60,41,41,41,39,38,38,38,60,59,75,70,75,50,50,50,50,28,28,28,11,18,40,37,42,42,0,0],"gold":103,"neow_bonus":"ONE_RARE_RELIC","is_daily":false,"chose_seed":false,"campfire_upgraded":4,"win_rate":0.0,"timestamp":1609399088,"path_taken":["M","M","?","?","M","E","R","E","T","R","M","?","$","?","R","BOSS","M","M","?","?","?","R","E","$","T","M","M","R","E","M","R","BOSS"],"items_purchased_type":["Card","Card","Relic"],"build_version":"2020-12-22","purchased_purges":2,"victory":false,"max_hp_per_floor":[75,75,75,75,75,75,75,75,75,75,75,75,75,75,75,75,75,75,75,75,75,75,75,75,75,75,75,75,75,75,75,75,75,75],"card_choices":[{"not_picked":["Go for the Eyes","Barrage"],"picked":"Chill","floor":1},{"not_picked":["Ball Lightning","Steam"],"picked":"Loop","floor":2},{"not_picked":["Scrape","Chaos","Go for the Eyes"],"picked":"SKIP","floor":3},{"not_picked":["Scrape","Compile Driver","Sweeping Beam"],"picked":"SKIP","floor":5},{"not_picked":["Conserve Battery","Rebound","Hello World"],"picked":"SKIP","floor":6},{"not_picked":["White Noise","Streamline"],"picked":"Electrodynamics","floor":8},{"not_picked":["Steam","Compile Driver"],"picked":"Barrage","floor":11},{"not_picked":["Cold Snap","Coolheaded"],"picked":"Sweeping Beam","floor":12},{"not_picked":["Reboot","Rainbow"],"picked":"Core Surge","floor":16},{"not_picked":["Beam Cell+1","Hologram"],"picked":"Tempest","floor":18},{"not_picked":["Genetic Algorithm","Compile Driver","Chill+1"],"picked":"SKIP","floor":19},{"not_picked":["Leap","Stack","Gash"],"picked":"SKIP","floor":20},{"not_picked":["Redo","Sweeping Beam","Darkness"],"picked":"SKIP","floor":24},{"not_picked":["Steam Power","Rebound","Compile Driver","Barrage+1"],"picked":"SKIP","floor":27},{"not_picked":["Beam Cell","Go for the Eyes+1","Recycle+1"],"picked":"Creative AI","floor":28},{"not_picked":["Sweeping Beam+1","Reinforced Body+1","Recycle","Cold Snap"],"picked":"SKIP","floor":30},{"not_picked":["Self Repair","Stack","Beam Cell","Leap"],"picked":"SKIP","floor":31}],"player_experience":68586,"relics_obtained":[{"floor":6,"key":"Orichalcum"},{"floor":8,"key":"Pantograph"},{"floor":9,"key":"White Beast Statue"},{"floor":12,"key":"Odd Mushroom"},{"floor":24,"key":"Blue Candle"},{"floor":26,"key":"HornCleat"},{"floor":30,"key":"Bronze Scales"}],"event_choices":[{"damage_healed":0,"gold_gain":175,"player_choice":"AGREE","damage_taken":0,"max_hp_gain":0,"max_hp_loss":0,"event_name":"Liars Game","floor":4,"gold_loss":0,"cards_obtained":["Doubt"]},{"damage_healed":0,"gold_gain":0,"player_choice":"Fought Mushrooms","damage_taken":0,"max_hp_gain":0,"max_hp_loss":0,"event_name":"Mushrooms","floor":12,"gold_loss":0},{"damage_healed":0,"gold_gain":0,"player_choice":"Bought 1 Potion","damage_taken":0,"max_hp_gain":0,"max_hp_loss":0,"event_name":"The Woman in Blue","floor":14,"gold_loss":0},{"damage_healed":0,"gold_gain":0,"player_choice":"Ignored","damage_taken":0,"max_hp_gain":0,"max_hp_loss":0,"event_name":"Vampires","floor":21,"gold_loss":0},{"damage_healed":0,"gold_gain":99,"player_choice":"Stole From Cult","damage_taken":0,"max_hp_gain":0,"max_hp_loss":0,"event_name":"Nest","floor":22,"gold_loss":0}],"is_beta":false,"boss_relics":[{"not_picked":["Sozu","FrozenCore"],"picked":"Astrolabe"}],"items_purged_floors":[13,25],"is_endless":false,"potions_floor_spawned":[2,3,5,6,11,12,16,18,19,20,24,27,28,30,31],"killed_by":"Automaton","ascension_level":1}}