{"host":"f6w7z8zvb0mi4wy9","time":1609435615,"event":{"mods":["BaseMod","Colored Map","Minty Spire (QoL Compilation)","READ ME - Guardian Mod","StSLib","SuperFastMode","The Bug Knight","The Disciple","The Jungle"],"gold_per_floor":[113,15,31,181,62,62,93,108,108,108,73,100,112,112,112,191,191,201,39,39,56,56,56,82,101,127,127,127],"floor_reached":27,"playtime":502,"items_purged":["Doubt"],"score":508,"play_id":"30d8bfa8-14bb-4928-87a5-7544b65be4c5","local_time":"20210101022655","is_ascension_mode":true,"campfire_choices":[{"data":"Tempest","floor":6,"key":"SMITH"},{"data":"Defragment","floor":10,"key":"SMITH"},{"data":"Zap","floor":15,"key":"SMITH"},{"floor":23,"key":"REST"}],"circlet_count":0,"master_deck":["AscendersBane","Strike_B","Strike_B","Strike_B","Strike_B","Defend_B","Defend_B","Defend_B","Defend_B","Zap+1","Dualcast","Tempest","Dramatic Entrance","Tempest+1","Capacitor","Defragment+1","Go for the Eyes+1","Capacitor","Seek","Redo+1","Conserve Battery","J.A.X.","Hologram","Steam"],"relics":["Cracked Core","NeowsBlessing","Molten Egg 2","Lantern","Odd Mushroom","Lizard Tail","Nuclear Battery","Enchiridion","Happy Flower"],"acts_visited":["Exordium","TheCity"],"potions_floor_usage":[12,19,21],"damage_taken":[{"damage":0,"enemies":"2 Louse","floor":1,"turns":1},{"damage":0,"enemies":"Small Slimes","floor":3,"turns":1},{"damage":0,"enemies":"Gremlin Nob","floor":7,"turns":1},{"damage":12,"enemies":"Jaw Worm","floor":8,"turns":3},{"damage":24,"enemies":"The Mushroom Lair","floor":12,"turns":3},{"damage":0,"enemies":"Large Slime","floor":13,"turns":2},{"damage":36,"enemies":"The Guardian","floor":16,"turns":9},{"damage":6,"enemies":"Spheric Guardian","floor":18,"turns":3},{"damage":13,"enemies":"2 Thieves","floor":21,"turns":3},{"damage":26,"enemies":"Book of Stabbing","floor":24,"turns":3},{"damage":27,"enemies":"Centurion and Healer","floor":25,"turns":5},{"damage":35,"enemies":"Slavers","floor":27,"turns":2}],"seed_played":"-1478925698545223242","potions_obtained":[{"floor":1,"key":"EssenceOfDarkness"},{"floor":8,"key":"BlessingOfTheForge"},{"floor":12,"key":"GamblersBrew"},{"floor":18,"key":"Swift Potion"},{"floor":25,"key":"Ancient Potion"}],"is_trial":false,"path_per_floor":["M","$","M","?","$","R","E","M","T","R","?","?","M","T","R","B",null,"M","$","?","M","?","R","E","M","T","E"],"character_chosen":"DEFECT","items_purchased":["Dramatic Entrance","Capacitor","Fruit Juice","Conserve Battery"],"campfire_rested":1,"item_purchase_floors":[2,5,19,19],"current_hp_per_floor":[64,64,64,64,64,64,64,52,52,52,69,45,45,45,45,9,56,50,55,34,21,21,43,17,34,34,0,0],"gold":127,"neow_bonus":"THREE_ENEMY_KILL","is_daily":false,"chose_seed":false,"campfire_upgraded":3,"win_rate":0.0,"timestamp":1609435615,"path_taken":["M","$","M","?","$","R","E","M","T","R","?","?","M","?","R","BOSS","M","$","?","M","?","R","E","M","T","E"],"items_purchased_type":["Card","Card","Potion","Card"],"build_version":"2020-12-22","purchased_purges":1,"victory":false,"max_hp_per_floor":[71,71,71,71,71,71,71,71,71,71,71,71,71,71,71,71,71,71,76,76,76,76,76,76,76,76,76,76],"card_choices":[{"not_picked":["Darkness","Coolheaded"],"picked":"Tempest","floor":1},{"not_picked":["Rebound","Reprogram"],"picked":"Tempest","floor":3},{"not_picked":["Sweeping Beam+1","Seek"],"picked":"Defragment","floor":7},{"not_picked":["Darkness","Blizzard+1","Skim"],"picked":"SKIP","floor":8},{"not_picked":["Sweeping Beam+1","Turbo"],"picked":"Go for the Eyes+1","floor":12},{"not_picked":["Go for the Eyes+1","Beam Cell+1"],"picked":"Capacitor","floor":13},{"not_picked":["Machine Learning","Hyperbeam+1"],"picked":"Seek","floor":16},{"not_picked":["Stack","Auto Shields"],"picked":"Redo+1","floor":18},{"not_picked":["Compile Driver+1","Redo","Rebound+1"],"picked":"SKIP","floor":21},{"not_picked":["Gash+1","Beam Cell+1"],"picked":"Hologram","floor":24},{"not_picked":["Fusion","Chaos+1"],"picked":"Steam","floor":25}],"player_experience":845191,"relics_obtained":[{"floor":7,"key":"Molten Egg 2"},{"floor":9,"key":"Lantern"},{"floor":12,"key":"Odd Mushroom"},{"floor":14,"key":"Lizard Tail"},{"floor":20,"key":"Enchiridion"},{"floor":24,"key":"Happy Flower"}],"event_choices":[{"damage_healed":0,"gold_gain":150,"player_choice":"AGREE","damage_taken":0,"max_hp_gain":0,"max_hp_loss":0,"event_name":"Liars Game","floor":4,"gold_loss":0,"cards_obtained":["Doubt"]},{"damage_healed":17,"gold_gain":0,"player_choice":"Healed","damage_taken":0,"max_hp_gain":0,"max_hp_loss":0,"event_name":"The Cleric","floor":11,"gold_loss":35},{"damage_healed":0,"gold_gain":0,"player_choice":"Fought Mushrooms","damage_taken":0,"max_hp_gain":0,"max_hp_loss":0,"event_name":"Mushrooms","floor":12,"gold_loss":0},{"damage_healed":0,"gold_gain":0,"player_choice":"Obtained Book","damage_taken":21,"max_hp_gain":0,"max_hp_loss":0,"event_name":"Cursed Tome","floor":20,"gold_loss":0},{"damage_healed":0,"gold_gain":0,"player_choice":"Obtain J.A.X.","damage_taken":0,"max_hp_gain":0,"max_hp_loss":0,"event_name":"Drug Dealer","floor":22,"gold_loss":0,"cards_obtained":["J.A.X."]}],"is_beta":false,"boss_relics":[{"not_picked":["Ectoplasm","Busted Crown"],"picked":"Nuclear Battery"}],"items_purged_floors":[5],"is_endless":false,"potions_floor_spawned":[1,8,12,13,18,25],"killed_by":"Slavers","ascension_level":20}}