{"host":"r0egjz7yisbmym81","time":1609397062,"event":{"mods":["Act Like it!","BaseMod","Downfall","Minty Spire (QoL Compilation)","Quick Restart","Relic Stats","Spicy Shops","StSLib"],"gold_per_floor":[99,118,268,268,282,382,382,400,325,342,342,374,130,141,161,161,161],"floor_reached":16,"playtime":889,"items_purged":["Regret"],"score":127,"play_id":"fd6a97fb-84b7-483b-a32c-108157a4b8c9","local_time":"20201231144422","is_ascension_mode":false,"campfire_choices":[{"floor":1,"key":"RECALL"},{"data":"sneckomod:UnknownWeak","floor":9,"key":"SMITH"},{"data":"sneckomod:Unknown","floor":11,"key":"SMITH"}],"circlet_count":0,"master_deck":["sneckomod:Strike","sneckomod:Strike+1","sneckomod:Strike","sneckomod:Defend","sneckomod:Defend","sneckomod:Defend","sneckomod:TailWhip+1","sneckomod:SnekBite+1","sneckomod:Unknown+1","sneckomod:Unknown+1","sneckomod:UnknownClassHEXA_GHOST_PURPLE","Slimebound:Icky","sneckomod:UnknownWeak+1","sneckomod:UnknownExhaust+1","sneckomod:Unknown0Cost+1","sneckomod:TrashToTreasure","sneckomod:UnknownCommonSkill+1","sneckomod:UnknownBlock+1","sneckomod:UnknownCommonAttack+1","sneckomod:QuickBite","sneckomod:UnknownUncommonAttack+1","sneckomod:UnknownUncommonSkill+1"],"relics":["sneckomod:SneckoSoul","sneckomod:UnknownEgg","downfall:HeartBlessingRed","Bag of Marbles"],"acts_visited":["Exordium"],"potions_floor_usage":[16,16],"damage_taken":[{"damage":5,"enemies":"Small Slimes","floor":2,"turns":5},{"damage":13,"enemies":"Cultist","floor":5,"turns":4},{"damage":7,"enemies":"2 Louse","floor":8,"turns":4},{"damage":18,"enemies":"Red Slaver","floor":10,"turns":5},{"damage":14,"enemies":"Gremlin Nob","floor":12,"turns":4},{"damage":19,"enemies":"downfall:FleeingMerchant","floor":13,"turns":4},{"damage":8,"enemies":"Exordium Thugs","floor":14,"turns":3},{"damage":9,"enemies":"Gremlin Gang","floor":15,"turns":5},{"damage":15,"enemies":"downfall:Defect","floor":16,"turns":4}],"seed_played":"-4767519076275961169","potions_obtained":[{"floor":8,"key":"CultistPotion"},{"floor":14,"key":"sneckomod:DiceRollPotion"}],"is_trial":false,"path_per_floor":["R","M","?","?","M","?","T","M","R","M","R","E","$","M","M","B"],"character_chosen":"THE_SNECKO","items_purchased":["sneckomod:UnknownBlock+1","sneckomod:UnknownCommonAttack+1","sneckomod:QuickBite"],"campfire_rested":0,"item_purchase_floors":[13,13,13],"current_hp_per_floor":[99,95,95,95,83,83,83,77,77,60,60,46,30,23,15,0,0],"gold":161,"neow_bonus":"TEN_PERCENT_HP_BONUS","is_daily":false,"chose_seed":false,"campfire_upgraded":2,"win_rate":0.0,"timestamp":1609397062,"path_taken":["R","M","?","?","M","?","T","?","R","M","R","E","$","M","M","BOSS"],"items_purchased_type":["Card","Card","Card"],"build_version":"2020-12-22","purchased_purges":1,"victory":false,"max_hp_per_floor":[99,100,100,100,101,101,101,102,102,103,103,103,106,107,108,108,108],"relic_stats":{"counters":[9,38],"obtain_stats":[{"downfall:HeartBlessingRed":9,"sneckomod:UnknownEgg":7,"Bag of Marbles":12,"sneckomod:SneckoSoul":0},{"downfall:HeartBlessingRed":3,"sneckomod:UnknownEgg":2,"Bag of Marbles":5,"sneckomod:SneckoSoul":0},{"downfall:HeartBlessingRed":13,"sneckomod:UnknownEgg":9,"Bag of Marbles":22,"sneckomod:SneckoSoul":0}]},"card_choices":[{"not_picked":["sneckomod:Nope","sneckomod:WideSting"],"picked":"sneckomod:UnknownClassHEXA_GHOST_PURPLE","floor":2},{"not_picked":["sneckomod:SoulDraw","sneckomod:UnknownCommonSkill"],"picked":"sneckomod:UnknownWeak","floor":5},{"not_picked":["sneckomod:SnakeSap","sneckomod:QuickMove"],"picked":"sneckomod:UnknownExhaust+1","floor":8},{"not_picked":["sneckomod:QuickBite","sneckomod:UnknownVulnerable+1"],"picked":"sneckomod:Unknown0Cost+1","floor":10},{"not_picked":["sneckomod:UnknownCommonSkill+1","sneckomod:UnknownVulnerable+1"],"picked":"sneckomod:TrashToTreasure","floor":12},{"not_picked":["sneckomod:UnknownStrike+1","sneckomod:RainOfDice"],"picked":"sneckomod:UnknownCommonSkill+1","floor":13},{"not_picked":["sneckomod:Unknown1Cost+1","sneckomod:CheapStock"],"picked":"sneckomod:UnknownUncommonAttack+1","floor":14},{"not_picked":["sneckomod:UnknownStrike+1","sneckomod:MasterEye"],"picked":"sneckomod:UnknownUncommonSkill+1","floor":15}],"player_experience":22143,"relics_obtained":[{"floor":7,"key":"sneckomod:UnknownEgg"},{"floor":12,"key":"Bag of Marbles"}],"event_choices":[],"is_beta":false,"boss_relics":[],"items_purged_floors":[13],"is_endless":false,"potions_floor_spawned":[8,14],"killed_by":"downfall:Defect","ascension_level":0}}