{"host":"dhyczjm99amxd3qx","time":1609451080,"event":{"mods":["BaseMod","Colored Map","Googly Eyes","Highlight Path","Minty Spire (QoL Compilation)","Quick Restart","StSLib"],"gold_per_floor":[112,387,404,404,23,23,53,53,128,55,69,103,114,146,146,244,244,259,259,259,259,259,287,287,287,287,314,61,93,68,85,85,85,85],"floor_reached":33,"playtime":1935,"items_purged":["Regret","Writhe"],"score":444,"play_id":"234306b7-a74d-49e1-a648-7629197c2407","local_time":"20201231164440","is_ascension_mode":true,"campfire_choices":[{"data":"Searing Blow","floor":6.0,"key":"SMITH"},{"data":"Searing Blow+1","floor":8.0,"key":"SMITH"},{"data":"Searing Blow+2","floor":15.0,"key":"SMITH"},{"data":"Searing Blow+3","floor":25.0,"key":"SMITH"},{"data":"Searing Blow+4","floor":32.0,"key":"SMITH"}],"circlet_count":0,"master_deck":["Strike_R","Strike_R","Strike_R","Strike_R","Strike_R","Defend_R","Defend_R","Defend_R","Defend_R","Bash","Searing Blow+5","Corruption","Shockwave","Metallicize","Battle Trance","Immolate","Iron Wave","Iron Wave+1","Disarm","Iron Wave"],"relics":["Burning Blood","Bronze Scales","Lantern","Sling","Nunchaku","Pear","Potion Belt","Pen Nib","Coffee Dripper","Red Skull","Ornamental Fan","Peace Pipe","Blood Vial","Art of War","MealTicket","Darkstone Periapt","Toy Ornithopter","Prayer Wheel"],"acts_visited":["Exordium","TheCity"],"potions_floor_usage":[33],"damage_taken":[{"damage":6.0,"enemies":"Jaw Worm","floor":1.0,"turns":4.0},{"damage":14.0,"enemies":"Cultist","floor":3.0,"turns":4.0},{"damage":35.0,"enemies":"3 Sentries","floor":7.0,"turns":7.0},{"damage":0.0,"enemies":"Small Slimes","floor":11.0,"turns":3.0},{"damage":10.0,"enemies":"Lagavulin","floor":12.0,"turns":5.0},{"damage":6.0,"enemies":"Blue Slaver","floor":13.0,"turns":3.0},{"damage":14.0,"enemies":"Gremlin Nob","floor":14.0,"turns":4.0},{"damage":17.0,"enemies":"Slime Boss","floor":16.0,"turns":12.0},{"damage":4.0,"enemies":"Shell Parasite","floor":18.0,"turns":3.0},{"damage":12.0,"enemies":"Gremlin Leader","floor":23.0,"turns":5.0},{"damage":31.0,"enemies":"Slavers","floor":27.0,"turns":5.0},{"damage":2.0,"enemies":"Book of Stabbing","floor":29.0,"turns":4.0},{"damage":15.0,"enemies":"Spheric Guardian","floor":31.0,"turns":4.0},{"damage":86,"enemies":"Automaton","floor":33,"turns":8}],"seed_played":"3534892610042150993","potions_obtained":[{"floor":7.0,"key":"Block Potion"},{"floor":12.0,"key":"Swift Potion"},{"floor":27.0,"key":"BlessingOfTheForge"},{"floor":29.0,"key":"Fire Potion"}],"is_trial":false,"path_per_floor":["M","?","M","?","$","R","E","R","T","$","M","E","M","E","R","B",null,"M","?","?","T","?","E","T","R","T","E","$","E","$","M","R","B"],"character_chosen":"IRONCLAD","items_purchased":["Lantern","Sling","Shockwave","Toy Ornithopter","Iron Wave"],"campfire_rested":0,"item_purchase_floors":[5,5,10,28,30],"current_hp_per_floor":[72,72,64,64,64,64,35,35,45,45,51,47,47,39,39,28,75,77,77,77,77,77,71,71,71,71,48,63,69,84,77,77,0,0],"gold":85,"neow_bonus":"RANDOM_COMMON_RELIC","is_daily":false,"chose_seed":false,"campfire_upgraded":5,"win_rate":0.0,"timestamp":1609451080,"path_taken":["M","?","?","?","?","R","E","R","T","$","M","E","M","E","R","BOSS","M","?","?","?","?","E","?","R","T","E","?","E","$","M","R","BOSS"],"items_purchased_type":["Relic","Relic","Card","Relic","Card"],"build_version":"2020-12-22","purchased_purges":2,"victory":false,"max_hp_per_floor":[80,80,80,80,80,80,80,80,90,90,90,90,90,90,90,90,90,90,90,90,90,90,90,90,90,90,90,90,90,90,90,90,90,90],"card_choices":[{"not_picked":["Twin Strike","Spot Weakness","Rampage"],"picked":"SKIP","floor":1.0},{"not_picked":["Thunderclap","Clothesline"],"picked":"Searing Blow","floor":3.0},{"not_picked":["Twin Strike","Blood for Blood"],"picked":"Corruption","floor":7.0},{"not_picked":["Burning Pact","Searing Blow","Reckless Charge"],"picked":"SKIP","floor":11.0},{"not_picked":["Barricade","Heavy Blade"],"picked":"Metallicize","floor":12.0},{"not_picked":["Twin Strike","Clash","Havoc"],"picked":"SKIP","floor":13.0},{"not_picked":["Hemokinesis","Infernal Blade"],"picked":"Battle Trance","floor":14.0},{"not_picked":["Demon Form","Offering"],"picked":"Immolate","floor":16.0},{"not_picked":["True Grit","Rupture"],"picked":"Iron Wave","floor":18.0},{"not_picked":["Clothesline+1","Wild Strike"],"picked":"Iron Wave+1","floor":23.0},{"not_picked":["Fiend Fire","Perfected Strike"],"picked":"Disarm","floor":27.0},{"not_picked":["Uppercut","Spot Weakness","Headbutt"],"picked":"SKIP","floor":29.0},{"not_picked":["Shrug It Off","Cleave","Havoc"],"picked":"SKIP","floor":31.0},{"not_picked":["Body Slam","Evolve+1","Uppercut"],"picked":"SKIP","floor":31.0}],"player_experience":253938,"relics_obtained":[{"floor":7.0,"key":"Nunchaku"},{"floor":9.0,"key":"Pear"},{"floor":12.0,"key":"Potion Belt"},{"floor":14.0,"key":"Pen Nib"},{"floor":21.0,"key":"Peace Pipe"},{"floor":23.0,"key":"Blood Vial"},{"floor":24.0,"key":"Art of War"},{"floor":26.0,"key":"MealTicket"},{"floor":27.0,"key":"Darkstone Periapt"},{"floor":29.0,"key":"Prayer Wheel"}],"event_choices":[{"damage_healed":0.0,"max_hp_gain":0.0,"max_hp_loss":0.0,"gold_gain":275.0,"event_name":"Golden Shrine","player_choice":"Desecrate","floor":2.0,"gold_loss":0.0,"damage_taken":0.0,"cards_obtained":["Regret"]},{"damage_healed":0.0,"max_hp_gain":0.0,"max_hp_loss":0.0,"gold_gain":0.0,"event_name":"Transmorgrifier","player_choice":"Ignored","floor":4.0,"gold_loss":0.0,"damage_taken":0.0},{"damage_healed":0.0,"max_hp_gain":0.0,"max_hp_loss":0.0,"gold_gain":0.0,"event_name":"Addict","player_choice":"Stole Relic","floor":19.0,"gold_loss":0.0,"damage_taken":0.0,"relics_obtained":["Red Skull"],"cards_obtained":["Shame"]},{"damage_healed":0.0,"max_hp_gain":0.0,"max_hp_loss":0.0,"gold_gain":0.0,"event_name":"The Mausoleum","player_choice":"Opened","floor":20.0,"gold_loss":0.0,"damage_taken":0.0,"relics_obtained":["Ornamental Fan"],"cards_obtained":["Writhe"]},{"cards_removed":["Shame"],"damage_healed":0.0,"max_hp_gain":0.0,"max_hp_loss":0.0,"gold_gain":0.0,"event_name":"Back to Basics","player_choice":"Elegance","floor":22.0,"gold_loss":0.0,"damage_taken":0.0}],"is_beta":false,"boss_relics":[{"not_picked":["Sozu","Snecko Eye"],"picked":"Coffee Dripper"}],"items_purged_floors":[5,28],"is_endless":false,"potions_floor_spawned":[7,12,27,29],"killed_by":"Automaton","ascension_level":8}}