{"host":"fnk117zi8wf5078t","time":1609387214,"event":{"mods":["AchievementEnabler","BaseMod","Colored Map","Minty Spire (QoL Compilation)","Rare Cards Sparkle","SuperFastMode","everything is the same but u backflip on backflip"],"gold_per_floor":[212,230,19,71,106,159,191,191,237,294,327,42,42,67,67,169,169,182,245,245,255,255,255],"floor_reached":22,"playtime":884,"items_purged":["Strike_R"],"score":370,"play_id":"02ed1fd0-c09a-4ec5-8452-b6fbb0218927","local_time":"20201231130014","is_ascension_mode":true,"campfire_choices":[{"data":"HandOfGreed","floor":13.0,"key":"SMITH"},{"data":"Armaments","floor":15.0,"key":"SMITH"}],"circlet_count":0,"master_deck":["AscendersBane","Strike_R","Strike_R","Strike_R","Defend_R","Defend_R","Defend_R","Defend_R","Bash","Infernal Blade","Flame Barrier","HandOfGreed+1","Body Slam","Armaments+1","Armaments","Ghostly Armor","Fire Breathing","Good Instincts","Impervious","Immolate","Body Slam","Writhe"],"relics":["Burning Blood","HornCleat","Red Skull","Matryoshka","SlaversCollar","Dream Catcher"],"acts_visited":["Exordium","TheCity"],"potions_floor_usage":[18],"damage_taken":[{"damage":10.0,"enemies":"Small Slimes","floor":1.0,"turns":3.0},{"damage":0.0,"enemies":"Cultist","floor":2.0,"turns":2.0},{"damage":7.0,"enemies":"2 Louse","floor":4.0,"turns":5.0},{"damage":10.0,"enemies":"Large Slime","floor":5.0,"turns":6.0},{"damage":18.0,"enemies":"Gremlin Nob","floor":6.0,"turns":3.0},{"damage":0.0,"enemies":"Looter","floor":7.0,"turns":4.0},{"damage":0.0,"enemies":"3 Louse","floor":10.0,"turns":5.0},{"damage":13.0,"enemies":"Red Slaver","floor":11.0,"turns":4.0},{"damage":24.0,"enemies":"Lagavulin","floor":14.0,"turns":7.0},{"damage":15,"enemies":"Slime Boss","floor":16,"turns":9},{"damage":51,"enemies":"Chosen","floor":18,"turns":8},{"damage":19,"enemies":"2 Thieves","floor":19,"turns":5},{"damage":9,"enemies":"Shelled Parasite and Fungi","floor":21,"turns":6},{"damage":8,"enemies":"Centurion and Healer","floor":22,"turns":1}],"seed_played":"7809349378251240704","potions_obtained":[{"floor":1.0,"key":"Energy Potion"},{"floor":6.0,"key":"Dexterity Potion"},{"floor":7.0,"key":"SteroidPotion"},{"floor":14.0,"key":"GamblersBrew"},{"floor":21,"key":"CultistPotion"}],"is_trial":false,"path_per_floor":["M","M","$","M","M","E","M","?","T","M","M","$","R","E","R","B",null,"M","M","?","M","M"],"character_chosen":"IRONCLAD","items_purchased":["HandOfGreed","Fruit Juice","Good Instincts"],"campfire_rested":0,"item_purchase_floors":[3,12,12],"current_hp_per_floor":[64,70,70,69,65,53,59,59,59,65,58,63,63,45,45,36,69,24,11,11,8,0,0],"gold":255,"neow_bonus":"HUNDRED_GOLD","is_daily":false,"chose_seed":false,"campfire_upgraded":2,"win_rate":0.0,"timestamp":1609387214,"path_taken":["M","M","$","M","M","E","M","?","T","?","M","$","R","E","R","BOSS","M","M","?","M","M"],"items_purchased_type":["Card","Potion","Card"],"build_version":"2020-12-22","purchased_purges":1,"victory":false,"max_hp_per_floor":[75,75,75,75,75,75,75,75,75,75,75,80,80,80,80,80,80,80,80,80,80,80,80],"card_choices":[{"not_picked":["Reckless Charge","Pommel Strike"],"picked":"Infernal Blade","floor":1.0},{"not_picked":["True Grit","Armaments"],"picked":"Flame Barrier","floor":2.0},{"not_picked":["Havoc","Clash"],"picked":"Body Slam","floor":4.0},{"not_picked":["Perfected Strike","Clash"],"picked":"Armaments","floor":5.0},{"not_picked":["Clash","Fire Breathing"],"picked":"Armaments","floor":6.0},{"not_picked":["Headbutt","Flex"],"picked":"Ghostly Armor","floor":7.0},{"not_picked":["Heavy Blade","Flex"],"picked":"Fire Breathing","floor":10.0},{"not_picked":["True Grit","Flex","Uppercut"],"picked":"SKIP","floor":11.0},{"not_picked":["True Grit","Headbutt"],"picked":"Impervious","floor":14.0},{"not_picked":["Juggernaut","Limit Break"],"picked":"Immolate","floor":16},{"not_picked":["Flex+1","Twin Strike","Havoc"],"picked":"SKIP","floor":18},{"not_picked":["Armaments","Havoc+1"],"picked":"Body Slam","floor":19},{"not_picked":["Clothesline","Sever Soul","Inflame"],"picked":"SKIP","floor":21}],"player_experience":349148,"relics_obtained":[{"floor":6.0,"key":"HornCleat"},{"floor":9.0,"key":"Red Skull"},{"floor":14.0,"key":"Matryoshka"}],"event_choices":[{"cards_removed":["Strike_R"],"damage_healed":0.0,"max_hp_gain":0.0,"max_hp_loss":0.0,"gold_gain":0.0,"event_name":"Purifier","player_choice":"Purged","floor":8.0,"gold_loss":0.0,"damage_taken":0.0},{"damage_healed":0,"gold_gain":0,"player_choice":"Opened","damage_taken":0,"relics_obtained":["Dream Catcher"],"max_hp_gain":0,"max_hp_loss":0,"event_name":"The Mausoleum","floor":20,"gold_loss":0,"cards_obtained":["Writhe"]}],"is_beta":false,"boss_relics":[{"not_picked":["SacredBark","Cursed Key"],"picked":"SlaversCollar"}],"items_purged_floors":[12],"is_endless":false,"potions_floor_spawned":[1,6,7,14,21],"killed_by":"Centurion and Healer","ascension_level":17}}