{"host":"zxkjcgzis4pm3za5","time":1609384023,"event":{"mods":["AchievementEnabler","BaseMod","Colored Map","Colored Powertips","Minty Spire (QoL Compilation)","Quick Restart","RNG Fix","Random Character Button","StSLib"],"gold_per_floor":[216,216,216,61,11,11,37,37,63,63,92,32,48,59,59,155,155,175,201,201,79,92,118,118,135,208,220,249,249,269,269,269,369,369,389,471,277,288,305,339,354,354,379,379,398,433,178,232,232,232,232,232,41,41,41],"floor_reached":54,"playtime":2658,"items_purged":["Strike_B","Strike_B","Strike_B","Defend_B"],"score":1329,"play_id":"9017e3ba-de3f-477f-a640-5417750fdd59","local_time":"20201231083703","is_ascension_mode":true,"campfire_choices":[{"data":"Dualcast","floor":6,"key":"SMITH"},{"data":"Fusion","floor":8,"key":"SMITH"},{"data":"Go for the Eyes","floor":15,"key":"SMITH"},{"floor":24,"key":"REST"},{"floor":29,"key":"RECALL"},{"floor":32,"key":"REST"},{"data":"Meteor Strike","floor":42,"key":"SMITH"},{"floor":49,"key":"REST"},{"data":"Glacier","floor":52,"key":"SMITH"}],"circlet_count":0,"master_deck":["AscendersBane","Defend_B","Defend_B","Defend_B","Zap+1","Dualcast+1","Sweeping Beam","Fusion+1","Ball Lightning","Go for the Eyes+1","Conserve Battery","Meteor Strike+1","Leap","Glacier+1","Beam Cell+1","Seek+1","Reboot+1","Coolheaded+1","Skim+1","BootSequence+1","Tempest+1","Lockon+1","Barrage","Finesse+1"],"relics":["Cracked Core","Meat on the Bone","OrangePellets","The Courier","DataDisk","Unceasing Top","Tiny Chest","Runic Pyramid","Red Mask","Omamori","ClockworkSouvenir","Centennial Puzzle","Toxic Egg 2","Necronomicon","Inserter","Mummified Hand","Medical Kit","Frozen Egg 2","Blood Vial","Boot","Lee\u0027s Waffle","Thread and Needle"],"acts_visited":["Exordium","TheCity","TheBeyond","TheEnding"],"potions_floor_usage":[7,16,23,28],"damage_taken":[{"damage":0,"enemies":"Small Slimes","floor":1,"turns":3},{"damage":21,"enemies":"Gremlin Nob","floor":7,"turns":4},{"damage":25,"enemies":"3 Sentries","floor":11,"turns":6},{"damage":2,"enemies":"2 Louse","floor":13,"turns":2},{"damage":7,"enemies":"Jaw Worm","floor":14,"turns":2},{"damage":18,"enemies":"Hexaghost","floor":16,"turns":10},{"damage":7,"enemies":"Shell Parasite","floor":18,"turns":4},{"damage":44,"enemies":"Masked Bandits","floor":19,"turns":4},{"damage":17,"enemies":"2 Thieves","floor":22,"turns":5},{"damage":10,"enemies":"Gremlin Leader","floor":23,"turns":6},{"damage":0,"enemies":"Centurion and Healer","floor":25,"turns":6},{"damage":3,"enemies":"Chosen and Byrds","floor":27,"turns":5},{"damage":19,"enemies":"Slavers","floor":28,"turns":5},{"damage":0,"enemies":"Shelled Parasite and Fungi","floor":30,"turns":5},{"damage":12,"enemies":"Collector","floor":33,"turns":8},{"damage":56,"enemies":"3 Darklings","floor":35,"turns":6},{"damage":0,"enemies":"Orb Walker","floor":38,"turns":3},{"damage":6,"enemies":"Spire Growth","floor":39,"turns":5},{"damage":14,"enemies":"Reptomancer","floor":40,"turns":5},{"damage":5,"enemies":"Jaw Worm Horde","floor":41,"turns":5},{"damage":10,"enemies":"3 Darklings","floor":45,"turns":5},{"damage":18,"enemies":"Nemesis","floor":46,"turns":11},{"damage":51,"enemies":"2 Orb Walkers","floor":48,"turns":6},{"damage":35,"enemies":"Donu and Deca","floor":50,"turns":8},{"damage":85,"enemies":"Shield and Spear","floor":54,"turns":5}],"seed_played":"6430618168009630310","potions_obtained":[{"floor":1,"key":"SteroidPotion"},{"floor":13,"key":"Block Potion"},{"floor":16,"key":"Strength Potion"},{"floor":22,"key":"SteroidPotion"},{"floor":23,"key":"SteroidPotion"},{"floor":27,"key":"SteroidPotion"},{"floor":28,"key":"Ancient Potion"},{"floor":40,"key":"SpeedPotion"},{"floor":46,"key":"LiquidBronze"}],"is_trial":false,"path_per_floor":["M","?","?","$","?","R","E","R","T","T","E","$","M","M","R","B",null,"M","?","T","$","M","E","R","M","T","M","E","R","M","?","R","B",null,"M","T","$","M","M","E","M","R","T","?","M","E","$","?","R","B",null,"R","$","E"],"character_chosen":"DEFECT","items_purchased":["OrangePellets","ClockworkSouvenir","Medical Kit","Lee\u0027s Waffle","Barrage","Finesse+1"],"campfire_rested":3,"item_purchase_floors":[4,21,37,47,47,53],"current_hp_per_floor":[68,68,56,56,56,56,47,47,47,47,34,34,44,49,49,43,67,60,28,28,28,23,25,47,47,47,44,37,37,49,33,55,43,67,23,23,23,35,41,39,46,46,46,36,40,36,82,43,67,46,73,73,73,0,0],"gold":41,"neow_bonus":"HUNDRED_GOLD","is_daily":false,"chose_seed":false,"campfire_upgraded":5,"win_rate":0.0,"timestamp":1609384023,"path_taken":["M","?","?","$","?","R","E","R","T","?","E","?","?","M","R","BOSS","M","?","?","?","M","E","R","M","T","M","E","R","?","?","R","BOSS","M","?","$","M","M","E","M","R","T","?","M","E","$","?","R","BOSS","R","$","E"],"items_purchased_type":["Relic","Relic","Relic","Relic","Card","Card"],"build_version":"2020-12-22","purchased_purges":4,"victory":false,"max_hp_per_floor":[75,75,75,75,75,75,75,75,75,75,75,75,75,75,75,75,75,75,75,75,75,75,75,75,75,75,75,75,75,75,75,75,75,75,75,75,75,75,75,75,75,75,75,75,75,75,82,82,82,82,82,82,82,82,82],"card_choices":[{"not_picked":["Turbo","Reinforced Body"],"picked":"Sweeping Beam","floor":1},{"not_picked":["Steam Power","Hologram"],"picked":"Fusion","floor":7},{"not_picked":["Stack","Go for the Eyes"],"picked":"Ball Lightning","floor":11},{"not_picked":["Hello World","Steam"],"picked":"Go for the Eyes","floor":13},{"not_picked":["Compile Driver","Auto Shields"],"picked":"Conserve Battery","floor":14},{"not_picked":["Core Surge","Fission"],"picked":"Meteor Strike","floor":16},{"not_picked":["Fusion+1","Ball Lightning+1"],"picked":"Leap","floor":18},{"not_picked":["Scrape","Hologram","Go for the Eyes"],"picked":"SKIP","floor":22},{"not_picked":["Redo+1","Hologram"],"picked":"Glacier","floor":23},{"not_picked":["Rebound","Sweeping Beam"],"picked":"Beam Cell+1","floor":25},{"not_picked":["Turbo","Redo","Steam"],"picked":"SKIP","floor":27},{"not_picked":["Heatsinks","Steam+1","Gash"],"picked":"SKIP","floor":28},{"not_picked":["Redo+1","Genetic Algorithm+1"],"picked":"Seek+1","floor":30},{"not_picked":["Seek+1","Hyperbeam"],"picked":"Reboot+1","floor":33},{"not_picked":["Leap+1","Fusion+1"],"picked":"Coolheaded+1","floor":35},{"not_picked":["Aggregate+1","Fusion+1"],"picked":"Skim+1","floor":38},{"not_picked":["Undo+1","Darkness+1","Coolheaded+1"],"picked":"SKIP","floor":39},{"not_picked":["Undo+1","Darkness+1","Coolheaded+1"],"picked":"SKIP","floor":39},{"not_picked":["Sunder","Skim+1"],"picked":"BootSequence+1","floor":40},{"not_picked":["Darkness+1","FTL+1"],"picked":"Tempest+1","floor":41},{"not_picked":["Aggregate+1","Melter+1"],"picked":"Lockon+1","floor":45},{"not_picked":["Leap+1","FTL","Capacitor+1"],"picked":"SKIP","floor":46}],"player_experience":167686,"relics_obtained":[{"floor":7,"key":"The Courier"},{"floor":9,"key":"DataDisk"},{"floor":10,"key":"Unceasing Top"},{"floor":11,"key":"Tiny Chest"},{"floor":19,"key":"Red Mask"},{"floor":20,"key":"Omamori"},{"floor":23,"key":"Centennial Puzzle"},{"floor":28,"key":"Toxic Egg 2"},{"floor":31,"key":"Necronomicon"},{"floor":36,"key":"Mummified Hand"},{"floor":40,"key":"Frozen Egg 2"},{"floor":43,"key":"Blood Vial"},{"floor":46,"key":"Boot"},{"floor":48,"key":"Thread and Needle"}],"event_choices":[{"damage_healed":0,"gold_gain":0,"player_choice":"Grow","damage_taken":0,"max_hp_gain":0,"max_hp_loss":0,"event_name":"Living Wall","floor":2,"gold_loss":0,"cards_upgraded":["Zap"]},{"damage_healed":0,"gold_gain":0,"player_choice":"Success","damage_taken":12,"relics_obtained":["Meat on the Bone"],"max_hp_gain":0,"max_hp_loss":0,"event_name":"Scrap Ooze","floor":3,"gold_loss":0},{"cards_removed":["Strike_B"],"damage_healed":0,"gold_gain":0,"player_choice":"Card Removal","damage_taken":0,"max_hp_gain":0,"max_hp_loss":0,"event_name":"The Cleric","floor":5,"gold_loss":50},{"damage_healed":0,"gold_gain":0,"player_choice":"Fought Bandits","damage_taken":0,"max_hp_gain":0,"max_hp_loss":0,"event_name":"Masked Bandits","floor":19,"gold_loss":0},{"damage_healed":0,"gold_gain":0,"player_choice":"Obtained Book","damage_taken":16,"max_hp_gain":0,"max_hp_loss":0,"event_name":"Cursed Tome","floor":31,"gold_loss":0},{"damage_healed":0,"gold_gain":0,"player_choice":"Memory 3","damage_taken":10,"max_hp_gain":0,"max_hp_loss":0,"event_name":"SensoryStone","floor":44,"gold_loss":0},{"damage_healed":0,"gold_gain":0,"player_choice":"Fight","damage_taken":0,"max_hp_gain":0,"max_hp_loss":0,"event_name":"Mysterious Sphere","floor":48,"gold_loss":0}],"is_beta":false,"boss_relics":[{"not_picked":["Snecko Eye","Cursed Key"],"picked":"Runic Pyramid"},{"not_picked":["Philosopher\u0027s Stone","Fusion Hammer"],"picked":"Inserter"}],"items_purged_floors":[12,37,47,53],"is_endless":false,"potions_floor_spawned":[1,13,16,22,23,27,28,40,46],"killed_by":"Shield and Spear","ascension_level":11}}