{"host":"stk82ot58bnorhun","time":1609420585,"event":{"mods":["BaseMod","Downfall","Minty Spire (QoL Compilation)","StSLib"],"gold_per_floor":[149,168,182,196,206,232,259,284,284,284,294,294,294,310,328,328,328,328],"floor_reached":16,"playtime":667,"items_purged":[],"score":125,"play_id":"f0564339-7f38-4257-b4de-b4b3e896c00e","local_time":"20201231211625","is_ascension_mode":true,"campfire_choices":[{"floor":1,"key":"RECALL"},{"floor":13,"key":"REST"}],"circlet_count":0,"master_deck":["Guardian:Strike_Guardian","Guardian:Strike_Guardian+1","Guardian:Strike_Guardian","Guardian:Strike_Guardian","Guardian:Defend_Guardian","Guardian:Defend_Guardian","Guardian:Defend_Guardian","Guardian:CurlUp","Guardian:TwinSlam","Guardian:SentryBeam","Guardian:ShieldCharger","Guardian:Gem_Cyan","Guardian:DonusPower","Guardian:TemporalStrike","Guardian:SphericShield","Guardian:Suspension","Guardian:EvasiveProtocol","Guardian:Gem_Yellow"],"relics":["Tiny House","Nunchaku","Lantern","downfall:BrokenWingStatue"],"acts_visited":["Exordium"],"potions_floor_usage":[5,5,6],"damage_taken":[{"damage":0,"enemies":"2 Louse","floor":2,"turns":2},{"damage":0,"enemies":"Small Slimes","floor":3,"turns":3},{"damage":1,"enemies":"Jaw Worm","floor":4,"turns":4},{"damage":2,"enemies":"Gremlin Gang","floor":5,"turns":3},{"damage":11,"enemies":"3 Sentries","floor":6,"turns":7},{"damage":34,"enemies":"Gremlin Nob","floor":8,"turns":5},{"damage":9,"enemies":"3 Louse","floor":11,"turns":4},{"damage":11,"enemies":"Blue Slaver","floor":14,"turns":4},{"damage":6,"enemies":"2 Fungi Beasts","floor":15,"turns":4},{"damage":37,"enemies":"downfall:Silent","floor":16,"turns":12}],"seed_played":"-9161238542969506545","potions_obtained":[{"floor":0,"key":"Fire Potion"},{"floor":3,"key":"champ:CounterPotion"},{"floor":4,"key":"Strength Potion"},{"floor":11,"key":"GamblersBrew"}],"is_trial":false,"path_per_floor":["R","M","M","M","M","E","T","E","?","?","M","?","R","M","M","B"],"character_chosen":"GUARDIAN","items_purchased":[],"campfire_rested":1,"item_purchase_floors":[],"current_hp_per_floor":[85,85,85,84,82,71,71,37,37,37,28,28,53,42,36,0,0,0],"gold":328,"neow_bonus":"BOSS_RELIC","is_daily":false,"chose_seed":false,"campfire_upgraded":0,"win_rate":0.0,"timestamp":1609420585,"path_taken":["R","M","M","M","M","E","T","E","?","?","M","?","R","M","M","BOSS"],"items_purchased_type":[],"build_version":"2020-12-22","purchased_purges":0,"victory":false,"max_hp_per_floor":[85,85,85,85,85,85,85,85,85,85,85,85,85,85,85,85,85,85],"card_choices":[{"not_picked":["Guardian:ChargeCore","Guardian:Gem_Red"],"picked":"Guardian:SentryBeam","floor":0},{"not_picked":["Guardian:VentSteam","Guardian:RollAttack"],"picked":"Guardian:ShieldCharger","floor":2},{"not_picked":["Guardian:ChargeCore","Guardian:Gem_Lightblue"],"picked":"Guardian:Gem_Cyan","floor":3},{"not_picked":["Guardian:PiercingHide","Guardian:Orbwalk"],"picked":"Guardian:Gem_Crimson","floor":4},{"not_picked":["Guardian:PolyBeam","Guardian:CrystalBeam"],"picked":"Guardian:DonusPower","floor":5},{"not_picked":["Guardian:RefractedBeam","Guardian:Incinerate"],"picked":"Guardian:TemporalStrike","floor":6},{"not_picked":["Guardian:Orbwalk","Guardian:ChargeCore"],"picked":"Guardian:SphericShield","floor":8},{"not_picked":["Guardian:Gem_Green","Guardian:RollAttack"],"picked":"Guardian:Suspension","floor":11},{"not_picked":["Guardian:Planning","Guardian:TimeCapacitor"],"picked":"Guardian:EvasiveProtocol","floor":14},{"not_picked":["Guardian:GuardianWhirl","Guardian:Suspension"],"picked":"Guardian:Gem_Yellow","floor":15}],"player_experience":63232,"relics_obtained":[{"floor":6,"key":"Nunchaku"},{"floor":8,"key":"Lantern"}],"event_choices":[{"cards_removed":["Guardian:Defend_Guardian"],"damage_healed":0,"gold_gain":0,"player_choice":"Card Removal","damage_taken":0,"max_hp_gain":0,"max_hp_loss":0,"event_name":"The Cleric","floor":12,"gold_loss":0}],"is_beta":false,"boss_relics":[],"items_purged_floors":[],"is_endless":false,"potions_floor_spawned":[3,4,11],"killed_by":"downfall:Silent","ascension_level":2}}