{"host":"g907ck67u7c3hrs6","time":1609425858,"event":{"mods":["BaseMod","Colored Map","DeckTracker","Highlight Path","Keyboard Shortcuts","Minty Spire (QoL Compilation)","Permanent Neow","Say the Spire","SuperFastMode"],"gold_per_floor":[117,130,130,130,150,150,181,181,181,181,181,192,10,29,29,129,129,141,161,178,194,119,145,145,180,251,166,91,23,38,55,55,160,160,170,188,188,30,30,63,63,78,78,78,91,91,141,173,173,173],"floor_reached":51,"playtime":6030,"items_purged":["Cold Snap"],"score":945,"play_id":"cc1e80bd-04d7-4b76-ab7d-3418c6f3905a","local_time":"20201231234418","daily_mods":["SealedDeck","Colorless Cards","Night Terrors"],"is_ascension_mode":false,"campfire_choices":[{"data":"Defragment","floor":6,"key":"SMITH"},{"data":"Consume","floor":8,"key":"SMITH"},{"data":"Loop","floor":15,"key":"SMITH"},{"data":"Seek","floor":24,"key":"SMITH"},{"data":"Heatsinks","floor":32,"key":"SMITH"},{"data":"Machine Learning","floor":41,"key":"SMITH"},{"floor":49,"key":"DIG"}],"circlet_count":0,"master_deck":["Blizzard+1","Conserve Battery","Turbo","Chill","Consume+1","Gash","Defragment+1","FTL+1","Seek+1","White Noise","Loop+1","Panache","Capacitor+1","Self Repair","Gash","Defragment+1","Heatsinks+1","Machine Learning+1","Magnetism","Gash","Echo Form","Ball Lightning+1","Undo+1","Magnetism","Apotheosis","Static Discharge+1"],"relics":["Cracked Core","Lizard Tail","Darkstone Periapt","Mummified Hand","Bag of Preparation","Sozu","StoneCalendar","Mercury Hourglass","Sundial","Blue Candle","Black Star","MealTicket","Bronze Scales","Strawberry","Shovel","InkBottle","Smiling Mask","Orichalcum"],"acts_visited":["Exordium","TheCity","TheBeyond"],"potions_floor_usage":[50],"damage_taken":[{"damage":0,"enemies":"2 Louse","floor":1,"turns":2},{"damage":2,"enemies":"Small Slimes","floor":2,"turns":3},{"damage":0,"enemies":"Cultist","floor":5,"turns":3},{"damage":0,"enemies":"3 Sentries","floor":7,"turns":6},{"damage":0,"enemies":"Exordium Thugs","floor":12,"turns":3},{"damage":0,"enemies":"3 Louse","floor":14,"turns":3},{"damage":0,"enemies":"Hexaghost","floor":16,"turns":9},{"damage":0,"enemies":"3 Byrds","floor":18,"turns":2},{"damage":3,"enemies":"Shell Parasite","floor":19,"turns":4},{"damage":16,"enemies":"Centurion and Healer","floor":20,"turns":4},{"damage":8,"enemies":"Snecko","floor":21,"turns":4},{"damage":20,"enemies":"Slavers","floor":23,"turns":4},{"damage":3,"enemies":"Book of Stabbing","floor":25,"turns":5},{"damage":12,"enemies":"Snake Plant","floor":30,"turns":3},{"damage":0,"enemies":"Chosen and Byrds","floor":31,"turns":2},{"damage":0,"enemies":"Champ","floor":33,"turns":4},{"damage":15,"enemies":"3 Shapes","floor":35,"turns":3},{"damage":14,"enemies":"Orb Walker","floor":36,"turns":3},{"damage":6,"enemies":"Giant Head","floor":40,"turns":4},{"damage":0,"enemies":"3 Darklings","floor":42,"turns":2},{"damage":0,"enemies":"Writhing Mass","floor":45,"turns":2},{"damage":0,"enemies":"Mind Bloom Boss Battle","floor":47,"turns":3},{"damage":37,"enemies":"Nemesis","floor":48,"turns":5},{"damage":0,"enemies":"Awakened One","floor":50,"turns":4}],"seed_played":"3812408224437425771","potions_obtained":[{"floor":1,"key":"Explosive Potion"},{"floor":12,"key":"DuplicationPotion"},{"floor":14,"key":"FearPotion"}],"is_trial":true,"path_per_floor":["M","M","?","?","M","R","E","R","T","?","T","M","$","M","R","B",null,"M","M","M","M","$","E","R","E","T","?","?","$","M","M","R","B",null,"M","M","?","$","?","E","R","M","T","?","M","?","?","E","R","B",null],"character_chosen":"DEFECT","items_purchased":["Loop","Bag of Preparation","Heatsinks","Echo Form"],"campfire_rested":0,"item_purchase_floors":[13,13,29,38],"current_hp_per_floor":[75,73,73,66,66,66,66,66,66,51,51,51,51,51,51,51,75,75,72,63,62,62,49,49,53,53,53,53,53,48,55,55,62,75,67,60,60,60,60,61,61,68,75,65,75,75,78,51,51,61],"gold":173,"neow_bonus":"","is_daily":false,"chose_seed":false,"campfire_upgraded":6,"win_rate":0.0,"timestamp":1609425858,"path_taken":["M","M","?","?","M","R","E","R","T","?","?","M","?","M","R","BOSS","M","M","M","M","$","E","R","E","T","?","?","?","M","?","R","BOSS","M","M","?","$","?","E","R","M","T","?","M","?","?","E","R","BOSS"],"items_purchased_type":["Card","Relic","Card","Card"],"build_version":"2020-12-22","purchased_purges":1,"victory":true,"max_hp_per_floor":[75,75,75,75,75,75,75,75,75,75,75,75,75,75,75,75,75,75,75,75,75,75,75,75,75,75,75,75,75,75,75,75,75,75,75,75,75,75,71,71,71,71,78,78,78,78,78,78,78,78],"card_choices":[{"not_picked":["Gash","Coolheaded"],"picked":"Defragment","floor":1},{"not_picked":["Compile Driver","Coolheaded"],"picked":"FTL","floor":2},{"not_picked":["Melter","Go for the Eyes","Rebound"],"picked":"SKIP","floor":5},{"not_picked":["Gash","Hologram"],"picked":"Seek","floor":7},{"not_picked":["Scrape","Redo"],"picked":"White Noise","floor":12},{"not_picked":["Redo","Chaos","Reprogram"],"picked":"SKIP","floor":14},{"not_picked":["Chrysalis","Violence"],"picked":"Panache","floor":16},{"not_picked":["Undo","Redo+1"],"picked":"Capacitor+1","floor":18},{"not_picked":["Undo+1","Sunder"],"picked":"Self Repair","floor":19},{"not_picked":["Sweeping Beam","Rebound"],"picked":"Gash","floor":20},{"not_picked":["Conserve Battery+1","Sweeping Beam"],"picked":"Defragment+1","floor":21},{"not_picked":["Leap","Compile Driver+1","Barrage"],"picked":"SKIP","floor":23},{"not_picked":["Steam","Streamline","Dark Shackles"],"picked":"SKIP","floor":25},{"not_picked":["Sweeping Beam+1","Beam Cell"],"picked":"Machine Learning","floor":30},{"not_picked":["Redo","Barrage","Compile Driver"],"picked":"SKIP","floor":31},{"not_picked":["Biased Cognition","Reboot"],"picked":"Magnetism","floor":33},{"not_picked":["Streamline+1","Hologram+1"],"picked":"Gash","floor":35},{"not_picked":["Stack+1","Steam","Turbo"],"picked":"SKIP","floor":36},{"not_picked":["Blind","Steam Power"],"picked":"Ball Lightning+1","floor":40},{"not_picked":["Streamline","Hologram"],"picked":"Undo+1","floor":42},{"not_picked":["Deep Breath","Blind"],"picked":"Magnetism","floor":44},{"not_picked":["Transmutation","Secret Weapon"],"picked":"Apotheosis","floor":44},{"not_picked":["Chill","Leap","Force Field"],"picked":"SKIP","floor":45},{"not_picked":["Chill","Leap","Force Field"],"picked":"SKIP","floor":45},{"not_picked":["Double Energy","Meteor Strike"],"picked":"Static Discharge+1","floor":48}],"player_experience":203647,"relics_obtained":[{"floor":7,"key":"Lizard Tail"},{"floor":9,"key":"Darkstone Periapt"},{"floor":11,"key":"Mummified Hand"},{"floor":23,"key":"StoneCalendar"},{"floor":25,"key":"Mercury Hourglass"},{"floor":26,"key":"Sundial"},{"floor":40,"key":"MealTicket"},{"floor":40,"key":"Bronze Scales"},{"floor":43,"key":"Strawberry"},{"floor":47,"key":"Shovel"},{"floor":48,"key":"InkBottle"},{"floor":48,"key":"Smiling Mask"},{"floor":49,"key":"Orichalcum"}],"event_choices":[{"damage_healed":0,"gold_gain":0,"player_choice":"Ignored","damage_taken":0,"max_hp_gain":0,"max_hp_loss":0,"event_name":"Liars Game","floor":3,"gold_loss":0},{"cards_removed":["Conserve Battery"],"damage_healed":0,"gold_gain":0,"player_choice":"Card Removal","damage_taken":7,"max_hp_gain":0,"max_hp_loss":0,"event_name":"Golden Wing","floor":4,"gold_loss":0},{"damage_healed":0,"gold_gain":0,"player_choice":"Entered Light","damage_taken":15,"max_hp_gain":0,"max_hp_loss":0,"event_name":"Shining Light","floor":10,"gold_loss":0,"cards_upgraded":["FTL","Blizzard"]},{"damage_healed":0,"gold_gain":0,"player_choice":"Obtained Relic","damage_taken":0,"relics_obtained":["Blue Candle"],"max_hp_gain":0,"max_hp_loss":0,"event_name":"Addict","floor":27,"gold_loss":85},{"cards_removed":["Chill"],"damage_healed":0,"gold_gain":0,"player_choice":"Gave Gold","damage_taken":0,"max_hp_gain":0,"max_hp_loss":0,"event_name":"Beggar","floor":28,"gold_loss":75},{"damage_healed":0,"gold_gain":0,"player_choice":"Ignored","damage_taken":0,"max_hp_gain":0,"max_hp_loss":0,"event_name":"Tomb of Lord Red Mask","floor":37,"gold_loss":0},{"damage_healed":0,"gold_gain":0,"player_choice":"Max HP","damage_taken":0,"max_hp_gain":0,"max_hp_loss":4,"event_name":"Winding Halls","floor":39,"gold_loss":0},{"damage_healed":0,"gold_gain":0,"player_choice":"Memory 3","damage_taken":10,"max_hp_gain":0,"max_hp_loss":0,"event_name":"SensoryStone","floor":44,"gold_loss":0},{"cards_removed":["Gash"],"damage_healed":0,"gold_gain":0,"player_choice":"Removed Attack","damage_taken":0,"max_hp_gain":0,"max_hp_loss":0,"event_name":"Falling","floor":46,"gold_loss":0},{"damage_healed":0,"gold_gain":0,"player_choice":"Fight","damage_taken":0,"max_hp_gain":0,"max_hp_loss":0,"event_name":"MindBloom","floor":47,"gold_loss":0}],"is_beta":false,"boss_relics":[{"not_picked":["Calling Bell","Philosopher\u0027s Stone"],"picked":"Sozu"},{"not_picked":["Empty Cage","Snecko Eye"],"picked":"Black Star"}],"items_purged_floors":[22],"is_endless":false,"potions_floor_spawned":[1,12,14,16,18,20,23,31,40,45],"ascension_level":0}}