{"host":"3qkmyeoym75lj4wn","time":1609380230,"event":{"mods":["2.2 Compatiblity","Act Like it!","BaseMod","Bestiary","Block Reminder","Colored Powertips","Highlight Path","Minty Spire (QoL Compilation)","Permanent Neow","Rare Cards Sparkle","Relic Stats","StSLib"],"gold_per_floor":[114,114,130,205,86,116,129,129,129,141,141,175,193,50,50,129,129,139,139,139,151,151,151,176,176,176,176,191,191,33,53,53,127,177,190,210,221,55,74,74,108,108,108,134,134,153,153,170,170,170,170,170],"floor_reached":51,"playtime":2331,"items_purged":["Strike_G","Strike_G"],"score":1520,"play_id":"42209b89-35d5-47ea-bc05-18e0f4208209","local_time":"20201231020350","is_ascension_mode":true,"campfire_choices":[{"data":"Noxious Fumes","floor":8.0,"key":"SMITH"},{"data":"Bouncing Flask","floor":11.0,"key":"SMITH"},{"floor":15.0,"key":"REST"},{"floor":23.0,"key":"REST"},{"data":"Footwork","floor":25.0,"key":"SMITH"},{"data":"Bouncing Flask","floor":27.0,"key":"SMITH"},{"floor":32.0,"key":"REST"},{"floor":40.0,"key":"REST"},{"floor":42.0,"key":"REST"},{"floor":45.0,"key":"RECALL"},{"floor":49.0,"key":"REST"}],"circlet_count":0,"master_deck":["AscendersBane","Strike_G+1","Defend_G","Defend_G+1","Defend_G","Defend_G","Defend_G","Survivor","Neutralize","Crippling Poison+1","Bouncing Flask+1","Noxious Fumes+1","Corpse Explosion","PiercingWail","Backflip","Malaise","Footwork+1","PiercingWail","Bouncing Flask+1","Bullet Time","Cloak And Dagger","Calculated Gamble+1","Adrenaline","Leg Sweep","PiercingWail","Adrenaline"],"relics":["Ring of the Snake","NeowsBlessing","Ornamental Fan","Omamori","Snake Skull","Whetstone","Snecko Eye","Kunai","Lantern","Mummified Hand","Strange Spoon","Tiny House","OrangePellets","Orichalcum","Anchor"],"acts_visited":["Exordium","TheCity","TheBeyond"],"potions_floor_usage":[51],"damage_taken":[{"damage":0.0,"enemies":"2 Louse","floor":1.0,"turns":1.0},{"damage":0.0,"enemies":"Cultist","floor":3.0,"turns":1.0},{"damage":0.0,"enemies":"Gremlin Nob","floor":6.0,"turns":1.0},{"damage":4.0,"enemies":"Small Slimes","floor":7.0,"turns":3.0},{"damage":12.0,"enemies":"Exordium Thugs","floor":10.0,"turns":4.0},{"damage":13.0,"enemies":"Lagavulin","floor":12.0,"turns":6.0},{"damage":0.0,"enemies":"3 Louse","floor":13.0,"turns":2.0},{"damage":27.0,"enemies":"Slime Boss","floor":16.0,"turns":9.0},{"damage":12.0,"enemies":"Shell Parasite","floor":18.0,"turns":5.0},{"damage":0.0,"enemies":"Chosen","floor":21.0,"turns":3.0},{"damage":9.0,"enemies":"Gremlin Leader","floor":24.0,"turns":6.0},{"damage":17.0,"enemies":"Shelled Parasite and Fungi","floor":28.0,"turns":5.0},{"damage":0.0,"enemies":"Snake Plant","floor":31.0,"turns":3.0},{"damage":4.0,"enemies":"Automaton","floor":33.0,"turns":8.0},{"damage":8.0,"enemies":"3 Darklings","floor":35.0,"turns":4.0},{"damage":13.0,"enemies":"3 Shapes","floor":36.0,"turns":5.0},{"damage":1.0,"enemies":"Sphere and 2 Shapes","floor":37.0,"turns":4.0},{"damage":4.0,"enemies":"Jaw Worm Horde","floor":39.0,"turns":3.0},{"damage":47.0,"enemies":"Giant Head","floor":41.0,"turns":8.0},{"damage":0.0,"enemies":"Nemesis","floor":44.0,"turns":7.0},{"damage":4.0,"enemies":"Spire Growth","floor":46.0,"turns":4.0},{"damage":0.0,"enemies":"Sphere and 2 Shapes","floor":48.0,"turns":4.0},{"damage":62.0,"enemies":"Time Eater","floor":50.0,"turns":13.0},{"damage":28,"enemies":"Awakened One","floor":51,"turns":11}],"seed_played":"-5502042160853415745","potions_obtained":[{"floor":1.0,"key":"SteroidPotion"},{"floor":3.0,"key":"Poison Potion"},{"floor":12.0,"key":"LiquidBronze"},{"floor":16.0,"key":"Dexterity Potion"},{"floor":31.0,"key":"SneckoOil"},{"floor":34.0,"key":"FairyPotion"},{"floor":36.0,"key":"PowerPotion"},{"floor":44.0,"key":"Dexterity Potion"}],"is_trial":false,"path_per_floor":["M","?","M","?","$","E","M","R","T","M","R","E","M","$","R","B",null,"M","?","?","M","?","R","E","R","T","R","M","?","$","M","R","B",null,"M","M","M","$","M","R","E","R","T","E","R","M","?","M","R","B","B"],"character_chosen":"THE_SILENT","items_purchased":["Noxious Fumes","Footwork","Strange Spoon","OrangePellets"],"campfire_rested":6,"item_purchase_floors":[5,14,30,38],"current_hp_per_floor":[59,59,59,48,48,48,44,44,44,32,32,19,19,19,38,11,52,40,40,40,40,40,59,50,50,50,50,33,33,33,33,52,48,67,59,46,45,45,41,62,15,36,36,36,36,32,32,32,53,13,0,0],"gold":170,"neow_bonus":"THREE_ENEMY_KILL","is_daily":false,"chose_seed":false,"campfire_upgraded":4,"win_rate":0.0,"timestamp":1609380230,"path_taken":["M","?","?","?","?","E","M","R","T","M","R","E","M","$","R","BOSS","M","?","?","M","?","R","E","R","T","R","?","?","$","M","R","BOSS","M","M","M","$","M","R","E","R","T","E","R","M","?","?","R","BOSS","BOSS"],"items_purchased_type":["Card","Card","Relic","Relic"],"build_version":"2020-12-22","purchased_purges":2,"victory":false,"max_hp_per_floor":[66,66,66,66,66,66,66,66,66,66,66,66,66,66,66,66,66,66,66,66,66,66,66,66,66,66,66,66,66,66,66,66,66,71,71,71,71,71,71,71,71,71,71,71,71,71,71,71,71,71,71,71],"relic_stats":{"Strange Spoon":[45],"OrangePellets":[2],"counters":[24,120],"Ornamental Fan":[0],"Mummified Hand":[37],"Snecko Eye":[194,187,180,167],"Snake Skull":[373],"Whetstone":["Strike_G","Strike_G"],"Kunai":[0],"Orichalcum":[54],"obtain_stats":[{"Lantern":24,"Tiny House":34,"NeowsBlessing":0,"Snake Skull":9,"Omamori":6,"Whetstone":12,"Orichalcum":41,"Strange Spoon":30,"OrangePellets":38,"Anchor":44,"Ornamental Fan":2,"Mummified Hand":26,"Snecko Eye":17,"Kunai":20,"Ring of the Snake":0},{"Lantern":11,"Tiny House":14,"NeowsBlessing":0,"Snake Skull":4,"Omamori":3,"Whetstone":6,"Orichalcum":19,"Strange Spoon":12,"OrangePellets":17,"Anchor":20,"Ornamental Fan":1,"Mummified Hand":11,"Snecko Eye":8,"Kunai":9,"Ring of the Snake":0},{"Lantern":41,"Tiny House":57,"NeowsBlessing":0,"Snake Skull":6,"Omamori":3,"Whetstone":16,"Orichalcum":81,"Strange Spoon":46,"OrangePellets":70,"Anchor":88,"Ornamental Fan":1,"Mummified Hand":41,"Snecko Eye":27,"Kunai":32,"Ring of the Snake":0}],"Ring of the Snake":[48]},"card_choices":[{"not_picked":["Caltrops","Tactician"],"picked":"Crippling Poison","floor":1.0},{"not_picked":["Riddle With Holes","Deflect"],"picked":"Bouncing Flask","floor":3.0},{"not_picked":["Slice","Dodge and Roll"],"picked":"Corpse Explosion","floor":6.0},{"not_picked":["Concentrate","Skewer"],"picked":"PiercingWail","floor":7.0},{"not_picked":["Prepared","Skewer","Reflex"],"picked":"SKIP","floor":10.0},{"not_picked":["Prepared","Blade Dance"],"picked":"Backflip","floor":12.0},{"not_picked":["Bane","Terror"],"picked":"Malaise","floor":13.0},{"not_picked":["Sucker Punch","Finisher","Slice"],"picked":"SKIP","floor":18.0},{"not_picked":["Flechettes","Finisher"],"picked":"PiercingWail","floor":21.0},{"not_picked":["Outmaneuver","Envenom"],"picked":"Cloak And Dagger","floor":24.0},{"not_picked":["Underhanded Strike","Terror","Deadly Poison"],"picked":"SKIP","floor":28.0},{"not_picked":["Backstab","Choke"],"picked":"Calculated Gamble+1","floor":31.0},{"not_picked":["Envenom","Corpse Explosion"],"picked":"Adrenaline","floor":33.0},{"not_picked":["Acrobatics","Deflect","Flying Knee"],"picked":"SKIP","floor":35.0},{"not_picked":["Crippling Poison","PiercingWail"],"picked":"Leg Sweep","floor":36.0},{"not_picked":["Outmaneuver","Dagger Spray","Flying Knee"],"picked":"SKIP","floor":37.0},{"not_picked":["Predator+1","Caltrops"],"picked":"PiercingWail","floor":39.0},{"not_picked":["PiercingWail","Choke+1"],"picked":"Adrenaline","floor":41.0},{"not_picked":["Sucker Punch","Venomology","Cloak And Dagger+1"],"picked":"SKIP","floor":44.0},{"not_picked":["Deflect+1","Backflip","Finisher"],"picked":"SKIP","floor":46.0},{"not_picked":["Acrobatics","Poisoned Stab+1","Dagger Throw"],"picked":"SKIP","floor":48.0}],"player_experience":1614909,"relics_obtained":[{"floor":6.0,"key":"Omamori"},{"floor":9.0,"key":"Snake Skull"},{"floor":12.0,"key":"Whetstone"},{"floor":24.0,"key":"Lantern"},{"floor":26.0,"key":"Mummified Hand"},{"floor":41.0,"key":"Orichalcum"},{"floor":44.0,"key":"Anchor"}],"event_choices":[{"damage_healed":0.0,"max_hp_gain":0.0,"max_hp_loss":0.0,"gold_gain":0.0,"event_name":"WeMeetAgain","player_choice":"Gave Potion","floor":2.0,"gold_loss":0.0,"damage_taken":0.0,"relics_obtained":["Ornamental Fan"]},{"damage_healed":0.0,"max_hp_gain":0.0,"max_hp_loss":0.0,"gold_gain":75.0,"event_name":"World of Goop","player_choice":"Gather Gold","floor":4.0,"gold_loss":0.0,"damage_taken":11.0},{"damage_healed":0.0,"max_hp_gain":0.0,"max_hp_loss":0.0,"gold_gain":0.0,"event_name":"Forgotten Altar","player_choice":"Smashed Altar","floor":19.0,"gold_loss":0.0,"damage_taken":0.0,"cards_obtained":["Decay"]},{"damage_healed":0.0,"max_hp_gain":0.0,"max_hp_loss":0.0,"gold_gain":0.0,"event_name":"The Mausoleum","player_choice":"Opened","floor":20.0,"gold_loss":0.0,"damage_taken":0.0,"relics_obtained":["Kunai"],"cards_obtained":["Writhe"]},{"damage_healed":0.0,"max_hp_gain":0.0,"max_hp_loss":0.0,"gold_gain":0.0,"cards_transformed":["Strike_G","Strike_G"],"event_name":"Drug Dealer","player_choice":"Became Test Subject","floor":22.0,"gold_loss":0.0,"damage_taken":0.0,"cards_obtained":["Bouncing Flask","Bullet Time"]},{"damage_healed":0.0,"max_hp_gain":0.0,"max_hp_loss":0.0,"gold_gain":0.0,"event_name":"Cursed Tome","player_choice":"Ignored","floor":29.0,"gold_loss":0.0,"damage_taken":0.0},{"damage_healed":0.0,"max_hp_gain":0.0,"max_hp_loss":0.0,"gold_gain":0.0,"event_name":"Accursed Blacksmith","player_choice":"Forge","floor":47.0,"gold_loss":0.0,"damage_taken":0.0,"cards_upgraded":["Crippling Poison"]}],"is_beta":false,"boss_relics":[{"not_picked":["Ring of the Serpent","Velvet Choker"],"picked":"Snecko Eye"},{"not_picked":["Coffee Dripper","Runic Dome"],"picked":"Tiny House"}],"items_purged_floors":[5,14],"is_endless":false,"potions_floor_spawned":[1,3,12,16,18,21,31,36,37,44],"killed_by":"Awakened One","ascension_level":20}}