{"host":"r0egjz7yisbmym81","time":1609409796,"event":{"mods":["Act Like it!","BaseMod","Downfall","Minty Spire (QoL Compilation)","Quick Restart","Relic Stats","Spicy Shops","StSLib"],"gold_per_floor":[99,111,111,126,3,3,50,76,95,20,34,19,46,59,76,174,174,174,186,286,297,311,326,406,115,40,50,82,7,7,38,55,155,155,155,169,182,200,226,260,285,342,353,353,371,391,391,401,421,421,421,456,18,18,18],"floor_reached":56,"playtime":4574,"items_purged":["Pain","Slimebound:Defend_Slimebound","Parasite"],"score":1300,"play_id":"2c0c8ac7-125d-4ec1-9ad4-4675f5bf3b9c","local_time":"20201231181636","is_ascension_mode":false,"campfire_choices":[{"floor":1.0,"key":"RECALL"},{"data":"Slimebound:LeadByExample","floor":6.0,"key":"SMITH"},{"floor":10.0,"key":"REST"},{"data":"Slimebound:OneTwoCombo","floor":18.0,"key":"SMITH"},{"data":"Slimebound:OneTwoCombo","floor":26.0,"key":"SMITH"},{"data":"Slimebound:MinionMaster","floor":29.0,"key":"SMITH"},{"floor":35,"key":"REST"},{"floor":44,"key":"REST"},{"floor":47,"key":"REST"},{"floor":54,"key":"REST"}],"circlet_count":0,"master_deck":["Slimebound:Strike_Slimebound","Slimebound:Strike_Slimebound","Slimebound:Strike_Slimebound","Slimebound:Tackle","Slimebound:Defend_Slimebound","Slimebound:Defend_Slimebound","Slimebound:Defend_Slimebound","Slimebound:Split","Slimebound:CorrosiveSpit","Slimebound:LeadByExample+1","Slimebound:GrowthPunch","Slimebound:SplitMire","Slimebound:ProtectTheBoss","Slimebound:SplitAcid","Slimebound:SplitBruiser","Slimebound:Dissolve+1","Slimebound:Repurpose","Slimebound:OneTwoCombo+1","Slimebound:SplitAcid","Slimebound:SlimeSpikes","Slimebound:OneTwoCombo+1","Slimebound:SplitLeeching+1","Slimebound:PressTheAttack+1","Slimebound:PressTheAttack+1","Slimebound:ProtectTheBoss+1","Slimebound:SplitAcid+1","Slimebound:Gluttony","Slimebound:SplitMire","Slimebound:MinionMaster+1","Slimebound:RallyTheTroops","Slimebound:SplitBruiser","Slimebound:ComboTackle+1","Slimebound:MinionMaster","Slimebound:LeechEnergy+1","Slimebound:LeechEnergy+1","Slimebound:MegaLick+1","Slimebound:FirmFortitude","Slimebound:SplitAcid","Slimebound:ProtectTheBoss","Slimebound:SpikyOuterGoop+1","Slimebound:SplitAcid","Slimebound:AcidTongue+1","Slimebound:SplitBruiser+1","Slimebound:SplitLeeching+1","Slimebound:RainOfGoop","Slimebound:SlimeBrawl","Slimebound:Nibble","Slimebound:OneTwoCombo+1","Slimebound:RejuvenatingLick"],"relics":["Slimebound:AbsorbEndCombat","Dream Catcher","Odd Mushroom","downfall:HeartBlessingRed","Centennial Puzzle","Philosopher\u0027s Stone","downfall:GremlinWheel","War Paint","downfall:HeartBlessingBlue","Slimebound:AggressiveSlimeRelic","HornCleat","downfall:HeartBlessingGreen","Darkstone Periapt","Runic Pyramid","Bag of Preparation","Question Card","Anchor","Bird Faced Urn","White Beast Statue","DollysMirror"],"acts_visited":["Exordium","TheCity","TheBeyond","TheEnding"],"potions_floor_usage":[55],"damage_taken":[{"damage":13.0,"enemies":"2 Louse","floor":2.0,"turns":3.0},{"damage":4.0,"enemies":"Cultist","floor":4.0,"turns":5.0},{"damage":4.0,"enemies":"downfall:FleeingMerchant","floor":5.0,"turns":4.0},{"damage":33.0,"enemies":"The Mushroom Lair","floor":8.0,"turns":4.0},{"damage":16.0,"enemies":"Jaw Worm","floor":9.0,"turns":3.0},{"damage":34.0,"enemies":"2 Fungi Beasts","floor":11.0,"turns":4.0},{"damage":25.0,"enemies":"downfall:FleeingMerchant","floor":12.0,"turns":4.0},{"damage":23.0,"enemies":"Lagavulin","floor":13.0,"turns":4.0},{"damage":12.0,"enemies":"Red Slaver","floor":14.0,"turns":1.0},{"damage":12.0,"enemies":"3 Louse","floor":15.0,"turns":1.0},{"damage":51.0,"enemies":"downfall:Ironclad","floor":16.0,"turns":6.0},{"damage":12.0,"enemies":"Spheric Guardian","floor":19.0,"turns":2.0},{"damage":12.0,"enemies":"Spheric Guardian","floor":20.0,"turns":2.0},{"damage":16.0,"enemies":"3 Byrds","floor":21.0,"turns":2.0},{"damage":16.0,"enemies":"Sentry and Sphere","floor":22.0,"turns":2.0},{"damage":16.0,"enemies":"Snecko","floor":23.0,"turns":2.0},{"damage":45.0,"enemies":"downfall:FleeingMerchant","floor":25.0,"turns":4.0},{"damage":20.0,"enemies":"Centurion and Healer","floor":27.0,"turns":1.0},{"damage":16.0,"enemies":"Slavers","floor":28.0,"turns":2.0},{"damage":16.0,"enemies":"Gremlin Leader","floor":31.0,"turns":4.0},{"damage":30,"enemies":"Snake Plant","floor":32,"turns":2},{"damage":29,"enemies":"downfall:Defect","floor":33,"turns":4},{"damage":12,"enemies":"3 Shapes","floor":36,"turns":2},{"damage":23,"enemies":"3 Darklings","floor":37,"turns":3},{"damage":20,"enemies":"Transient","floor":38,"turns":5},{"damage":23,"enemies":"Giant Head","floor":40,"turns":5},{"damage":8,"enemies":"downfall:FleeingMerchant","floor":42,"turns":1},{"damage":37,"enemies":"Writhing Mass","floor":43,"turns":4},{"damage":12,"enemies":"Sphere and 2 Shapes","floor":45,"turns":3},{"damage":12,"enemies":"3 Darklings","floor":46,"turns":1},{"damage":12,"enemies":"Jaw Worm Horde","floor":48,"turns":2},{"damage":23,"enemies":"Writhing Mass","floor":49,"turns":3},{"damage":22,"enemies":"downfall:Watcher","floor":50,"turns":4},{"damage":67,"enemies":"downfall:CharBossMerchant","floor":52,"turns":7},{"damage":45,"enemies":"downfall:NeowBoss","floor":55,"turns":17}],"seed_played":"7151799151448314873","potions_obtained":[{"floor":3.0,"key":"Ancient Potion"},{"floor":3.0,"key":"SmokeBomb"},{"floor":3.0,"key":"PowerPotion"},{"floor":4.0,"key":"Fire Potion"},{"floor":11.0,"key":"Ancient Potion"},{"floor":14.0,"key":"ColorlessPotion"},{"floor":21.0,"key":"SpeedPotion"},{"floor":28.0,"key":"Slimebound:ThreeZeroPotion"}],"is_trial":false,"path_per_floor":["R","M","?","M","$","R","T","?","M","R","M","$","E","M","M","B",null,"R","M","?","M","M","M","T","$","R","M","E","R","?","E","M","B",null,"R","M","M","M","T","E","T","$","M","R","M","M","R","M","M","B",null,"E","$","R","B",null],"character_chosen":"SLIMEBOUND","items_purchased":["Slimebound:ProtectTheBoss","Slimebound:SplitAcid","Slimebound:SplitAcid","Slimebound:Gluttony","War Paint","Slimebound:SplitMire","Slimebound:ProtectTheBoss","Bird Faced Urn","Slimebound:SlimeBrawl","Slimebound:Nibble","DollysMirror"],"campfire_rested":5,"item_purchase_floors":[5,5,25,25,25,25,42,42,53,53,53],"current_hp_per_floor":[66,61,61,65,66,66,66,51,53,66,48,47,46,50,52,39,66,66,66,66,66,66,66,66,53,63,69,76,76,76,76,62,65,76,76,76,71,76,76,76,76,76,73,76,76,76,76,76,78,82,82,47,47,70,79],"gold":18,"neow_bonus":"TEN_PERCENT_HP_BONUS","is_daily":false,"chose_seed":false,"campfire_upgraded":4,"win_rate":0.0,"timestamp":1609409796,"path_taken":["R","M","?","?","$","R","T","?","M","R","M","$","E","M","M","BOSS","R","M","?","M","M","?","T","$","R","M","E","R","?","E","M","BOSS","R","M","M","M","?","E","T","$","M","R","?","M","R","M","M","BOSS","E","$","R","BOSS"],"items_purchased_type":["Card","Card","Card","Card","Relic","Card","Card","Relic","Card","Card","Relic"],"build_version":"2020-12-22","purchased_purges":3,"victory":true,"max_hp_per_floor":[66,66,66,66,66,66,66,66,66,66,66,66,66,66,66,66,66,66,66,66,66,66,66,66,66,76,76,76,76,76,76,76,76,76,76,76,76,76,76,76,76,76,76,76,76,76,76,76,82,82,82,82,79,79,79],"relic_stats":{"Darkstone Periapt":6,"Dream Catcher":5,"Centennial Puzzle":[80],"counters":[35,120],"Bird Faced Urn":[19],"Bag of Preparation":[20],"War Paint":["Slimebound:Dissolve","Slimebound:SplitAcid"],"Question Card":10,"obtain_stats":[{"Darkstone Periapt":31,"Slimebound:AggressiveSlimeRelic":26,"downfall:HeartBlessingRed":10,"downfall:HeartBlessingGreen":29,"Bag of Preparation":39,"Odd Mushroom":8,"War Paint":25,"Question Card":40,"White Beast Statue":52,"Dream Catcher":7,"Centennial Puzzle":13,"Anchor":41,"downfall:GremlinWheel":20,"HornCleat":28,"downfall:HeartBlessingBlue":26,"DollysMirror":53,"Bird Faced Urn":42,"Philosopher\u0027s Stone":17,"Slimebound:AbsorbEndCombat":0,"Runic Pyramid":34},{"Darkstone Periapt":20,"Slimebound:AggressiveSlimeRelic":17,"downfall:HeartBlessingRed":5,"downfall:HeartBlessingGreen":19,"Bag of Preparation":25,"Odd Mushroom":4,"War Paint":17,"Question Card":26,"White Beast Statue":34,"Dream Catcher":3,"Centennial Puzzle":8,"Anchor":26,"downfall:GremlinWheel":13,"HornCleat":19,"downfall:HeartBlessingBlue":17,"DollysMirror":34,"Bird Faced Urn":27,"Philosopher\u0027s Stone":11,"Slimebound:AbsorbEndCombat":0,"Runic Pyramid":22},{"Darkstone Periapt":58,"Slimebound:AggressiveSlimeRelic":51,"downfall:HeartBlessingRed":19,"downfall:HeartBlessingGreen":54,"Bag of Preparation":74,"Odd Mushroom":16,"War Paint":51,"Question Card":79,"White Beast Statue":103,"Dream Catcher":12,"Centennial Puzzle":30,"Anchor":79,"downfall:GremlinWheel":41,"HornCleat":54,"downfall:HeartBlessingBlue":51,"DollysMirror":103,"Bird Faced Urn":80,"Philosopher\u0027s Stone":37,"Slimebound:AbsorbEndCombat":0,"Runic Pyramid":64}]},"card_choices":[{"not_picked":["Slimebound:ComboTackle","Slimebound:SamplingLick"],"picked":"Slimebound:LeadByExample","floor":2.0},{"not_picked":["Slimebound:RollThrough","Slimebound:AcidTongue"],"picked":"Slimebound:GrowthPunch","floor":4.0},{"not_picked":["Slimebound:SamplingLick","Slimebound:ComboTackle"],"picked":"Slimebound:SplitMire","floor":5.0},{"not_picked":["Slimebound:PressTheAttack","Slimebound:Replication"],"picked":"Slimebound:SplitBruiser","floor":8.0},{"not_picked":["Slimebound:SplitMire","Slimebound:PressTheAttack"],"picked":"Slimebound:Dissolve","floor":9.0},{"not_picked":["Slimebound:Grow","Slimebound:LeechingTouch"],"picked":"Slimebound:Repurpose","floor":10.0},{"not_picked":["Slimebound:LivingWall","Slimebound:LeechingTouch","Slimebound:SamplingLick"],"picked":"SKIP","floor":11.0},{"not_picked":["Slimebound:SplitAcid","Slimebound:TongueLash"],"picked":"Slimebound:OneTwoCombo","floor":12.0},{"not_picked":["Slimebound:RollThrough","Slimebound:Equalize"],"picked":"Slimebound:SplitAcid","floor":13.0},{"not_picked":["Slimebound:FinishingTackle","Slimebound:SlimeSpikes","Slimebound:PressTheAttack"],"picked":"SKIP","floor":14.0},{"not_picked":["Slimebound:Grow","Slimebound:MassRepurpose"],"picked":"Slimebound:SlimeSpikes","floor":15.0},{"not_picked":["Slimebound:MassRepurpose","Slimebound:Overexert"],"picked":"Slimebound:OneTwoCombo","floor":16.0},{"not_picked":["Slimebound:LeechingTouch","Slimebound:GrowthPunch"],"picked":"Slimebound:SplitLeeching+1","floor":19.0},{"not_picked":["Slimebound:SlimeSpikes","Slimebound:Repurpose+1","Slimebound:ComboTackle"],"picked":"SKIP","floor":21.0},{"not_picked":["Slimebound:SamplingLick","Slimebound:HauntingLick"],"picked":"Slimebound:PressTheAttack+1","floor":22.0},{"not_picked":["Slimebound:TongueLash+1","Slimebound:LeechingTouch"],"picked":"Slimebound:PressTheAttack+1","floor":23.0},{"not_picked":["Slimebound:GoopSpray+1","Slimebound:GrowthPunch"],"picked":"Slimebound:ProtectTheBoss","floor":25.0},{"not_picked":["Slimebound:Gluttony","Slimebound:SplitLeeching"],"picked":"Slimebound:MinionMaster","floor":27.0},{"not_picked":["Slimebound:Prepare","Slimebound:MassRepurpose"],"picked":"Slimebound:RallyTheTroops","floor":28.0},{"not_picked":["Slimebound:SlimeBarrage+1","Slimebound:TongueLash+1"],"picked":"Slimebound:SplitBruiser","floor":31.0},{"not_picked":["Slimebound:ViciousTackle","Slimebound:LeechingTouch"],"picked":"Slimebound:ComboTackle+1","floor":32},{"not_picked":["Slimebound:RallyTheTroops","Slimebound:MassFeed"],"picked":"Slimebound:MinionMaster","floor":33},{"not_picked":["Slimebound:GoopSpray","Slimebound:ComboTackle"],"picked":"Slimebound:LeechEnergy+1","floor":35},{"not_picked":["Slimebound:Schlurp+1","Slimebound:FlameTackle+1"],"picked":"Slimebound:LeechEnergy+1","floor":36},{"not_picked":["Slimebound:SlimeTap+1","Slimebound:Grow+1"],"picked":"Slimebound:MegaLick+1","floor":37},{"not_picked":["Slimebound:SamplingLick+1","Slimebound:LeechingTouch+1"],"picked":"Slimebound:FirmFortitude","floor":38},{"not_picked":["Slimebound:TongueLash","Slimebound:Repurpose"],"picked":"Slimebound:SplitAcid","floor":40},{"not_picked":["Slimebound:DisruptingSlam","Slimebound:FlameTackle+1","Slimebound:LeechingTouch+1","Slimebound:LeechEnergy+1"],"picked":"SKIP","floor":42},{"not_picked":["Slimebound:FinishingTackle+1","Slimebound:SplitBruiser","Slimebound:GoopTackle"],"picked":"Slimebound:SpikyOuterGoop+1","floor":43},{"not_picked":["Slimebound:FinishingTackle","Slimebound:Teamwork","Slimebound:LeechEnergy+1"],"picked":"Slimebound:SplitAcid","floor":44},{"not_picked":["Slimebound:FinishingTackle+1","Slimebound:GrowthPunch","Slimebound:DisruptingSlam"],"picked":"Slimebound:AcidTongue+1","floor":45},{"not_picked":["Slimebound:GoopSpray","Slimebound:FinishingTackle","Slimebound:LeechingTouch","Slimebound:FlameTackle+1"],"picked":"SKIP","floor":46},{"not_picked":["Slimebound:LeechEnergy","Slimebound:ViciousTackle+1","Slimebound:RainOfGoop"],"picked":"Slimebound:SplitBruiser+1","floor":47},{"not_picked":["Slimebound:GrowthPunch+1","Slimebound:ViciousTackle+1","Slimebound:PressTheAttack+1","Slimebound:ItLooksTasty+1"],"picked":"SKIP","floor":48},{"not_picked":["Slimebound:Nibble","Slimebound:LeechingTouch+1","Slimebound:MinionMaster"],"picked":"Slimebound:SplitLeeching+1","floor":49},{"not_picked":["Slimebound:AcidTongue","Slimebound:Schlurp+1","Slimebound:Chomp+1"],"picked":"Slimebound:RainOfGoop","floor":52},{"not_picked":["Slimebound:FinishingTackle","Slimebound:ViciousTackle","Slimebound:PressTheAttack+1"],"picked":"Slimebound:RejuvenatingLick","floor":54}],"player_experience":23032,"relics_obtained":[{"floor":7.0,"key":"Dream Catcher"},{"floor":8.0,"key":"Odd Mushroom"},{"floor":13.0,"key":"Centennial Puzzle"},{"floor":20.0,"key":"downfall:GremlinWheel"},{"floor":26.0,"key":"Slimebound:AggressiveSlimeRelic"},{"floor":28.0,"key":"HornCleat"},{"floor":31.0,"key":"Darkstone Periapt"},{"floor":39,"key":"Bag of Preparation"},{"floor":40,"key":"Question Card"},{"floor":41,"key":"Anchor"},{"floor":52,"key":"White Beast Statue"}],"event_choices":[{"damage_healed":0.0,"max_hp_gain":0.0,"max_hp_loss":0.0,"gold_gain":0.0,"event_name":"Lab","player_choice":"Got Potions","floor":3.0,"gold_loss":0.0,"damage_taken":0.0},{"damage_healed":0.0,"max_hp_gain":0.0,"max_hp_loss":0.0,"gold_gain":0.0,"event_name":"Mushrooms","player_choice":"Fought Mushrooms","floor":8.0,"gold_loss":0.0,"damage_taken":0.0},{"damage_healed":0.0,"max_hp_gain":0.0,"max_hp_loss":0.0,"gold_gain":0.0,"event_name":"Wheel of Change","player_choice":"Relic","floor":26.0,"gold_loss":0.0,"damage_taken":0.0},{"damage_healed":0.0,"max_hp_gain":0.0,"max_hp_loss":0.0,"gold_gain":0.0,"event_name":"Upgrade Shrine","player_choice":"Upgraded","floor":30.0,"gold_loss":0.0,"damage_taken":0.0,"cards_upgraded":["Slimebound:ProtectTheBoss"]}],"is_beta":false,"boss_relics":[{"not_picked":["Coffee Dripper","Calling Bell"],"picked":"Philosopher\u0027s Stone"},{"not_picked":["Fusion Hammer","Empty Cage"],"picked":"Runic Pyramid"}],"items_purged_floors":[25,42,53],"is_endless":false,"potions_floor_spawned":[4,11,14,21,23,27,28,31,45,48,49],"ascension_level":0}}