{"host":"yn1175etg9ni8l0q","time":1609415503,"event":{"mods":["AchievementEnabler","BaseMod","Colored Map","Colored Powertips","DeckTracker","Minty Spire (QoL Compilation)","Rare Cards Sparkle","Relic Stats","SuperFastMode","everything is the same but u backflip on backflip"],"gold_per_floor":[119,138,149,149,149,149,169,184,184,184,184,184,198,273,273,369,369,386,399,399,418,433,433,433],"floor_reached":23,"playtime":548,"items_purged":[],"score":210,"play_id":"56f866e3-459a-473e-bd26-10a84d0f35ed","local_time":"20201231205143","is_ascension_mode":false,"campfire_choices":[{"data":"Zap","floor":6.0,"key":"SMITH"},{"floor":10.0,"key":"REST"},{"data":"Cold Snap","floor":15.0,"key":"SMITH"}],"circlet_count":0,"master_deck":["Strike_B","Strike_B+1","Defend_B","Defend_B","Zap+1","Dualcast","Skim+1","Streamline","Sweeping Beam","FTL","Cold Snap+1","Seek","Darkness+1","Recycle+1","Rebound+1","Blizzard+1","Go for the Eyes","Darkness+1","Auto Shields"],"relics":["Cracked Core","Pen Nib","Astrolabe"],"acts_visited":["Exordium","TheCity"],"potions_floor_usage":[23,23,23],"damage_taken":[{"damage":0.0,"enemies":"2 Louse","floor":1.0,"turns":2.0},{"damage":6.0,"enemies":"Jaw Worm","floor":2.0,"turns":3.0},{"damage":4.0,"enemies":"Small Slimes","floor":3.0,"turns":3.0},{"damage":11.0,"enemies":"Exordium Thugs","floor":7.0,"turns":4.0},{"damage":7.0,"enemies":"2 Fungi Beasts","floor":8.0,"turns":3.0},{"damage":0.0,"enemies":"3 Louse","floor":13.0,"turns":3.0},{"damage":21.0,"enemies":"The Guardian","floor":16.0,"turns":9.0},{"damage":16.0,"enemies":"3 Byrds","floor":18.0,"turns":4.0},{"damage":8,"enemies":"Chosen","floor":19,"turns":4},{"damage":25,"enemies":"3 Cultists","floor":21,"turns":4},{"damage":18,"enemies":"Centurion and Healer","floor":22,"turns":4},{"damage":0,"enemies":"Book of Stabbing","floor":23,"turns":1}],"seed_played":"5181810017242759721","potions_obtained":[{"floor":1.0,"key":"Weak Potion"},{"floor":3.0,"key":"Dexterity Potion"},{"floor":8.0,"key":"PowerPotion"},{"floor":18.0,"key":"PotionOfCapacity"}],"is_trial":false,"path_per_floor":["M","M","M","?","?","R","M","M","T","R","?","?","M","?","R","B",null,"M","M","?","M","M","E"],"character_chosen":"DEFECT","items_purchased":[],"campfire_rested":1,"item_purchase_floors":[],"current_hp_per_floor":[75,69,65,50,43,43,32,25,25,47,47,85,85,74,74,53,85,69,61,45,20,2,2,2],"gold":433,"neow_bonus":"ONE_RANDOM_RARE_CARD","is_daily":false,"chose_seed":false,"campfire_upgraded":2,"win_rate":0.0,"timestamp":1609415503,"path_taken":["M","M","M","?","?","R","M","M","T","R","?","?","?","?","R","BOSS","M","M","?","M","M","E"],"items_purchased_type":[],"build_version":"2020-12-22","purchased_purges":0,"victory":false,"max_hp_per_floor":[75,75,75,75,75,75,75,75,75,75,75,85,85,85,85,85,85,85,85,90,90,90,90,90],"relic_stats":{"counters":[12,44],"Astrolabe":["Darkness","Recycle","Rebound"],"Pen Nib":[5],"obtain_stats":[{"Astrolabe":17,"Pen Nib":9,"Cracked Core":0},{"Astrolabe":7,"Pen Nib":5,"Cracked Core":0},{"Astrolabe":27,"Pen Nib":15,"Cracked Core":0}]},"card_choices":[{"not_picked":["Hologram","Beam Cell"],"picked":"Skim","floor":1.0},{"not_picked":["Redo","Beam Cell"],"picked":"Streamline","floor":2.0},{"not_picked":["Scrape","Consume"],"picked":"Sweeping Beam","floor":3.0},{"not_picked":["Tempest","Steam","Hologram"],"picked":"SKIP","floor":7.0},{"not_picked":["Thunder Strike","Gash"],"picked":"FTL","floor":8.0},{"not_picked":["Hologram","Gash"],"picked":"Cold Snap","floor":13.0},{"not_picked":["All For One","Creative AI"],"picked":"Seek","floor":16.0},{"not_picked":["Ball Lightning","Steam Power"],"picked":"Blizzard+1","floor":18.0},{"not_picked":["Undo","Doom and Gloom"],"picked":"Go for the Eyes","floor":19},{"not_picked":["Recycle+1","Loop"],"picked":"Darkness+1","floor":21},{"not_picked":["Chaos","Coolheaded"],"picked":"Auto Shields","floor":22}],"player_experience":292877,"relics_obtained":[{"floor":9.0,"key":"Pen Nib"}],"event_choices":[{"damage_healed":0.0,"max_hp_gain":0.0,"max_hp_loss":0.0,"gold_gain":0.0,"event_name":"Shining Light","player_choice":"Entered Light","floor":4.0,"gold_loss":0.0,"damage_taken":15.0,"cards_upgraded":["Skim","Strike_B"]},{"cards_removed":["Strike_B"],"damage_healed":0.0,"max_hp_gain":0.0,"max_hp_loss":0.0,"gold_gain":0.0,"event_name":"Golden Wing","player_choice":"Card Removal","floor":5.0,"gold_loss":0.0,"damage_taken":7.0},{"damage_healed":0.0,"max_hp_gain":0.0,"max_hp_loss":0.0,"gold_gain":0.0,"event_name":"Liars Game","player_choice":"Ignored","floor":11.0,"gold_loss":0.0,"damage_taken":0.0},{"cards_removed":["Machine Learning"],"damage_healed":28.0,"max_hp_gain":10.0,"max_hp_loss":0.0,"gold_gain":0.0,"event_name":"Bonfire Elementals","player_choice":"Offered Rare","floor":12.0,"gold_loss":0.0,"damage_taken":0.0},{"damage_healed":0.0,"max_hp_gain":0.0,"max_hp_loss":0.0,"gold_gain":75.0,"event_name":"World of Goop","player_choice":"Gather Gold","floor":14.0,"gold_loss":0.0,"damage_taken":11.0},{"damage_healed":0,"gold_gain":0,"player_choice":"Shed Blood","damage_taken":21,"max_hp_gain":5,"max_hp_loss":0,"event_name":"Forgotten Altar","floor":20,"gold_loss":0}],"is_beta":false,"boss_relics":[{"not_picked":["Velvet Choker","FrozenCore"],"picked":"Astrolabe"}],"items_purged_floors":[],"is_endless":false,"potions_floor_spawned":[1,3,8,18,19],"killed_by":"Book of Stabbing","ascension_level":0}}