{"host":"3kdwm9n4ehf6yd4s","time":1609387934,"event":{"mods":["BaseMod","GifTheSpireLib","Minty Spire (QoL Compilation)","Quick Restart","Replay The Spire","StSLib"],"gold_per_floor":[113,113,133,36,55,55,85,100,180,180,198,231,231,306,306,402,402,418,418,333,346,359,386,326,326,326,356,356,356,356],"floor_reached":29,"playtime":1268,"items_purged":["Pain"],"score":310,"play_id":"393cafa9-b262-4e7d-9f8c-4a1e6be499c6","local_time":"20201230211214","is_ascension_mode":true,"campfire_choices":[{"data":"Self Repair","floor":6,"key":"SMITH"},{"floor":10,"key":"REST"},{"floor":15,"key":"REST"},{"floor":25,"key":"REST"}],"circlet_count":0,"master_deck":["Defend_B","Defend_B+1","Defend_B","Defend_B","Zap","Dualcast","Self Repair+1","Ball Lightning","Streamline","Tempest","Leap","Conserve Battery","Loop","Go for the Eyes","Creative AI","Self Repair","Bite","Bite","Bite","Bite","Bite","Leap","BasicCrystalCard","Sunder","Ball Lightning"],"relics":["Cracked Core","WarpedTongs","Counterbalance","Kunai","Toy Ornithopter","Honey Jar","Pocketwatch","Blue Doll","Mercury Hourglass","Emotion Chip","Dream Catcher"],"acts_visited":["Exordium","TheCity"],"potions_floor_usage":[7,12,21,21,21,29],"damage_taken":[{"damage":15,"enemies":"Jaw Worm","floor":1,"turns":4},{"damage":6,"enemies":"Cultist","floor":3,"turns":4},{"damage":0,"enemies":"2 Louse","floor":5,"turns":3},{"damage":36,"enemies":"Lagavulin","floor":7,"turns":6},{"damage":10,"enemies":"Looter","floor":8,"turns":3},{"damage":12,"enemies":"3 Louse","floor":11,"turns":3},{"damage":7,"enemies":"Replay:BlueRogue","floor":12,"turns":5},{"damage":40,"enemies":"Fading Forest","floor":16,"turns":11},{"damage":28,"enemies":"2 Thieves","floor":18,"turns":4},{"damage":43,"enemies":"Shell Parasite","floor":21,"turns":7},{"damage":48,"enemies":"Sentry and Sphere","floor":22,"turns":7},{"damage":47,"enemies":"Replay:Snechameleon","floor":23,"turns":7},{"damage":48,"enemies":"Book of Stabbing","floor":27,"turns":8},{"damage":11,"enemies":"Chosen and Byrds","floor":29,"turns":5}],"seed_played":"3582118349537614700","potions_obtained":[{"floor":3,"key":"Strength Potion"},{"floor":5,"key":"SteroidPotion"},{"floor":8,"key":"SkillPotion"},{"floor":16,"key":"Fruit Juice"},{"floor":18,"key":"Dexterity Potion"},{"floor":27,"key":"AttackPotion"}],"is_trial":false,"path_per_floor":["M","?","M","$","M","R","E","M","T","R","M","E","?","?","R","B",null,"M","?","?","M","M","E","?","R","T","E","T","M"],"character_chosen":"DEFECT","items_purchased":["Streamline"],"campfire_rested":3,"item_purchase_floors":[4],"current_hp_per_floor":[67,67,68,68,75,75,49,49,49,73,71,74,74,63,82,68,82,64,57,57,58,40,31,31,49,49,1,1,0,0],"gold":356,"neow_bonus":"TEN_PERCENT_HP_BONUS","is_daily":false,"chose_seed":false,"campfire_upgraded":1,"win_rate":0.0,"timestamp":1609387934,"path_taken":["M","?","?","$","?","R","E","M","T","R","M","E","?","?","R","BOSS","M","?","?","M","M","E","?","R","T","E","?","?"],"items_purchased_type":["Card"],"build_version":"2020-12-22","purchased_purges":1,"victory":false,"max_hp_per_floor":[82,82,82,82,82,82,82,82,82,82,82,82,82,82,82,82,82,82,57,57,62,62,62,62,62,62,62,62,62,62],"card_choices":[{"not_picked":["Hologram","Panic Button"],"picked":"Self Repair","floor":1},{"not_picked":["Redo","Reinforced Body"],"picked":"Ball Lightning","floor":3},{"not_picked":["Leap","Ball Lightning"],"picked":"Tempest","floor":5},{"not_picked":["Turbo","Gash"],"picked":"Leap","floor":7},{"not_picked":["Redo","Chaos"],"picked":"Conserve Battery","floor":8},{"not_picked":["Go for the Eyes","Leap"],"picked":"Loop","floor":11},{"not_picked":["Reprogram","Seek"],"picked":"Go for the Eyes","floor":12},{"not_picked":["All For One","Fission"],"picked":"Creative AI","floor":16},{"not_picked":["Reinforced Body","Beam Cell+1","Panic Button"],"picked":"Self Repair","floor":18},{"not_picked":["Steam","Barrage","Compile Driver"],"picked":"Leap","floor":21},{"not_picked":["Turbo","Hologram+1","Rebound"],"picked":"BasicCrystalCard","floor":22},{"not_picked":["ReplayTheSpireMod:Calculation Training","Coolheaded","Seek"],"picked":"Sunder","floor":23},{"not_picked":["Hologram+1","Redo+1","Chill"],"picked":"Ball Lightning","floor":27}],"player_experience":129177,"relics_obtained":[{"floor":7,"key":"Counterbalance"},{"floor":9,"key":"Kunai"},{"floor":12,"key":"Toy Ornithopter"},{"floor":23,"key":"Blue Doll"},{"floor":26,"key":"Mercury Hourglass"},{"floor":27,"key":"Emotion Chip"},{"floor":28,"key":"Dream Catcher"}],"event_choices":[{"damage_healed":0,"gold_gain":0,"player_choice":"Rummage","damage_taken":0,"relics_obtained":["WarpedTongs"],"max_hp_gain":0,"max_hp_loss":0,"event_name":"Accursed Blacksmith","floor":2,"gold_loss":0,"cards_obtained":["Pain"]},{"damage_healed":0,"gold_gain":75,"player_choice":"Gather Gold","damage_taken":11,"max_hp_gain":0,"max_hp_loss":0,"event_name":"World of Goop","floor":14,"gold_loss":0},{"damage_healed":0,"gold_gain":0,"player_choice":"Became a vampire","damage_taken":0,"max_hp_gain":0,"max_hp_loss":25,"event_name":"Vampires","floor":19,"gold_loss":0,"cards_obtained":["Bite","Bite","Bite","Bite","Bite"]},{"damage_healed":0,"gold_gain":0,"player_choice":"Obtained Relic","damage_taken":0,"relics_obtained":["Pocketwatch"],"max_hp_gain":0,"max_hp_loss":0,"event_name":"Addict","floor":20,"gold_loss":85}],"is_beta":false,"boss_relics":[{"not_picked":["ChewingGum","SacredBark"],"picked":"Honey Jar"}],"items_purged_floors":[4],"is_endless":false,"potions_floor_spawned":[3,5,8,16,18,27],"killed_by":"Chosen and Byrds","ascension_level":1}}