{"host":"873t0y8ybyo38pfq","time":1609447428,"event":{"mods":["BaseMod","Bestiary","Colored Map","Colored Powertips","Highlight Path","Minty Spire (QoL Compilation)","Quick Restart","RNG Fix","Rare Cards Sparkle","Relic Stats","StSLib"],"gold_per_floor":[119,129,141,153,173,173,205,205,230,230,248,266,341,62,62,62,62],"floor_reached":16,"playtime":328,"items_purged":["Strike_B"],"score":208,"play_id":"edc28a13-4fea-42d6-9936-381cc8f16f0a","local_time":"20201231154348","is_ascension_mode":true,"campfire_choices":[{"data":"Doom and Gloom","floor":6,"key":"SMITH"},{"data":"Zap","floor":8,"key":"SMITH"},{"data":"Dualcast","floor":10,"key":"SMITH"},{"floor":15,"key":"REST"}],"circlet_count":0,"master_deck":["AscendersBane","Strike_B","Strike_B","Strike_B","Defend_B","Defend_B","Defend_B","Defend_B","Zap+1","Dualcast+1","Doom and Gloom+1","Auto Shields","Steam","Leap","Loop","Defragment"],"relics":["Cracked Core","NeowsBlessing","Orichalcum","DataDisk","ClockworkSouvenir"],"acts_visited":["Exordium"],"potions_floor_usage":[5],"damage_taken":[{"damage":0,"enemies":"Small Slimes","floor":1,"turns":1},{"damage":0,"enemies":"2 Louse","floor":2,"turns":1},{"damage":0,"enemies":"Cultist","floor":3,"turns":1},{"damage":7,"enemies":"3 Louse","floor":4,"turns":3},{"damage":9,"enemies":"Large Slime","floor":5,"turns":4},{"damage":23,"enemies":"Lagavulin","floor":7,"turns":6},{"damage":0,"enemies":"Looter","floor":11,"turns":3},{"damage":0,"enemies":"2 Fungi Beasts","floor":12,"turns":4},{"damage":37,"enemies":"Hexaghost","floor":16,"turns":9}],"seed_played":"-6151484540850383452","potions_obtained":[{"floor":1,"key":"EssenceOfDarkness"},{"floor":4,"key":"SteroidPotion"},{"floor":5,"key":"Block Potion"},{"floor":7,"key":"SpeedPotion"}],"is_trial":false,"path_per_floor":["M","M","M","M","M","R","E","R","T","R","M","M","?","$","R","B"],"character_chosen":"DEFECT","items_purchased":["Defragment","ClockworkSouvenir"],"campfire_rested":1,"item_purchase_floors":[14,14],"current_hp_per_floor":[64,64,64,57,48,48,25,25,25,25,25,25,14,14,35,0,0],"gold":62,"neow_bonus":"THREE_ENEMY_KILL","is_daily":false,"chose_seed":false,"campfire_upgraded":3,"win_rate":0.0,"timestamp":1609447428,"path_taken":["M","M","M","M","M","R","E","R","T","R","M","M","?","$","R","BOSS"],"items_purchased_type":["Card","Relic"],"build_version":"2020-12-22","purchased_purges":1,"victory":false,"max_hp_per_floor":[71,71,71,71,71,71,71,71,71,71,71,71,71,71,71,71,71],"relic_stats":{"counters":[9,32],"Orichalcum":[18],"obtain_stats":[{"DataDisk":9,"NeowsBlessing":0,"Orichalcum":7,"Cracked Core":0,"ClockworkSouvenir":14},{"DataDisk":6,"NeowsBlessing":0,"Orichalcum":6,"Cracked Core":0,"ClockworkSouvenir":8},{"DataDisk":16,"NeowsBlessing":0,"Orichalcum":16,"Cracked Core":0,"ClockworkSouvenir":23}]},"card_choices":[{"not_picked":["Streamline","Rebound","Hello World"],"picked":"SKIP","floor":1},{"not_picked":["Go for the Eyes","Streamline"],"picked":"Doom and Gloom","floor":2},{"not_picked":["Beam Cell","Force Field"],"picked":"Auto Shields","floor":3},{"not_picked":["Sweeping Beam","Stack","Go for the Eyes"],"picked":"SKIP","floor":4},{"not_picked":["Cold Snap","Streamline"],"picked":"Steam","floor":5},{"not_picked":["Thunder Strike","Streamline","Stack"],"picked":"SKIP","floor":7},{"not_picked":["Auto Shields","Reprogram"],"picked":"Leap","floor":11},{"not_picked":["Tempest","Static Discharge"],"picked":"Loop","floor":12}],"player_experience":1451960,"relics_obtained":[{"floor":7,"key":"Orichalcum"},{"floor":9,"key":"DataDisk"}],"event_choices":[{"damage_healed":0,"gold_gain":75,"player_choice":"Gather Gold","damage_taken":11,"max_hp_gain":0,"max_hp_loss":0,"event_name":"World of Goop","floor":13,"gold_loss":0}],"is_beta":false,"boss_relics":[],"items_purged_floors":[14],"is_endless":false,"potions_floor_spawned":[1,4,5,7,12],"killed_by":"Hexaghost","ascension_level":20}}