{"host":"az8lnyxx7l5ect6t","time":1609438808,"event":{"mods":["2.2 Compatiblity","AchievementEnabler","Act Like it!","Aspiration","BaseMod","Better Third Choice","Block Reminder","Conspire","Curses Come First","Defuse TimeMaze Blight","Downfall","Elementarium","Halation","Hallownest","Hubris","Infinite Spire","Jedi Mod","Keyboard Shortcuts","Minty Spire (QoL Compilation)","MonsterHotkey","Quick Restart","Replay The Spire","Spicy Shops","StSLib","The Blue Laboratory","Trackpad","Uncapped","Wandering Minibosses","vexMod"],"gold_per_floor":[212,222,222,242,261,273,199,199,213,226,250,274,374,387,165,193,193,193,36,36,140,140,172,172,146,75,97,97,137,137,171,192,192,234,260,260,0,19,19,148,148,176,203,146,146,168,191,191,210,253,253,262,262,262,271,221,240,240,259,259,259,376,376,383,383,13,13,13,27,27,47,53,47,47,97,118,172,183,183,183,182,182,182,264,264,264,273,282,291,311,16,16,16,27,27,54,127,198,198,198,86,64,76,76,76,163,163,161,161,161,165,97,97,197,197,201,204,204,276,26,26,26,26,30,30,30,104,104,121,142,142,151,176,176,190,190,213,178,178,178,178,178,178,178,256,283,285,658,658,655,706,709,500,500,500,520,520,520,538,538,547,547,556,556,649,649,652,652,652,729,729,745,745,745,766,766,766,766,766,802,802,806,781,781,636,636,636,636,630],"floor_reached":190,"playtime":10813,"items_purged":["Pride"],"score":3671,"play_id":"315dbf6b-cabf-4edc-92b2-154e763b21b0","local_time":"20201231132008","is_ascension_mode":false,"campfire_choices":[{"data":"Guardian:FuturePlans","floor":8.0,"key":"SMITH"},{"data":"Pot Of Greed","floor":17.0,"key":"SMITH"},{"data":"Pot Of Greed","floor":20.0,"key":"SMITH"},{"floor":28.0,"key":"REST"},{"floor":30.0,"key":"REST"},{"floor":36.0,"key":"REST"},{"data":"Pot Of Greed","floor":39.0,"key":"SMITH"},{"floor":48.0,"key":"REST"},{"data":"Pot Of Greed","floor":53.0,"key":"SMITH"},{"data":"hubris:Fate","floor":58.0,"key":"SMITH"},{"data":"Disarm","floor":60.0,"key":"SMITH"},{"data":"Guardian:PolyBeam","floor":61.0,"key":"SMITH"},{"data":"Juggernaut","floor":70.0,"key":"SMITH"},{"data":"Pot Of Greed","floor":80.0,"key":"SMITH"},{"data":"Guardian:FierceBash","floor":82.0,"key":"SMITH"},{"data":"Pot Of Greed","floor":83.0,"key":"SMITH"},{"floor":93.0,"key":"REST"},{"data":"Guardian:CompilePackage","floor":95.0,"key":"SMITH"},{"data":"Havoc","floor":104.0,"key":"SMITH"},{"data":"Pot Of Greed","floor":105.0,"key":"SMITH"},{"data":"Guardian:FloatingOrbs","floor":115.0,"key":"SMITH"},{"data":"Guardian:FloatingOrbs","floor":125.0,"key":"SMITH"},{"data":"Guardian:TwinSlam","floor":126.0,"key":"SMITH"},{"data":"Heavy Blade","floor":134.0,"key":"SMITH"},{"floor":136.0,"key":"REST"},{"floor":143.0,"key":"DIG"},{"data":"Juggernaut","floor":144.0,"key":"SMITH"},{"data":"Barricade","floor":154.0,"key":"SMITH"},{"data":"Guardian:CurlUp","floor":157.0,"key":"SMITH"},{"data":"Guardian:DonusPower","floor":158.0,"key":"SMITH"},{"data":"Guardian:FloatingOrbs","floor":160.0,"key":"SMITH"},{"floor":164.0,"key":"REST"},{"data":"Body Slam","floor":173.0,"key":"SMITH"},{"data":"Guardian:PiercingHide","floor":174.0,"key":"SMITH"},{"data":"Guardian:GuardianWhirl","floor":176.0,"key":"SMITH"},{"data":"Swift Strike","floor":181.0,"key":"SMITH"},{"data":"Heel Hook","floor":184.0,"key":"SMITH"},{"floor":187.0,"key":"DIG"},{"data":"Guardian:TimeBomb","floor":188.0,"key":"SMITH"}],"circlet_count":0,"master_deck":["Guardian:CurlUp+1","Guardian:TwinSlam+1","Guardian:PiercingHide","Guardian:PiercingHide+1","Swift Strike+1","Guardian:EvasiveProtocol","Guardian:PiercingHide","Guardian:FuturePlans+1","Guardian:SpikerProtocol","Pot Of Greed+1","Pot Of Greed+1","Guardian:GuardianWhirl","Guardian:EvasiveProtocol","Guardian:PolyBeam+1","Guardian:SpikerProtocol","Guardian:RevengeProtocol","Guardian:GuardianWhirl+1","Pot Of Greed+1","Guardian:ArmoredProtocol","Guardian:EvasiveProtocol","Guardian:Harden","Guardian:ExploitGems","Guardian:TemporalStrike","Guardian:VentSteam","Guardian:StasisEngine","Pot Of Greed+1","Guardian:PiercingHide","Guardian:PiercingHide","Guardian:TemporalStrike+1","Guardian:Harden+1","Guardian:Planning+1","Guardian:PrimingBeam","hubris:Fate+1","Disarm+1","Guardian:ArmoredProtocol","Juggernaut+1","Pot Of Greed+1","Guardian:Incinerate","Guardian:SpikerProtocol","Guardian:FierceBash+1","Guardian:TemporalShield","Guardian:ShieldCharger","Guardian:Clone","Guardian:PrimingBeam","Hallownest:skillLeafShield","Hallownest:skillLeafShield","Hallownest:skillLeafShield","Pot Of Greed+1","Guardian:DonusPower+1","Guardian:TimeBomb+1","infinitespire:DeathsTouch","Guardian:FierceBash","Guardian:Recover","Guardian:FloatingOrbs+1","hubris:InfiniteBlow+216","Guardian:PiercingHide","Guardian:Clone","Guardian:CompilePackage+1","Guardian:ArmoredProtocol","Havoc+1","Pot Of Greed+1","Guardian:EvasiveProtocol","Guardian:PiercingHide","Guardian:HyperBeam_Guardian","Guardian:CrystalBeam","Body Slam+1","Guardian:FloatingOrbs+1","Whirlwind+1","Guardian:DonusPower+1","Guardian:DecasProtection+1","Juggernaut+1","Havoc+1","Pot Of Greed+1","Perfected Strike+1","Heavy Blade+1","Havoc+1","Barricade+1","expansioncontent:QuickStudy+1","Enlightenment+1","expansioncontent:LastStand+1","Guardian:WalkerClaw+1","Cleave+1","Sword Boomerang+1","Guardian:FuturePlans+1","Guardian:FloatingOrbs+1","Pot Of Greed+1","Warcry+1","Shrug It Off+1","Hallownest:pwrSporeShroom","jedi:unlimitedpower","Headbutt","Headbutt","Body Slam+1","Guardian:PiercingHide+1","Second Wind+1","ReplayTheSpireMod:Shiv Toss+1","jedi:rejectivetoxin+1","Heel Hook+1","Pot Of Greed+1","Perfected Strike+1"],"relics":["Guardian:ModeShifter","Grinning Jar","Smiling Mask","hubris:EmptyBottle","CeramicFish","halation:EternalFortune","trackpad:Compendium","infinitespire:BottledMercury","halation:AfternoonTea","Runic Capacitor","Elementarium:ElementariumTrophy","vexMod:EndlessSickness","hubris:Towel","wanderingMiniBosses:AbyssPearl","Replay:Kaleidoscope","hubris:DisguiseKit","sneckomod:SneckoTalon","halation:PinkSoulGem","Lizard Tail","Juzu Bracelet","Omamori","infinitespire:Lychee Nut","Pantograph","aspiration:PoetsPen","hubris:SlimyHat","trackpad:AdjectivePendant","HornCleat","trackpad:RapidFire","Red Mask","aspiration:IroncladSkillbook","halation:PapillonHeart","hubris:Icosahedron","Orichalcum","Toxic Egg 2","hubris:SphereOfDissonance","infinitespire:ShieldingShard","infinitespire:Bottled Soul","Abe\u0027s Treasure","aspiration:HiddenCompartment","Guardian:PocketSentry","trackpad:GuardianSpirit","Shuriken","Astrolabe","WarpedTongs","MealTicket","trackpad:CultistFigurine","halation:QuantumPhysicsTextbook","Question Card","jedi:maincommand","WristBlade","Hallownest:HeavyBlowRelic","infinitespire:FocusingShard","vexMod:Dragonfruit","Strawberry","aspiration:TomeofQuesting","Bottled Flame","halation:PromiseList","infinitespire:EmpoweringShard"],"acts_visited":["Exordium","Exordium","Elementarium:Elementarium","Hallownest:KingdomsEdge","Hallownest:Greenpath","TheBeyond","Exordium","Exordium","Hallownest:KingdomsEdge"],"potions_floor_usage":[],"damage_taken":[{"damage":0.0,"enemies":"Small Slimes","floor":1.0,"turns":3.0},{"damage":0.0,"enemies":"Cultist","floor":2.0,"turns":4.0},{"damage":1.0,"enemies":"Jaw Worm","floor":4.0,"turns":5.0},{"damage":1.0,"enemies":"Lots of Slimes","floor":5.0,"turns":3.0},{"damage":0.0,"enemies":"Large Slime","floor":6.0,"turns":9.0},{"damage":5.0,"enemies":"Blue Slaver","floor":9.0,"turns":6.0},{"damage":7.0,"enemies":"Exordium Thugs","floor":10.0,"turns":5.0},{"damage":0.0,"enemies":"3 Louse","floor":14.0,"turns":3.0},{"damage":20.0,"enemies":"Gremlin Nob","floor":16.0,"turns":5.0},{"damage":16.0,"enemies":"The Guardian","floor":21.0,"turns":10.0},{"damage":0.0,"enemies":"Elementarium:2_ELEMENTALS","floor":23.0,"turns":3.0},{"damage":45.0,"enemies":"Elementarium:Cyclone","floor":27.0,"turns":5.0},{"damage":18.0,"enemies":"Elementarium:WarGolem","floor":29.0,"turns":6.0},{"damage":0.0,"enemies":"Elementarium:VOID_CORRUPTION_AND_TAR_GOLEM","floor":31.0,"turns":7.0},{"damage":20.0,"enemies":"Elementarium:CYCLONE_AND_LIVING_STORMCLOUD","floor":32.0,"turns":7.0},{"damage":16.0,"enemies":"Nightmare","floor":34.0,"turns":9.0},{"damage":8.0,"enemies":"Elementarium:CYCLONE_AND_ORB_OF_FIRE","floor":35.0,"turns":7.0},{"damage":5.0,"enemies":"Elementarium:Hydrostalker","floor":38.0,"turns":8.0},{"damage":10.0,"enemies":"Elementarium:GolemEmperor","floor":40.0,"turns":9.0},{"damage":19.0,"enemies":"Hallownest:2_Littles","floor":42.0,"turns":5.0},{"damage":7.0,"enemies":"Hallownest:Shield_Heavy","floor":43.0,"turns":5.0},{"damage":42.0,"enemies":"Hallownest:monsterPrimalAspid","floor":46.0,"turns":5.0},{"damage":13.0,"enemies":"Hallownest:2_Wandering_and_1_Horned","floor":47.0,"turns":6.0},{"damage":6.0,"enemies":"Hallownest:Shield_Sturdy","floor":49.0,"turns":7.0},{"damage":0.0,"enemies":"Hallownest:eliteCollector","floor":50.0,"turns":11.0},{"damage":0.0,"enemies":"Hallownest:2_Great","floor":57.0,"turns":5.0},{"damage":15.0,"enemies":"Hallownest:2_Soldiers_and_1_Guardian","floor":59.0,"turns":6.0},{"damage":10.0,"enemies":"Hallownest:BossGreyPrinceZote","floor":62.0,"turns":9.0},{"damage":0.0,"enemies":"Hallownest:2_Tiktiks_and_1_Crawlid","floor":64.0,"turns":2.0},{"damage":0.0,"enemies":"Hallownest:monsterHuskWarrior","floor":69.0,"turns":3.0},{"damage":0.0,"enemies":"Hallownest:2_Baldur","floor":71.0,"turns":1.0},{"damage":0.0,"enemies":"Hallownest:monsterMossCharger","floor":72.0,"turns":3.0},{"damage":1.0,"enemies":"Hallownest:1_Ooma_and_2_Uuma","floor":73.0,"turns":5.0},{"damage":3.0,"enemies":"Hallownest:eliteVengeflyKing","floor":76.0,"turns":4.0},{"damage":4.0,"enemies":"Hallownest:MossCreep_and_Mosskin","floor":78.0,"turns":3.0},{"damage":9.0,"enemies":"Hallownest:monsterFoolEater","floor":81.0,"turns":4.0},{"damage":0.0,"enemies":"Hallownest:BossBrokenVessel","floor":84.0,"turns":6.0},{"damage":83.0,"enemies":"Hallownest:Flukemon_and_Top","floor":86.0,"turns":5.0},{"damage":13.0,"enemies":"Hallownest:Guard_and_Sentry","floor":89.0,"turns":3.0},{"damage":0.0,"enemies":"Hallownest:Master_and_Novice","floor":90.0,"turns":1.0},{"damage":13.0,"enemies":"Hallownest:Warrior_and_Youth","floor":94.0,"turns":4.0},{"damage":8.0,"enemies":"conspire:MimicChest","floor":96.0,"turns":4.0},{"damage":0.0,"enemies":"Hallownest:3_Mistakes","floor":102.0,"turns":5.0},{"damage":0.0,"enemies":"Hallownest:Master_and_Novice","floor":103.0,"turns":2.0},{"damage":0.0,"enemies":"Hallownest:BossMantisLord","floor":106.0,"turns":4.0},{"damage":18.0,"enemies":"3 Darklings","floor":108.0,"turns":4.0},{"damage":0.0,"enemies":"3 Shapes","floor":111.0,"turns":3.0},{"damage":59.0,"enemies":"Nemesis","floor":116.0,"turns":5.0},{"damage":0.0,"enemies":"Maw","floor":117.0,"turns":4.0},{"damage":0.0,"enemies":"Sphere and 2 Shapes","floor":124.0,"turns":3.0},{"damage":7.0,"enemies":"conspire:OrnateMirror","floor":127.0,"turns":4.0},{"damage":0.0,"enemies":"Small Slimes","floor":129.0,"turns":1.0},{"damage":0.0,"enemies":"conspire:RoseBush","floor":130.0,"turns":1.0},{"damage":0.0,"enemies":"Jaw Worm","floor":133.0,"turns":1.0},{"damage":53.0,"enemies":"Nightmare","floor":135.0,"turns":4.0},{"damage":0.0,"enemies":"The Guardian","floor":145.0,"turns":3.0},{"damage":0.0,"enemies":"Hallownest:Guard_and_Sentry","floor":147.0,"turns":3.0},{"damage":0.0,"enemies":"Hallownest:Flukemon_and_Top","floor":150.0,"turns":4.0},{"damage":0.0,"enemies":"Hallownest:Glutton_and_Coward","floor":151.0,"turns":2.0},{"damage":0.0,"enemies":"Hallownest:eliteWatcherKnight","floor":152.0,"turns":6.0},{"damage":0.0,"enemies":"Hallownest:Master_and_Novice","floor":156.0,"turns":2.0},{"damage":0.0,"enemies":"Hallownest:Nosk","floor":159.0,"turns":3.0},{"damage":0.0,"enemies":"Hallownest:BossMantisLord","floor":165.0,"turns":3.0},{"damage":0.0,"enemies":"Hallownest:2_Littles","floor":167.0,"turns":3.0},{"damage":0.0,"enemies":"Hallownest:Shield_Heavy","floor":172.0,"turns":2.0},{"damage":0.0,"enemies":"Hallownest:eliteHiveKnight","floor":175.0,"turns":2.0},{"damage":0.0,"enemies":"Hallownest:2_Great","floor":182.0,"turns":2.0},{"damage":0,"enemies":"Hallownest:BossHollowKnight","floor":189,"turns":1}],"seed_played":"-58728864724850747","potions_obtained":[{"floor":4.0,"key":"Explosive Potion"},{"floor":5.0,"key":"blueLaboratory:PhilterOfMotion"},{"floor":9.0,"key":"blueLaboratory:Moonshine"},{"floor":23.0,"key":"blueLaboratory:NullPotion"},{"floor":32.0,"key":"blueLaboratory:BottledHope"},{"floor":35.0,"key":"Dexterity Potion"},{"floor":38.0,"key":"SkillPotion"},{"floor":46.0,"key":"Fire Potion"},{"floor":49.0,"key":"Regen Potion"},{"floor":50.0,"key":"blueLaboratory:BottledHope"},{"floor":57.0,"key":"blueLaboratory:AbyssPotion"},{"floor":71.0,"key":"blueLaboratory:AbyssPotion"},{"floor":73.0,"key":"AttackPotion"},{"floor":78.0,"key":"Fire Potion"},{"floor":81.0,"key":"AttackPotion"},{"floor":86.0,"key":"blueLaboratory:AbyssPotion"},{"floor":89.0,"key":"ColorlessPotion"},{"floor":103.0,"key":"Cursed Concoction"},{"floor":111.0,"key":"Energy Potion"},{"floor":117.0,"key":"blueLaboratory:EnragingPotion"},{"floor":130.0,"key":"SkillPotion"}],"is_trial":false,"path_per_floor":["M","M","?","M","M","M","$","R","M","M","T","T","?","M","$","E","R","?","$","R","B",null,"M","?","$","$","M","R","E","R","M","M","T","NM","M","R","?","M","R","B",null,"M","M","$","?","M","M","R","M","E","T","?","R","?","AVR","$","M","R","M","R","R","B",null,"M","?","$","?","$","M","R","M","M","M","T","T","E","?","M","T","R","M","R","R","B",null,"M","?","AVR","M","M","$","?","R","M","R","?","T","T","?","?","$","M","M","R","R","B",null,"M","?","$","M","$","?","?","R","E","M","T","T","$","AVR","?","?","M","R","R","B",null,"M","M","$","?","M","R","NM","R","T","?","?","?","?","$","R","R","B",null,"M","?","?","M","M","E","$","R","T","M","R","R","E","R","?","?","R","R","B",null,"M","?","AVR","?","T","M","R","R","E","R","T","T","?","?","R","M","?","R","$","M","R","R","B",null],"character_chosen":"GUARDIAN","items_purchased":["Guardian:SpikerProtocol","hubris:EmptyBottle","Guardian:EvasiveProtocol","Guardian:SpikerProtocol","CeramicFish","Guardian:ArmoredProtocol","Guardian:EvasiveProtocol","Guardian:PiercingHide","Lizard Tail","Guardian:SpikerProtocol","Guardian:CompilePackage","trackpad:AdjectivePendant","Guardian:EvasiveProtocol","Guardian:FloatingOrbs","infinitespire:ShieldingShard","Guardian:FloatingOrbs","trackpad:CultistFigurine","jedi:command_common"],"campfire_rested":7,"item_purchase_floors":[7,15,15,19,19,25,26,44,66,66,91,91,101,112,120,153,153,185],"current_hp_per_floor":[80,80,80,79,78,78,78,78,73,66,66,66,66,66,66,46,46,46,46,46,30,80,80,83,83,83,38,62,44,68,68,51,51,35,27,52,52,62,62,52,86,67,60,60,60,18,5,30,39,86,86,86,86,86,86,86,86,86,71,71,71,61,86,89,89,89,89,89,92,92,92,92,91,91,91,69,69,65,65,65,61,61,61,69,69,38,38,38,30,30,30,30,51,59,59,57,57,62,62,62,62,71,74,74,74,83,83,70,70,70,79,79,79,79,79,27,37,37,37,40,40,43,46,55,55,55,76,79,79,79,79,79,79,79,34,58,58,81,82,82,82,82,82,82,82,82,82,82,82,82,82,82,82,82,82,82,82,82,85,85,85,25,25,50,85,85,85,85,85,64,72,79,79,79,93,93,93,93,96,97,97,97,97,97,97,97,97,97,97],"gold":630,"neow_bonus":"HUNDRED_GOLD","is_daily":false,"chose_seed":false,"campfire_upgraded":30,"win_rate":0.0,"timestamp":1609438808,"path_taken":["M","M","?","M","M","?","$","R","M","M","T","T","?","?","$","E","R","?","?","R","BOSS","M","?","?","$","M","R","E","R","?","M","T","NM","M","R","?","M","R","BOSS","M","M","$","?","M","M","R","M","E","T","?","R","?","AVR","?","?","R","M","R","R","BOSS","M","?","$","?","$","M","R","M","?","M","T","T","E","?","M","?","R","M","R","R","BOSS","M","?","AVR","M","M","$","?","R","M","R","?","T","?","?","?","$","M","M","R","R","BOSS","M","?","$","M","$","?","?","R","E","M","T","T","?","AVR","?","?","M","R","R","BOSS","M","M","$","?","M","R","NM","R","T","?","?","?","?","$","R","R","BOSS","M","?","?","M","M","E","?","R","T","M","R","R","E","R","?","?","R","R","BOSS","M","?","AVR","?","?","M","R","R","E","R","T","T","?","?","R","M","?","R","?","M","R","R","BOSS"],"items_purchased_type":["Card","Relic","Card","Card","Relic","Card","Card","Card","Relic","Card","Card","Relic","Card","Card","Relic","Card","Relic","Relic"],"build_version":"2020-12-22","purchased_purges":1,"victory":true,"max_hp_per_floor":[80,80,80,80,80,80,80,80,80,80,80,80,80,80,80,80,80,80,80,80,80,80,80,83,83,83,83,83,83,83,83,86,86,86,86,86,86,86,86,86,86,86,86,86,86,86,86,86,86,86,86,86,86,86,86,86,86,86,86,86,86,86,86,89,89,89,89,89,92,92,92,92,92,92,92,69,69,69,69,69,69,69,69,69,69,72,72,72,72,72,72,72,72,72,72,72,72,77,77,77,77,80,80,80,80,83,83,83,79,79,79,79,79,79,79,79,79,79,79,79,79,79,79,79,79,79,79,79,79,79,79,79,79,79,82,82,82,82,82,82,82,82,82,82,82,82,82,82,82,82,82,82,82,82,82,82,82,82,85,85,85,85,85,85,85,85,85,85,85,85,90,90,90,90,97,97,97,97,97,97,97,97,97,97,97,97,97,97,97],"card_choices":[{"not_picked":["Guardian:Gem_Green","Guardian:Gem_White"],"picked":"Guardian:PiercingHide","floor":1.0},{"not_picked":["Guardian:Emergency","Guardian:Incinerate"],"picked":"Guardian:PiercingHide","floor":2.0},{"not_picked":["Guardian:ShieldSpikes","Guardian:BronzeOrb"],"picked":"Guardian:EvasiveProtocol","floor":4.0},{"not_picked":["Guardian:TimeBomb","Guardian:Gem_Crimson"],"picked":"Guardian:PiercingHide","floor":5.0},{"not_picked":["Guardian:VentSteam","Guardian:Reroute"],"picked":"Guardian:FuturePlans","floor":6.0},{"not_picked":["Guardian:PrimingBeam","Guardian:Preprogram","Guardian:GemFire"],"picked":"SKIP","floor":9.0},{"not_picked":["Guardian:ChargeCore","Guardian:TemporalShield"],"picked":"Guardian:Gem_Green","floor":10.0},{"not_picked":["Guardian:Gem_Cyan","Guardian:Gem_Green"],"picked":"Guardian:GuardianWhirl","floor":14.0},{"not_picked":["Guardian:GatlingBeam","Guardian:GuardianWhirl"],"picked":"Guardian:PolyBeam","floor":16.0},{"not_picked":["Guardian:StasisStrike","Guardian:SphericShield"],"picked":"Guardian:RevengeProtocol","floor":21.0},{"not_picked":["Guardian:WalkerClaw","Guardian:TimeBomb"],"picked":"Guardian:GuardianWhirl","floor":23.0},{"not_picked":["Guardian:Reroute","Guardian:Gem_Crimson"],"picked":"Guardian:Harden","floor":27.0},{"not_picked":["Guardian:Incinerate","Guardian:Suspension"],"picked":"Guardian:ExploitGems","floor":29.0},{"not_picked":["Guardian:Planning","Guardian:Recover"],"picked":"Guardian:TemporalStrike","floor":31.0},{"not_picked":["Guardian:Suspension","Guardian:Gem_Lightblue"],"picked":"Guardian:DonusPower","floor":32.0},{"not_picked":["Guardian:CrystalBeam+1","Guardian:ShieldCharger+1"],"picked":"Guardian:Gem_Fragmented","floor":34.0},{"not_picked":["Guardian:Planning","Guardian:Gem_Red"],"picked":"Guardian:VentSteam","floor":35.0},{"not_picked":["Guardian:TemporalStrike","Guardian:Gem_Red"],"picked":"Guardian:StasisEngine","floor":38.0},{"not_picked":["Guardian:ConstructionForm","Guardian:FierceBash"],"picked":"Guardian:Gem_Synthetic","floor":40.0},{"not_picked":["Guardian:Gem_Yellow","Guardian:CrystalBeam"],"picked":"Guardian:PiercingHide","floor":42.0},{"not_picked":["Guardian:TimeCapacitor+1","Guardian:Planning"],"picked":"Guardian:Gem_Cyan","floor":43.0},{"not_picked":["Guardian:ShieldCharger+1","Guardian:PrismaticBarrier+1"],"picked":"Guardian:TemporalStrike+1","floor":46.0},{"not_picked":["Guardian:Incinerate+1","Guardian:Reroute+1"],"picked":"Guardian:Harden+1","floor":47.0},{"not_picked":["Guardian:FastForward","Guardian:RefractedBeam+1"],"picked":"Guardian:Planning+1","floor":49.0},{"not_picked":["Guardian:Gem_Orange","Guardian:RollAttack+1"],"picked":"Guardian:PrimingBeam","floor":50.0},{"not_picked":["Guardian:Suspension+1","Guardian:Preprogram","Guardian:Gem_Red"],"picked":"Disarm","floor":57.0},{"not_picked":["Guardian:Planning+1","Guardian:Gem_Green","Run Through"],"picked":"Guardian:ArmoredProtocol","floor":59.0},{"not_picked":["Guardian:BaubleBeam","Guardian:GemFire","Guardian:RevengeProtocol"],"picked":"Juggernaut","floor":62.0},{"not_picked":["Guardian:TimeCapacitor","Guardian:RefractedBeam","Massacre"],"picked":"Guardian:Incinerate","floor":64.0},{"not_picked":["Guardian:ChargeCore","Guardian:TemporalShield","Hemokinesis"],"picked":"Guardian:FierceBash","floor":69.0},{"not_picked":["Guardian:Gem_Blue","Guardian:RefractedBeam","Warcry"],"picked":"Guardian:TemporalShield","floor":71.0},{"not_picked":["Guardian:CrystalBeam","Guardian:Reroute","True Grit"],"picked":"Guardian:ShieldCharger","floor":72.0},{"not_picked":["Guardian:GatlingBeam","Guardian:Reroute","Dark Embrace"],"picked":"Guardian:Clone","floor":73.0},{"not_picked":["Guardian:ShieldCharger","Guardian:Gem_Purple","Shockwave"],"picked":"Guardian:PrimingBeam","floor":76.0},{"not_picked":["Guardian:Gem_Cyan","Guardian:WalkerClaw","Sword Boomerang"],"picked":"Guardian:DonusPower","floor":78.0},{"not_picked":["Guardian:TimeCapacitor","Guardian:Gem_Green","True Grit"],"picked":"Guardian:TimeBomb","floor":81.0},{"not_picked":["ReplayTheSpireMod:Echoes of Time","infinitespire:Starlight"],"picked":"infinitespire:DeathsTouch","floor":84.0},{"not_picked":["Guardian:SphericShield","Guardian:GatlingBeam","Exhume"],"picked":"Guardian:FierceBash","floor":84.0},{"not_picked":["Guardian:Gem_Lightblue","Guardian:CrystalBeam+1","Wild Strike"],"picked":"Guardian:Recover","floor":86.0},{"not_picked":["Guardian:ShieldSpikes","Guardian:GuardianWhirl","Pummel"],"picked":"Guardian:PiercingHide","floor":89.0},{"not_picked":["Guardian:Gem_Green","Guardian:Gem_Cyan","Pommel Strike"],"picked":"Guardian:Clone","floor":90.0},{"not_picked":["Guardian:Planning","Guardian:TimeCapacitor","Clothesline"],"picked":"Guardian:ArmoredProtocol","floor":94.0},{"not_picked":["Guardian:Gem_Red","Guardian:Gem_Blue","Guardian:ConstructionForm"],"picked":"Havoc","floor":96.0},{"not_picked":["Guardian:Incinerate","Guardian:Gem_Green","Guardian:Emergency","Iron Wave"],"picked":"SKIP","floor":102.0},{"not_picked":["Guardian:Gem_Crimson","Guardian:TemporalShield","jedi:fear"],"picked":"Guardian:PiercingHide","floor":103.0},{"not_picked":["Guardian:FastForward","Guardian:ExploitGems","jedi:strikingstrike"],"picked":"Guardian:HyperBeam_Guardian","floor":106.0},{"not_picked":["Guardian:Gem_Green","Guardian:TemporalShield","Guardian:ChargeUp","Pommel Strike"],"picked":"Guardian:CrystalBeam","floor":108.0},{"not_picked":["Clothesline","Guardian:Recover","Guardian:VentSteam","Demonic Infusion"],"picked":"Body Slam+1","floor":111.0},{"not_picked":["jedi:hate+1","Clash+1","hubris:CleavingFinish+1","Brutality"],"picked":"Whirlwind+1","floor":116.0},{"not_picked":["Guardian:EvasiveProtocol","Entrench","Guardian:MultiBeam+1","Seeing Red"],"picked":"Guardian:DonusPower+1","floor":117.0},{"not_picked":["Guardian:TemporalShield+1","Cleave","Guardian:Gem_Green","Sword Boomerang"],"picked":"Guardian:DecasProtection+1","floor":124.0},{"not_picked":["Brutality","Limit Break+1","Guardian:BaubleBeam","jedi:bloodyhammer"],"picked":"Juggernaut","floor":127.0},{"not_picked":["jedi:collectorstrike","Entrench+1","Iron Wave","Guardian:Gem_Crimson"],"picked":"Havoc","floor":129.0},{"not_picked":["Anger","Hemokinesis","Offering+1","Clash"],"picked":"Armaments","floor":130.0},{"not_picked":["Shrug It Off+1","Metallicize","Guardian:PiercingHide+1","Replay:Undeath\u0027s Touch"],"picked":"Heavy Blade","floor":133.0},{"not_picked":["Guardian:Preprogram+1","Feed","Searing Blow","Wild Strike"],"picked":"Havoc+1","floor":135.0},{"not_picked":["Juggernaut","Guardian:GemFire","Impervious+1","Limit Break+1"],"picked":"Barricade","floor":145.0},{"not_picked":["Blood for Blood+1","Twin Strike","Havoc+1","hubris:ReadiedAction"],"picked":"Guardian:WalkerClaw+1","floor":147.0},{"not_picked":["Run Through","jedi:MakeshiftSword","Carnage+1","Hemokinesis"],"picked":"Cleave+1","floor":150.0},{"not_picked":["ReplayTheSpireMod:Strike From Hell+1","Flex+1","Guardian:Planning+1","Ghostly Armor"],"picked":"Sword Boomerang+1","floor":151.0},{"not_picked":["Havoc+1","Guardian:Planning+1","Clash","jedi:fear"],"picked":"Guardian:FuturePlans+1","floor":152.0},{"not_picked":["Guardian:WalkerClaw","Sever Soul+1","Massacre","jedi:suffering"],"picked":"Warcry+1","floor":156.0},{"not_picked":["Twin Strike","Guardian:Recover+1","Guardian:Repulse","Armaments"],"picked":"Shrug It Off+1","floor":159.0},{"not_picked":["Bludgeon","Guardian:TimeSifter","Guardian:GemFinder","Guardian:ConstructionForm","conspire:Purge"],"picked":"jedi:unlimitedpower","floor":165.0},{"not_picked":["Guardian:Gem_Lightblue","Guardian:Gem_Red","jedi:fear+1","Havoc+1","Bloodletting+1"],"picked":"Headbutt","floor":167.0},{"not_picked":["Guardian:Gem_Red","Anger+1","Carnage+1","Blood for Blood","Guardian:Gem_Crimson"],"picked":"Headbutt","floor":170.0},{"not_picked":["Bloodletting+1","Seeing Red+1","Guardian:BaubleBeam","Clothesline+1","Dark Embrace"],"picked":"Body Slam","floor":170.0},{"not_picked":["Perfected Strike","Guardian:Gem_Red","Guardian:ExploitGems+1","ReplayReversal+1","Run Through"],"picked":"Guardian:PiercingHide+1","floor":172.0},{"not_picked":["Guardian:SpikerProtocol","Guardian:TimeCapacitor+1","Clash+1","Guardian:Gem_Crimson","Rampage"],"picked":"Second Wind+1","floor":175.0},{"not_picked":["Guardian:TemporalShield+1","Guardian:Recover+1","Feel No Pain+1","Iron Wave","Twin Strike"],"picked":"Perfected Strike+1","floor":182.0}],"player_experience":695544,"relics_obtained":[{"floor":11.0,"key":"Grinning Jar"},{"floor":12.0,"key":"Smiling Mask"},{"floor":29.0,"key":"trackpad:Compendium"},{"floor":32.0,"key":"halation:EternalFortune"},{"floor":33.0,"key":"infinitespire:BottledMercury"},{"floor":34.0,"key":"halation:AfternoonTea"},{"floor":47.0,"key":"wanderingMiniBosses:AbyssPearl"},{"floor":50.0,"key":"Replay:Kaleidoscope"},{"floor":51.0,"key":"hubris:DisguiseKit"},{"floor":64.0,"key":"halation:EternalFortune"},{"floor":69.0,"key":"halation:EternalFortune"},{"floor":74.0,"key":"Juzu Bracelet"},{"floor":75.0,"key":"Omamori"},{"floor":76.0,"key":"infinitespire:Lychee Nut"},{"floor":79.0,"key":"Pantograph"},{"floor":86.0,"key":"halation:EternalFortune"},{"floor":96.0,"key":"HornCleat"},{"floor":97.0,"key":"trackpad:RapidFire"},{"floor":98.0,"key":"vexMod:Dragonfruit"},{"floor":102.0,"key":"halation:EternalFortune"},{"floor":106.0,"key":"halation:EternalFortune"},{"floor":116.0,"key":"Orichalcum"},{"floor":118.0,"key":"Toxic Egg 2"},{"floor":119.0,"key":"hubris:SphereOfDissonance"},{"floor":135.0,"key":"halation:EternalFortune"},{"floor":135.0,"key":"aspiration:HiddenCompartment"},{"floor":137.0,"key":"Guardian:PocketSentry"},{"floor":140.0,"key":"trackpad:GuardianSpirit"},{"floor":143.0,"key":"Shuriken"},{"floor":152.0,"key":"MealTicket"},{"floor":155.0,"key":"halation:QuantumPhysicsTextbook"},{"floor":159.0,"key":"halation:EternalFortune"},{"floor":159.0,"key":"Question Card"},{"floor":170.0,"key":"jedi:command_uncommon"},{"floor":171.0,"key":"jedi:command_uncommon"},{"floor":175.0,"key":"jedi:command_common"},{"floor":177.0,"key":"jedi:command_common"},{"floor":178.0,"key":"jedi:command_uncommon"},{"floor":187.0,"key":"jedi:command_uncommon"}],"event_choices":[{"damage_healed":0.0,"max_hp_gain":0.0,"max_hp_loss":0.0,"gold_gain":0.0,"event_name":"Match and Keep!","player_choice":"2 cards matched","floor":3.0,"gold_loss":0.0,"damage_taken":0.0,"cards_obtained":["Guardian:Gem_Red","Swift Strike"]},{"damage_healed":0.0,"max_hp_gain":0.0,"max_hp_loss":0.0,"gold_gain":100.0,"event_name":"Golden Shrine","player_choice":"Pray","floor":13.0,"gold_loss":0.0,"damage_taken":0.0},{"damage_healed":0.0,"max_hp_gain":0.0,"max_hp_loss":0.0,"gold_gain":0.0,"event_name":"conspire:LoneGhost","player_choice":"Agree","floor":18.0,"gold_loss":0.0,"damage_taken":0.0},{"damage_healed":0.0,"max_hp_gain":0.0,"max_hp_loss":0.0,"gold_gain":100.0,"event_name":"Golden Shrine","player_choice":"Pray","floor":114.0,"gold_loss":0.0,"damage_taken":0.0},{"damage_healed":0.0,"max_hp_gain":0.0,"max_hp_loss":0.0,"gold_gain":0.0,"event_name":"conspire:Investor","player_choice":"Leave","floor":123.0,"gold_loss":0.0,"damage_taken":0.0},{"damage_healed":20.0,"max_hp_gain":0.0,"max_hp_loss":0.0,"gold_gain":0.0,"event_name":"The Cleric","player_choice":"Healed","floor":138.0,"gold_loss":35.0,"damage_taken":0.0},{"cards_removed":["Armaments"],"damage_healed":5.0,"max_hp_gain":0.0,"max_hp_loss":0.0,"gold_gain":0.0,"event_name":"Bonfire Elementals","player_choice":"Offered Common","floor":139.0,"gold_loss":0.0,"damage_taken":0.0},{"cards_removed":["Armaments"],"damage_healed":5.0,"max_hp_gain":0.0,"max_hp_loss":0.0,"gold_gain":0.0,"event_name":"Bonfire Elementals","player_choice":"Offered Special","floor":139.0,"gold_loss":0.0,"damage_taken":0.0},{"damage_healed":0.0,"max_hp_gain":0.0,"max_hp_loss":0.0,"gold_gain":0.0,"event_name":"betterThird:BetterSerpent","player_choice":"Ignored","floor":141.0,"gold_loss":0.0,"damage_taken":178.0}],"is_beta":false,"boss_relics":[{"not_picked":["vexMod:FluxCapacitor","halation:ForbiddenBikini","hubris:RunicObelisk"]},{"not_picked":["Kintsugi","halation:PinkAlligatorPlush"],"picked":"vexMod:EndlessSickness"},{"not_picked":["halation:Yufonium","Empty Cage"],"picked":"sneckomod:SneckoTalon"},{"not_picked":["expansioncontent:StudyCardRelic","Calling Bell"],"picked":"aspiration:PoetsPen"},{"not_picked":["Runic Dome","aspiration:SecretTechniqueScroll"],"picked":"aspiration:IroncladSkillbook"},{"not_picked":["conspire:SeveredTorchhead","Snecko Eye"],"picked":"Abe\u0027s Treasure"},{"not_picked":["Ring of Chaos","vexMod:CursedCompass"],"picked":"Astrolabe"},{"not_picked":["jedi:command_boss","jedi:command_boss"],"picked":"jedi:command_boss"}],"items_purged_floors":[56],"is_endless":false,"potions_floor_spawned":[4,5,9,14,16,23,32,35,38,46,49,50,57,71,72,73,78,81,86,89,94,103,111,117,130,151,159,165,182],"ascension_level":0}}