{"host":"anox4050deqdcqoh","time":1609421885,"event":{"mods":["BaseMod","Colored Map","Minty Spire (QoL Compilation)","Quick Restart"],"gold_per_floor":[117,137,156,109,122,157,157,172,198,198,52,67,67,67,67,171,180,158,183,192,213,213,213,252,252,252,89,112,112,112,139,139,244,244,273,273,273,49,62,62,99,99,123,145,168,168,168],"floor_reached":46,"playtime":2402,"items_purged":[],"score":542,"play_id":"c18c55c1-5bc5-48fa-b820-4ca69c1ce275","local_time":"20201231083805","is_ascension_mode":true,"campfire_choices":[{"floor":7.0,"key":"RECALL"},{"floor":10.0,"key":"REST"},{"data":"Defragment","floor":13.0,"key":"SMITH"},{"floor":15.0,"key":"REST"},{"floor":23,"key":"REST"},{"floor":25,"key":"REST"},{"data":"Rainbow","floor":32,"key":"SMITH"},{"data":"Echo Form","floor":40,"key":"SMITH"},{"floor":42,"key":"REST"}],"circlet_count":0,"master_deck":["Strike_B","Strike_B","Strike_B","Strike_B","Defend_B","Defend_B","Defend_B","Defend_B","Zap+1","Dualcast","Lockon","Defragment+1","Ball Lightning","Leap","Multi-Cast","Doom and Gloom","Machine Learning","CurseOfTheBell","Barrage+1","Coolheaded+1","Reinforced Body+1","Sweeping Beam+1","Melter+1","Rainbow+1","Rebound+1","Echo Form+1","Chaos","Self Repair","Go for the Eyes","Electrodynamics"],"relics":["Cracked Core","CeramicFish","Regal Pillow","Vajra","Blood Vial","Calling Bell","Potion Belt","HornCleat","Ginger","Strawberry","Incense Burner","Membership Card","Pantograph","SlaversCollar","Happy Flower","Lee\u0027s Waffle","War Paint","Bronze Scales","Omamori"],"acts_visited":["Exordium","TheCity","TheBeyond"],"potions_floor_usage":[24,33,41,41,44,44,45,46],"damage_taken":[{"damage":8.0,"enemies":"2 Louse","floor":1.0,"turns":3.0},{"damage":5.0,"enemies":"Small Slimes","floor":2.0,"turns":3.0},{"damage":7.0,"enemies":"Jaw Worm","floor":3.0,"turns":3.0},{"damage":6.0,"enemies":"2 Fungi Beasts","floor":5.0,"turns":3.0},{"damage":21.0,"enemies":"Lagavulin","floor":6.0,"turns":6.0},{"damage":6.0,"enemies":"Looter","floor":8.0,"turns":3.0},{"damage":3.0,"enemies":"Blue Slaver","floor":12.0,"turns":3.0},{"damage":18.0,"enemies":"The Guardian","floor":16.0,"turns":8.0},{"damage":38,"enemies":"2 Thieves","floor":18,"turns":5},{"damage":9,"enemies":"Chosen","floor":19,"turns":4},{"damage":0,"enemies":"Snake Plant","floor":21,"turns":4},{"damage":69,"enemies":"Slavers","floor":24,"turns":5},{"damage":20,"enemies":"Snecko","floor":28,"turns":8},{"damage":0,"enemies":"Centurion and Healer","floor":31,"turns":4},{"damage":37,"enemies":"Automaton","floor":33,"turns":10},{"damage":80,"enemies":"3 Darklings","floor":35,"turns":8},{"damage":35,"enemies":"Orb Walker","floor":39,"turns":5},{"damage":20,"enemies":"Reptomancer","floor":41,"turns":6},{"damage":7,"enemies":"Jaw Worm Horde","floor":44,"turns":4},{"damage":47,"enemies":"Spire Growth","floor":45,"turns":6},{"damage":61,"enemies":"Giant Head","floor":46,"turns":7}],"seed_played":"5489750435368501077","potions_obtained":[{"floor":1.0,"key":"Block Potion"},{"floor":2.0,"key":"SpeedPotion"},{"floor":16.0,"key":"FocusPotion"},{"floor":21,"key":"Regen Potion"},{"floor":28,"key":"SneckoOil"},{"floor":31,"key":"Fire Potion"},{"floor":33,"key":"Block Potion"},{"floor":35,"key":"SneckoOil"},{"floor":44,"key":"Swift Potion"},{"floor":45,"key":"Strength Potion"}],"is_trial":false,"path_per_floor":["M","M","M","$","M","E","R","M","T","R","$","M","R","?","R","B",null,"M","M","?","M","T","R","E","R","T","$","M","?","T","M","R","B",null,"M","?","?","$","M","R","E","R","T","M","M","E"],"character_chosen":"DEFECT","items_purchased":["Leap","Vajra","Membership Card","Fusion","Happy Flower","Lee\u0027s Waffle","War Paint"],"campfire_rested":5,"item_purchase_floors":[4,11,27,27,38,38,38],"current_hp_per_floor":[74,69,62,62,56,35,35,29,29,68,68,65,65,40,79,63,82,44,37,37,39,39,78,18,59,59,59,41,41,41,43,43,48,89,9,9,9,96,61,61,43,86,86,95,56,0,0],"gold":168,"neow_bonus":"TEN_PERCENT_HP_BONUS","is_daily":false,"chose_seed":false,"campfire_upgraded":3,"win_rate":0.0,"timestamp":1609421885,"path_taken":["M","M","M","$","M","E","R","M","T","R","$","M","R","?","R","BOSS","M","M","?","M","?","R","E","R","T","$","M","?","?","M","R","BOSS","M","?","?","$","M","R","E","R","T","M","M","E"],"items_purchased_type":["Card","Relic","Relic","Card","Relic","Relic","Relic"],"build_version":"2020-12-22","purchased_purges":0,"victory":false,"max_hp_per_floor":[82,82,82,82,82,82,82,82,82,82,82,82,82,82,82,82,82,82,82,82,82,82,82,89,89,89,89,89,89,89,89,89,89,89,89,89,89,96,96,96,96,96,96,96,96,96,96],"card_choices":[{"not_picked":["Leap","Skim"],"picked":"Lockon","floor":1.0},{"not_picked":["Turbo","Gash"],"picked":"Defragment","floor":2.0},{"not_picked":["Redo","Tempest"],"picked":"Ball Lightning","floor":3.0},{"not_picked":["Compile Driver","Redo"],"picked":"Multi-Cast","floor":5.0},{"not_picked":["Fission","Cold Snap"],"picked":"Doom and Gloom","floor":6.0},{"not_picked":["Redo","Chaos","Blizzard"],"picked":"SKIP","floor":8.0},{"not_picked":["Gash","Cold Snap","Redo"],"picked":"SKIP","floor":12.0},{"not_picked":["Biased Cognition","Hyperbeam"],"picked":"Machine Learning","floor":16.0},{"not_picked":["Turbo","Streamline"],"picked":"Barrage+1","floor":18},{"not_picked":["Multi-Cast","Rebound"],"picked":"Coolheaded+1","floor":19},{"not_picked":["Cold Snap","Ball Lightning+1"],"picked":"Sweeping Beam+1","floor":21},{"not_picked":["Tempest","Force Field+1"],"picked":"Melter+1","floor":24},{"not_picked":["Sweeping Beam","Melter"],"picked":"Rainbow","floor":28},{"not_picked":["Redo","Ball Lightning"],"picked":"Rebound+1","floor":31},{"not_picked":["Fission","Biased Cognition"],"picked":"Echo Form","floor":33},{"not_picked":["Fusion+1","Beam Cell"],"picked":"Chaos","floor":35},{"not_picked":["Scrape","Streamline+1","Coolheaded+1"],"picked":"SKIP","floor":39},{"not_picked":["Melter","Cold Snap"],"picked":"Self Repair","floor":41},{"not_picked":["Static Discharge","Recycle"],"picked":"Go for the Eyes","floor":44},{"not_picked":["Tempest+1","Reprogram+1"],"picked":"Electrodynamics","floor":45}],"player_experience":239169,"relics_obtained":[{"floor":6.0,"key":"CeramicFish"},{"floor":9.0,"key":"Regal Pillow"},{"floor":17,"key":"Potion Belt"},{"floor":17,"key":"HornCleat"},{"floor":17,"key":"Ginger"},{"floor":24,"key":"Strawberry"},{"floor":26,"key":"Incense Burner"},{"floor":30,"key":"Pantograph"},{"floor":41,"key":"Bronze Scales"},{"floor":43,"key":"Omamori"}],"event_choices":[{"damage_healed":0.0,"max_hp_gain":0.0,"max_hp_loss":0.0,"gold_gain":0.0,"event_name":"Scrap Ooze","player_choice":"Success","floor":14.0,"gold_loss":0.0,"damage_taken":25.0,"relics_obtained":["Blood Vial"]},{"damage_healed":0,"gold_gain":0,"player_choice":"Read","damage_taken":0,"max_hp_gain":0,"max_hp_loss":0,"event_name":"The Library","floor":20,"gold_loss":0,"cards_obtained":["Reinforced Body"]},{"damage_healed":0,"gold_gain":0,"player_choice":"Ignored","damage_taken":0,"max_hp_gain":0,"max_hp_loss":0,"event_name":"Ghosts","floor":29,"gold_loss":0},{"cards_removed":["Fusion"],"damage_healed":0,"gold_gain":0,"player_choice":"Removed Skill","damage_taken":0,"max_hp_gain":0,"max_hp_loss":0,"event_name":"Falling","floor":36,"gold_loss":0},{"damage_healed":0,"gold_gain":0,"player_choice":"Memory 1","damage_taken":0,"max_hp_gain":0,"max_hp_loss":0,"event_name":"SensoryStone","floor":37,"gold_loss":0}],"is_beta":false,"boss_relics":[{"not_picked":["Cursed Key","Tiny House"],"picked":"Calling Bell"},{"not_picked":["Snecko Eye","Pandora\u0027s Box"],"picked":"SlaversCollar"}],"items_purged_floors":[],"is_endless":false,"potions_floor_spawned":[1,2,16,21,28,31,33,35,44,45],"killed_by":"Giant Head","ascension_level":2}}