{"host":"ql9d3hodw6ja2r3y","time":1609375352,"event":{"mods":["2.2 Compatiblity","AchievementEnabler","Act Like it!","BaseMod","Beaked The Cultist","Better Altar","Better Match","Better Note","Better Sensory Stone","Better Skull","Better Third Choice","Better Vampires","BetterRewards","CCEM","Challenge The Spire","Colored Powertips","Curses Come First","Displayed Cursed Tome","Downfall","Friendly Minions","GifTheSpireLib","Infinite Spire","Marked Mod","Mimic Mod","Minty Spire (QoL Compilation)","Permanent Neow","Quick Restart","Random Character Button","Rare Cards Sparkle","Relic Sorter","Shade Mod","Somnambulant","Spicy Shops","StSLib","Synergy Search","The Blue Laboratory","The Bug Knight","The Construct","The Cursed","The Disciple","The Forsaken","The Hierophant","The Marked","The Runesmith","The Spell Scribe"],"gold_per_floor":[364,364,464,479,495,495,520,520,546,67,86,86,86,105,105,105,105],"floor_reached":16,"playtime":2615,"items_purged":[],"score":100,"play_id":"c970b0bd-56b0-472a-9cff-61f9715df36d","local_time":"20201231014232","is_ascension_mode":false,"campfire_choices":[{"floor":6,"key":"REST"},{"floor":8,"key":"REST"},{"floor":12,"key":"REST"},{"floor":15,"key":"REST"}],"circlet_count":0,"master_deck":["theScribe:StarterAttack","theScribe:StarterAttack","theScribe:LightningStrike","theScribe:LightningStrike","theScribe:StarterDefend","theScribe:StarterDefend","theScribe:StarterDefend","theScribe:IcyDefend","theScribe:IcyDefend","theScribe:StarterModifier","Parasite","theScribe:EnchantedStrike","theScribe:Frost","theScribe:FrostvenomToxin","theScribe:EnchantedStrike","theScribe:PiercingBolts","theScribe:ArcaneBarrier","theScribe:MirrorImage","theScribe:ArcaneArcing","theScribe:ScrollOfScrying","expansioncontent:PolyBeam+1","theScribe:Overcharge","expansioncontent:PrepareCrush+1","theScribe:TelumSpellstone"],"relics":["theScribe:StarterRelic1","CCEMRelics:FestiveHat","CCEMRelics:Barrel","theForsaken:Lifeblossom"],"acts_visited":["Exordium"],"potions_floor_usage":[11,16,16,16],"damage_taken":[{"damage":5.0,"enemies":"Jaw Worm","floor":1.0,"turns":7.0},{"damage":13,"enemies":"Small Slimes","floor":4,"turns":4},{"damage":16,"enemies":"Cultist","floor":5,"turns":7},{"damage":51,"enemies":"Gremlin Nob","floor":7,"turns":5},{"damage":9,"enemies":"Lots of Slimes","floor":11,"turns":4},{"damage":13,"enemies":"Blue Slaver","floor":14,"turns":4},{"damage":72,"enemies":"The Guardian","floor":16,"turns":15}],"seed_played":"-3903219856991750583","potions_obtained":[{"floor":4,"key":"blueLaboratory:RememoryPotion"},{"floor":5,"key":"Energy Potion"},{"floor":7,"key":"blueLaboratory:EnragingPotion"},{"floor":14,"key":"blueLaboratory:PhilterOfMotion"}],"is_trial":false,"path_per_floor":["M","?","?","M","M","R","E","R","T","$","M","R","?","M","R","B"],"character_chosen":"THE_SCRIBE","items_purchased":["theScribe:PiercingBolts","theScribe:ArcaneBarrier","theScribe:MirrorImage","theScribe:ArcaneArcing","theScribe:ScrollOfScrying"],"campfire_rested":4,"item_purchase_floors":[10,10,10,10,10],"current_hp_per_floor":[70,70,70,57,41,63,12,34,34,34,25,47,47,40,62,0,0],"gold":105,"neow_bonus":"TWO_FIFTY_GOLD","is_daily":false,"chose_seed":false,"campfire_upgraded":0,"win_rate":0.0,"timestamp":1609375352,"path_taken":["M","?","?","?","M","R","E","R","T","?","M","R","?","M","R","BOSS"],"items_purchased_type":["Card","Card","Card","Card","Card"],"build_version":"2020-12-22","purchased_purges":0,"victory":false,"max_hp_per_floor":[75,75,75,75,75,75,75,75,75,75,75,75,75,75,75,75,75],"card_choices":[{"not_picked":["theScribe:CapacitanceScroll","theScribe:Overcharge"],"picked":"theScribe:EnchantedStrike","floor":1.0},{"not_picked":["theScribe:CapacitanceScroll","theScribe:Focused"],"picked":"theScribe:Frost","floor":4},{"not_picked":["theScribe:PriceOfKnowledge","theScribe:FocusingBlow"],"picked":"theScribe:FrostvenomToxin","floor":5},{"not_picked":["theScribe:GatherComponents","theScribe:FranticSearch"],"picked":"theScribe:EnchantedStrike","floor":7},{"not_picked":["expansioncontent:DarkVoid+1","expansioncontent:DonusPower+1"],"picked":"expansioncontent:PolyBeam+1","floor":11},{"not_picked":["theScribe:PriceOfKnowledge","theScribe:ToxicSpellstone"],"picked":"theScribe:Overcharge","floor":11},{"not_picked":["HandOfGreed+1","Forethought+1"],"picked":"expansioncontent:PrepareCrush+1","floor":14},{"not_picked":["theScribe:GatherComponents","theScribe:ArcaneBarrier"],"picked":"theScribe:TelumSpellstone","floor":14}],"player_experience":19467,"relics_obtained":[{"floor":7,"key":"CCEMRelics:FestiveHat"},{"floor":9,"key":"CCEMRelics:Barrel"}],"event_choices":[{"damage_healed":0.0,"max_hp_gain":0.0,"max_hp_loss":0.0,"gold_gain":0.0,"event_name":"Golden Idol","player_choice":"Ignored","floor":2.0,"gold_loss":0.0,"damage_taken":0.0},{"damage_healed":0.0,"max_hp_gain":0.0,"max_hp_loss":0.0,"gold_gain":100.0,"event_name":"Golden Shrine","player_choice":"Pray","floor":3.0,"gold_loss":0.0,"damage_taken":0.0},{"damage_healed":0,"gold_gain":0,"player_choice":"Searched \u00271\u0027 times","damage_taken":0,"relics_obtained":["theForsaken:Lifeblossom"],"max_hp_gain":0,"max_hp_loss":0,"event_name":"Dead Adventurer","floor":13,"gold_loss":0}],"is_beta":false,"boss_relics":[],"items_purged_floors":[],"is_endless":false,"potions_floor_spawned":[4,5,7,14],"killed_by":"The Guardian","ascension_level":0}}