{"host":"ff0k6g9g9j8o52vm","time":1609387992,"event":{"mods":["AchievementEnabler","Aspiration","Astrologer","BaseMod","Beaked The Cultist","Better Altar","Better Note","Better Sensory Stone","Better Skull","Better Third Choice","Colored Map","Colored Powertips","Curses Come First","Downfall","Energized Spire","GifTheSpireLib","Gremlin Mod","Hermit","Highlight Path","Hubris","Infinite Spire","Jorbs\u0027s Wanderer Trilogy","Koishi","Marisa????????","Minty Spire (QoL Compilation)","Quick Restart","Random Character Button","Replay The Spire","Robot Space Explorer","Shade Mod","Somnambulant","StSLib","The Bug Knight","The Clintock","The Construct","The Cursed","The Disciple","The Dragon Tamer","The Forsaken","The Gatherer","The Hayseed","The Hierophant","The Judge","The Jungle","The Marked","The Mystic","The Necromancer","The Poker Player","The Runesmith","The Sage","The Saiyan","The Senshi","The Servant 0.9.4","The Wild Card","TheArtist","Wandering Minibosses","Yuri Mod","vexMod"],"gold_per_floor":[106,106,123,137,137,141,141,141,141,151,182,35,35,44,44,44,44],"floor_reached":16,"playtime":2596,"items_purged":["hierophant:Strike_Hierophant"],"score":114,"play_id":"1a7ba0c6-6ce6-4a6e-a2cc-ea79b3fbe605","local_time":"20201230201312","is_ascension_mode":false,"campfire_choices":[{"floor":7,"key":"REST"},{"floor":15,"key":"REST"}],"circlet_count":0,"master_deck":["hierophant:Strike_Hierophant","hierophant:Strike_Hierophant","hierophant:Strike_Hierophant","hierophant:Punish","hierophant:Defend_Hierophant","hierophant:Defend_Hierophant","hierophant:Defend_Hierophant","hierophant:Defend_Hierophant","hierophant:ChurchCoffers","hierophant:HolyVerse","hierophant:RepressedViolence","hierophant:PristineSoul","hierophant:MorningPrayer","hierophant:Sermon","theForsaken:PlagueCurse","hierophant:MirrorShield"],"relics":["hierophant:PropheticMaskRelic","hubris:Zylophone","Singing Bowl","Replay:Mystery Machine","theForsaken:PlagueMask"],"acts_visited":["Exordium"],"potions_floor_usage":[10,11,14,16,16,16],"damage_taken":[{"damage":1,"enemies":"Jaw Worm","floor":1,"turns":3},{"damage":6,"enemies":"Cultist","floor":2,"turns":3},{"damage":8,"enemies":"Small Slimes","floor":3,"turns":5},{"damage":6,"enemies":"Exordium Wildlife","floor":4,"turns":3},{"damage":2,"enemies":"Blue Slaver","floor":5,"turns":4},{"damage":52,"enemies":"Lagavulin","floor":6,"turns":12},{"damage":0,"enemies":"Lots of Slimes","floor":10,"turns":1},{"damage":10,"enemies":"3 Sentries","floor":11,"turns":5},{"damage":14,"enemies":"2 Fungi Beasts","floor":14,"turns":6},{"damage":36,"enemies":"Slime Boss","floor":16,"turns":10}],"seed_played":"8784111440621542188","potions_obtained":[{"floor":1,"key":"Milkshake"},{"floor":8,"key":"Venom Potion"},{"floor":8,"key":"Swift Potion"},{"floor":8,"key":"DuplicationPotion"},{"floor":11,"key":"Swift Potion"},{"floor":14,"key":"Explosive Potion"}],"is_trial":false,"path_per_floor":["M","M","M","M","M","E","R","?","T","M","E","$","?","M","R","B"],"character_chosen":"HIEROPHANT","items_purchased":["Swift Potion"],"campfire_rested":2,"item_purchase_floors":[12],"current_hp_per_floor":[81,75,67,61,59,7,31,31,31,33,25,25,25,11,36,0,0],"gold":44,"neow_bonus":"TEN_PERCENT_HP_BONUS","is_daily":false,"chose_seed":false,"campfire_upgraded":0,"win_rate":0.0,"timestamp":1609387992,"path_taken":["M","M","M","M","M","E","R","?","T","?","E","$","?","M","R","BOSS"],"items_purchased_type":["Potion"],"build_version":"2020-12-22","purchased_purges":1,"victory":false,"max_hp_per_floor":[82,82,82,82,82,82,82,82,82,84,86,86,86,86,86,86,86],"card_choices":[{"not_picked":["hierophant:CursedGold","hierophant:ThreeLashes"],"picked":"hierophant:HolyVerse","floor":1},{"not_picked":["hierophant:Racketeering","hierophant:FieryStrike"],"picked":"hierophant:RepressedViolence","floor":2},{"not_picked":["hierophant:SealAway","hierophant:ThreeLashes","hierophant:Encroach"],"picked":"SKIP","floor":3},{"not_picked":["hierophant:RustyCrate","hierophant:SealAway"],"picked":"hierophant:PristineSoul","floor":4},{"not_picked":["hierophant:Exaltation","hierophant:EyeForCoin"],"picked":"hierophant:MorningPrayer","floor":5},{"not_picked":["hierophant:FieryStrike","hierophant:Prophecy"],"picked":"hierophant:Sermon","floor":6},{"not_picked":["hierophant:Encroach","hierophant:HammerAndAnvil","hierophant:RepressedViolence"],"picked":"Singing Bowl","floor":10},{"not_picked":["hierophant:Mercenaries","hierophant:Doubloon","hierophant:Doomsaying"],"picked":"Singing Bowl","floor":11},{"not_picked":["hierophant:Mercenaries","hierophant:Encroach"],"picked":"hierophant:MirrorShield","floor":14}],"player_experience":923338,"relics_obtained":[{"floor":6,"key":"hubris:Zylophone"},{"floor":9,"key":"Singing Bowl"},{"floor":11,"key":"Replay:Mystery Machine"}],"event_choices":[{"damage_healed":0,"gold_gain":0,"player_choice":"Got Potions","damage_taken":0,"max_hp_gain":0,"max_hp_loss":0,"event_name":"Lab","floor":8,"gold_loss":0},{"damage_healed":0,"gold_gain":0,"player_choice":"Obtain Plague Curse","damage_taken":0,"max_hp_gain":0,"max_hp_loss":0,"event_name":"Plague Doctor","floor":13,"gold_loss":0,"cards_obtained":["theForsaken:PlagueCurse"]}],"is_beta":false,"boss_relics":[],"items_purged_floors":[12],"is_endless":false,"potions_floor_spawned":[1,11,14],"killed_by":"Slime Boss","ascension_level":0}}