{"host":"12lnwhc48gjtaggg","time":1609416693,"event":{"mods":["Aspiration","BaseMod","BetterRewards","Gold Saver","GungeonMod","Infinite Spire","Minty Spire (QoL Compilation)","Remove Card Discount Mod","Shop Mod","StSLib","Trackpad","[IsaacMod]????"],"gold_per_floor":[114,114,114,114,172,172,205,221,244,254,282,293,218,206,206,206,206],"floor_reached":16,"playtime":1507,"items_purged":[],"score":144,"play_id":"dcb979be-604d-4577-a374-fed092f5ebcf","local_time":"20201231121133","is_ascension_mode":true,"campfire_choices":[{"data":"DemoMod:ManualReload","floor":6,"key":"SMITH"},{"floor":15,"key":"REST"}],"circlet_count":0,"master_deck":["DemoMod:Strike_Huntress","DemoMod:Strike_Huntress","DemoMod:Strike_Huntress","DemoMod:Defend_Huntress","DemoMod:Defend_Huntress","DemoMod:Defend_Huntress","DemoMod:Defend_Huntress","DemoMod:Roll","DemoMod:ManualReload+1","DemoMod:RustySidearm","DemoMod:CrossBow","DemoMod:DoubleSwitch","DemoMod:SAA","DemoMod:Polaris","DemoMod:DirectionalPad","DemoMod:TripleGun","DemoMod:EasyReloadBullets+1"],"relics":["DemoMod:Dog","HushsDoor","GuppysHead","NeowsBlessing","YumHeart","DemoMod:PartiallyEatenCheese","trackpad:PetRock","Frozen Egg 2"],"acts_visited":["Exordium"],"potions_floor_usage":[16,16],"damage_taken":[{"damage":0,"enemies":"2 Louse","floor":1,"turns":1},{"damage":0,"enemies":"Jaw Worm","floor":5,"turns":1},{"damage":0,"enemies":"3 Sentries","floor":7,"turns":2},{"damage":2,"enemies":"Cultist","floor":8,"turns":4},{"damage":14,"enemies":"Gremlin Gang","floor":10,"turns":4},{"damage":11,"enemies":"Lagavulin","floor":11,"turns":3},{"damage":8,"enemies":"2 Fungi Beasts","floor":12,"turns":3},{"damage":8,"enemies":"Exordium Thugs","floor":14,"turns":4},{"damage":41,"enemies":"The Guardian","floor":16,"turns":9}],"seed_played":"138054284506646801","potions_obtained":[{"floor":1,"key":"PowerPotion"},{"floor":5,"key":"FearPotion"},{"floor":8,"key":"DuplicationPotion"}],"is_trial":false,"path_per_floor":["M","?","$","?","M","R","E","M","T","M","E","M","$","M","R","B"],"character_chosen":"HUNTRESS","items_purchased":["DemoMod:EasyReloadBullets+1"],"campfire_rested":1,"item_purchase_floors":[13],"current_hp_per_floor":[70,63,63,63,63,63,63,61,61,47,36,28,28,20,41,0,0],"gold":206,"neow_bonus":"THREE_ENEMY_KILL","is_daily":false,"chose_seed":false,"campfire_upgraded":1,"win_rate":0.0,"timestamp":1609416693,"path_taken":["M","?","$","?","?","R","E","M","T","M","E","?","$","M","R","BOSS"],"items_purchased_type":["Card"],"build_version":"2020-12-22","purchased_purges":0,"victory":false,"max_hp_per_floor":[70,70,70,70,70,70,70,70,70,70,70,70,70,70,70,70,70],"card_choices":[{"not_picked":["DemoMod:BattleInHaste","DemoMod:FastSwitch"],"picked":"DemoMod:DoubleSwitch","floor":1},{"not_picked":["DemoMod:ZorGun","DemoMod:ConditionalReflex"],"picked":"DemoMod:SAA","floor":5},{"not_picked":["DemoMod:FinishedGun","DemoMod:SpreadAmmo"],"picked":"DemoMod:Polaris","floor":7},{"not_picked":["DemoMod:AbyssalTentacle","DemoMod:SniperShot"],"picked":"DemoMod:DirectionalPad","floor":8},{"not_picked":["DemoMod:MachoBrace","DemoMod:DirectionalPad"],"picked":"Bomb","floor":10},{"not_picked":["DemoMod:BulletBore","DemoMod:RadGun"],"picked":"DemoMod:TripleGun","floor":11},{"not_picked":["DemoMod:Ejector","DemoMod:HighKaliber","DemoMod:FeignSurrender"],"picked":"SKIP","floor":12},{"not_picked":["DemoMod:TeaPot","DemoMod:HardPowerCard","DemoMod:SAA"],"picked":"SKIP","floor":14}],"player_experience":351423,"relics_obtained":[{"floor":7,"key":"DemoMod:PartiallyEatenCheese"},{"floor":9,"key":"trackpad:PetRock"},{"floor":11,"key":"Frozen Egg 2"}],"event_choices":[{"damage_healed":0,"gold_gain":0,"player_choice":"Success","damage_taken":7,"relics_obtained":["YumHeart"],"max_hp_gain":0,"max_hp_loss":0,"event_name":"Scrap Ooze","floor":2,"gold_loss":0}],"is_beta":false,"boss_relics":[],"items_purged_floors":[],"is_endless":false,"potions_floor_spawned":[1,5,8,10],"killed_by":"The Guardian","ascension_level":1}}