{"host":"y89x8uui45kcjy42","time":1609387506,"event":{"mods":["2.2 Compatiblity","BaseMod","CapriCore","Colored Map","Colored Powertips","Custom Start","Friendly Minions","Highlight Path","Keyboard Shortcuts","Minty Spire (QoL Compilation)","Relic Stats","Slay the Relics Exporter","StSLib","SuperFastMode","Waifu the Spire"],"gold_per_floor":[114,114,128,128,142,142,159,159,159,159,177,197,217,252,252,327,327,347,347,26,26,26,26,44,60,60,95,113,113,124,152,152,230,230,240,140,140,140,140],"floor_reached":38,"playtime":1475,"items_purged":["EmptyFist","Vigilance"],"score":978,"play_id":"21631b67-4242-44b9-a832-bdb749c28308","local_time":"20201231130506","is_ascension_mode":true,"campfire_choices":[{"data":"MasterReality","floor":6,"key":"SMITH"},{"data":"Eruption","floor":8,"key":"SMITH"},{"data":"Prostrate","floor":10,"key":"SMITH"},{"data":"Pray","floor":15,"key":"SMITH"},{"data":"DeusExMachina","floor":23,"key":"SMITH"},{"data":"Adaptation","floor":29,"key":"SMITH"},{"floor":32,"key":"RECALL"}],"circlet_count":0,"master_deck":["Eruption+1","BattleHymn","CarveReality","DeceiveReality","Pray+1","ReachHeaven+1","Establishment","MasterReality+1","Prostrate+1","Protect","FearNoEvil+1","DeusExMachina+1","Alpha","Adaptation+1","DevaForm"],"relics":["PureWater","StrikeDummy","Odd Mushroom","Damaru","SacredBark","Strawberry","White Beast Statue","Potion Belt","Molten Egg 2","Whetstone","Shuriken","Black Star"],"acts_visited":["Exordium","TheCity","TheBeyond"],"potions_floor_usage":[16,18,27,31,35,38],"damage_taken":[{"damage":14,"enemies":"2 Louse","floor":1,"turns":4},{"damage":2,"enemies":"Cultist","floor":3,"turns":3},{"damage":7,"enemies":"Small Slimes","floor":5,"turns":3},{"damage":5,"enemies":"Blue Slaver","floor":7,"turns":4},{"damage":19,"enemies":"Exordium Thugs","floor":11,"turns":3},{"damage":16,"enemies":"The Mushroom Lair","floor":12,"turns":4},{"damage":0,"enemies":"Red Slaver","floor":13,"turns":3},{"damage":0,"enemies":"Lagavulin","floor":14,"turns":4},{"damage":11,"enemies":"The Guardian","floor":16,"turns":5},{"damage":13,"enemies":"Shell Parasite","floor":18,"turns":3},{"damage":12,"enemies":"Chosen","floor":24,"turns":4},{"damage":31,"enemies":"Centurion and Healer","floor":25,"turns":5},{"damage":21,"enemies":"Gremlin Leader","floor":27,"turns":3},{"damage":32,"enemies":"Shelled Parasite and Fungi","floor":28,"turns":4},{"damage":24,"enemies":"Snecko","floor":30,"turns":5},{"damage":49,"enemies":"Slavers","floor":31,"turns":3},{"damage":0,"enemies":"Automaton","floor":33,"turns":6},{"damage":58,"enemies":"3 Darklings","floor":35,"turns":5},{"damage":16,"enemies":"3 Shapes","floor":38,"turns":3}],"seed_played":"8088776210954178231","potions_obtained":[{"floor":11,"key":"ColorlessPotion"},{"floor":13,"key":"Weak Potion"},{"floor":16,"key":"GamblersBrew"},{"floor":22,"key":"PowerPotion"},{"floor":24,"key":"DuplicationPotion"},{"floor":25,"key":"LiquidBronze"},{"floor":27,"key":"SneckoOil"},{"floor":28,"key":"StancePotion"},{"floor":30,"key":"LiquidMemories"},{"floor":31,"key":"EssenceOfSteel"},{"floor":33,"key":"Block Potion"},{"floor":35,"key":"DuplicationPotion"}],"is_trial":false,"path_per_floor":["M","?","M","?","M","R","M","R","T","R","M","?","M","E","R","B",null,"M","?","$","T","?","R","M","M","T","E","M","R","M","E","R","B",null,"M","$","?","M"],"character_chosen":"WATCHER","items_purchased":["Strawberry","DistilledChaos"],"campfire_rested":0,"item_purchase_floors":[20,20],"current_hp_per_floor":[29,78,76,76,69,69,64,64,64,64,45,29,29,29,29,18,63,50,50,57,57,57,57,45,14,14,64,32,32,8,36,36,36,73,15,15,15,0,0],"gold":140,"neow_bonus":"THREE_RARE_CARDS","is_daily":false,"chose_seed":false,"campfire_upgraded":6,"win_rate":0.0,"timestamp":1609387506,"path_taken":["M","?","?","?","?","R","M","R","T","R","M","?","M","E","R","BOSS","M","?","$","?","?","R","M","?","T","E","M","R","M","E","R","BOSS","M","$","?","M"],"items_purchased_type":["Relic","Potion"],"build_version":"2020-12-22","purchased_purges":2,"victory":false,"max_hp_per_floor":[68,78,78,78,78,78,78,78,78,78,78,78,78,78,78,78,78,78,78,85,85,85,85,85,85,85,85,85,85,85,85,85,85,85,85,85,85,85,85],"relic_stats":{"counters":[19,74],"Shuriken":[1],"Black Star":0,"Whetstone":["FearNoEvil","ReachHeaven"],"obtain_stats":[{"Potion Belt":24,"Shuriken":31,"SacredBark":17,"Strawberry":20,"Damaru":14,"Molten Egg 2":26,"Black Star":34,"Whetstone":27,"PureWater":0,"Odd Mushroom":12,"StrikeDummy":9,"White Beast Statue":21},{"Potion Belt":11,"Shuriken":16,"SacredBark":9,"Strawberry":10,"Damaru":8,"Molten Egg 2":12,"Black Star":17,"Whetstone":13,"PureWater":0,"Odd Mushroom":6,"StrikeDummy":4,"White Beast Statue":10},{"Potion Belt":40,"Shuriken":60,"SacredBark":33,"Strawberry":36,"Damaru":28,"Molten Egg 2":45,"Black Star":66,"Whetstone":48,"PureWater":0,"Odd Mushroom":21,"StrikeDummy":14,"White Beast Statue":36}]},"card_choices":[{"not_picked":["Ragnarok","Brilliance"],"picked":"Vault","floor":0},{"not_picked":["ClearTheMind","BowlingBash","Halt"],"picked":"SKIP","floor":1},{"not_picked":["Consecrate","Protect"],"picked":"Prostrate","floor":3},{"not_picked":["Meditate","CutThroughFate","WheelKick"],"picked":"SKIP","floor":5},{"not_picked":["Pray","CutThroughFate","ThirdEye"],"picked":"SKIP","floor":7},{"not_picked":["Omniscience","Perseverance"],"picked":"Protect","floor":11},{"not_picked":["FollowUp","SashWhip"],"picked":"FearNoEvil","floor":12},{"not_picked":["Consecrate","EmptyBody","CarveReality"],"picked":"SKIP","floor":13},{"not_picked":["Sanctity","Crescendo","InnerPeace"],"picked":"SKIP","floor":14},{"not_picked":["Scrawl","LessonLearned"],"picked":"DeusExMachina","floor":16},{"not_picked":["Nirvana","ClearTheMind","Evaluate"],"picked":"SKIP","floor":18},{"not_picked":["BattleHymn","PathToVictory","JustLucky"],"picked":"SKIP","floor":24},{"not_picked":["PathToVictory","Study+1"],"picked":"Adaptation","floor":25},{"not_picked":["SandsOfTime+1","Crescendo","ThirdEye"],"picked":"SKIP","floor":27},{"not_picked":["PathToVictory","Halt","Judgement"],"picked":"SKIP","floor":28},{"not_picked":["ClearTheMind","Wallop+1","EmptyBody"],"picked":"SKIP","floor":30},{"not_picked":["ThirdEye","MasterReality","CrushJoints+1"],"picked":"SKIP","floor":31},{"not_picked":["Scrawl","Omniscience"],"picked":"DevaForm","floor":33},{"not_picked":["Consecrate+1","CrushJoints+1","PathToVictory"],"picked":"SKIP","floor":35}],"player_experience":533101,"relics_obtained":[{"floor":9,"key":"StrikeDummy"},{"floor":12,"key":"Odd Mushroom"},{"floor":14,"key":"Damaru"},{"floor":21,"key":"White Beast Statue"},{"floor":26,"key":"Molten Egg 2"},{"floor":27,"key":"Whetstone"},{"floor":31,"key":"Shuriken"}],"event_choices":[{"cards_removed":["Vault"],"damage_healed":39,"gold_gain":0,"player_choice":"Offered Rare","damage_taken":0,"max_hp_gain":10,"max_hp_loss":0,"event_name":"Bonfire Elementals","floor":2,"gold_loss":0},{"damage_healed":0,"gold_gain":0,"player_choice":"0 cards matched","damage_taken":0,"max_hp_gain":0,"max_hp_loss":0,"event_name":"Match and Keep!","floor":4,"gold_loss":0,"cards_obtained":[]},{"damage_healed":0,"gold_gain":0,"player_choice":"Fought Mushrooms","damage_taken":0,"max_hp_gain":0,"max_hp_loss":0,"event_name":"Mushrooms","floor":12,"gold_loss":0},{"damage_healed":0,"gold_gain":0,"player_choice":"2 cards matched","damage_taken":0,"max_hp_gain":0,"max_hp_loss":0,"event_name":"Match and Keep!","floor":19,"gold_loss":0,"cards_obtained":["EmptyFist","Alpha"]},{"damage_healed":0,"gold_gain":0,"player_choice":"Got Potions","damage_taken":0,"max_hp_gain":0,"max_hp_loss":0,"event_name":"Lab","floor":22,"gold_loss":0},{"damage_healed":0,"gold_gain":0,"player_choice":"Ignored","damage_taken":0,"max_hp_gain":0,"max_hp_loss":0,"event_name":"Transmorgrifier","floor":37,"gold_loss":0}],"is_beta":false,"boss_relics":[{"not_picked":["Astrolabe","Philosopher\u0027s Stone"],"picked":"SacredBark"},{"not_picked":["Fusion Hammer","Runic Pyramid"],"picked":"Black Star"}],"items_purged_floors":[20,36],"is_endless":false,"potions_floor_spawned":[11,13,16,24,25,27,28,30,31,33,35],"killed_by":"3 Shapes","ascension_level":20}}