{"host":"1zfbckszmdcrhnfi","time":1609390367,"event":{"mods":["AchievementEnabler","BaseMod","Colored Map","Downfall","Marisa£®ÏF”Í°°ƒß¿Ì…≥£©","Minty Spire (QoL Compilation)","Replay The Spire","Shop Mod","StSLib","The Cursed","The Servant 0.9.4"],"gold_per_floor":[116,191,116,132,146,161,161,180,206,233,333,333,343,343],"floor_reached":13,"playtime":1135,"items_purged":["Strike_G"],"score":85,"play_id":"af383752-1c54-4bd7-9a08-f71196adefb7","local_time":"20201231125247","is_ascension_mode":false,"campfire_choices":[{"data":"Neutralize","floor":7.0,"key":"SMITH"},{"data":"Toxin Wave","floor":12.0,"key":"SMITH"}],"circlet_count":0,"master_deck":["Strike_G","Strike_G","Strike_G","Strike_G","Defend_G","Defend_G","Defend_G","Defend_G","Defend_G","Survivor","Neutralize+1","Toxin Wave+1","Outmaneuver","Draining Mist"],"relics":["Coffee Dripper","Replay:Bandana"],"acts_visited":["Exordium"],"potions_floor_usage":[],"damage_taken":[{"damage":0.0,"enemies":"2 Louse","floor":1.0,"turns":4.0},{"damage":0.0,"enemies":"Small Slimes","floor":4.0,"turns":6.0},{"damage":0.0,"enemies":"Cultist","floor":5.0,"turns":4.0},{"damage":8.0,"enemies":"3 Louse","floor":6.0,"turns":4.0},{"damage":0.0,"enemies":"2 Fungi Beasts","floor":8.0,"turns":4.0},{"damage":19.0,"enemies":"Lagavulin","floor":10.0,"turns":8.0},{"damage":10,"enemies":"3 Sentries","floor":13,"turns":4}],"seed_played":"-7092116898470031434","potions_obtained":[{"floor":4.0,"key":"Languid Potion"},{"floor":6.0,"key":"Fire Potion"}],"is_trial":false,"path_per_floor":["M","?","$","M","M","M","R","M","T","E","?","R","E"],"character_chosen":"THE_SILENT","items_purchased":[],"campfire_rested":0,"item_purchase_floors":[],"current_hp_per_floor":[70,59,59,59,59,51,51,51,51,32,32,32,22,22],"gold":343,"neow_bonus":"BOSS_RELIC","is_daily":false,"chose_seed":false,"campfire_upgraded":2,"win_rate":0.0,"timestamp":1609390367,"path_taken":["M","?","$","M","M","M","R","M","T","E","?","R","E"],"items_purchased_type":[],"build_version":"2020-12-22","purchased_purges":1,"victory":false,"max_hp_per_floor":[70,70,70,70,70,70,70,70,70,70,70,70,70,70],"card_choices":[{"not_picked":["Sucker Punch","Dodge and Roll","Dash"],"picked":"SKIP","floor":1.0},{"not_picked":["Terror","PiercingWail"],"picked":"Toxin Wave","floor":4.0},{"not_picked":["Flying Knee","Bane","ReplayTheSpireMod:Exploit Weakness"],"picked":"SKIP","floor":5.0},{"not_picked":["Sucker Punch","Backflip"],"picked":"Outmaneuver","floor":6.0},{"not_picked":["Blade Dance","Dodge and Roll"],"picked":"Draining Mist","floor":8.0},{"not_picked":["Endless Agony","Dash","Accuracy"],"picked":"SKIP","floor":10.0}],"player_experience":149030,"relics_obtained":[{"floor":10.0,"key":"Replay:Bandana"}],"event_choices":[{"damage_healed":0.0,"max_hp_gain":0.0,"max_hp_loss":0.0,"gold_gain":75.0,"event_name":"World of Goop","player_choice":"Gather Gold","floor":2.0,"gold_loss":0.0,"damage_taken":11.0},{"damage_healed":0.0,"max_hp_gain":0.0,"max_hp_loss":0.0,"gold_gain":100.0,"event_name":"Golden Shrine","player_choice":"Pray","floor":11.0,"gold_loss":0.0,"damage_taken":0.0}],"is_beta":false,"boss_relics":[],"items_purged_floors":[3],"is_endless":false,"potions_floor_spawned":[4,6],"killed_by":"3 Sentries","ascension_level":0}}