{"host":"hwrdjx5eod2cxh09","time":1609401315,"event":{"mods":["AchievementEnabler","BaseMod","Bestiary","Minty Spire (QoL Compilation)","Relic Stats"],"gold_per_floor":[113,128,141,155,155,185,200,200,226,326,344,356,53,70,70,174,174,185,35,47,65,85,119,119,148,148,73,86,103,18,30,30,129,129,146,165,165,184,200,200,76,76,76,76,92,122,122,122],"floor_reached":47,"playtime":2017,"items_purged":["Normality"],"score":505,"play_id":"5e59baf0-873e-4ab7-9c3c-d20655d84a27","local_time":"20201231165515","is_ascension_mode":false,"campfire_choices":[{"data":"Redo","floor":8,"key":"SMITH"},{"floor":15,"key":"REST"},{"floor":24,"key":"REST"},{"floor":32,"key":"REST"},{"floor":40,"key":"REST"},{"floor":44,"key":"RECALL"}],"circlet_count":0,"master_deck":["Strike_B+1","Strike_B","Strike_B","Strike_B","Defend_B","Defend_B","Defend_B","Zap+1","Dualcast","Cold Snap+1","Leap","Ball Lightning","Ball Lightning","Redo+1","Static Discharge","Reboot","Barrage+1","Darkness","Lockon","Chill","Compile Driver+1","Capacitor","Electrodynamics","Machine Learning","Coolheaded","Writhe","White Noise+1","Steam+1"],"relics":["Cracked Core","Boot","Whetstone","PreservedInsect","Runic Capacitor","Cursed Key","DataDisk","Regal Pillow","Toy Ornithopter","MealTicket","SlaversCollar","Letter Opener","Pen Nib"],"acts_visited":["Exordium","TheCity","TheBeyond"],"potions_floor_usage":[6,23,33,33,36,46,47],"damage_taken":[{"damage":2,"enemies":"2 Louse","floor":1,"turns":3},{"damage":1,"enemies":"Small Slimes","floor":2,"turns":4},{"damage":0,"enemies":"Cultist","floor":3,"turns":3},{"damage":0,"enemies":"Looter","floor":4,"turns":3},{"damage":19,"enemies":"Lagavulin","floor":6,"turns":6},{"damage":8,"enemies":"3 Louse","floor":7,"turns":2},{"damage":2,"enemies":"Blue Slaver","floor":11,"turns":3},{"damage":9,"enemies":"Lots of Slimes","floor":12,"turns":3},{"damage":10,"enemies":"Red Slaver","floor":14,"turns":3},{"damage":21,"enemies":"Slime Boss","floor":16,"turns":9},{"damage":0,"enemies":"Spheric Guardian","floor":18,"turns":3},{"damage":5,"enemies":"Chosen","floor":20,"turns":4},{"damage":5,"enemies":"Snecko","floor":21,"turns":5},{"damage":15,"enemies":"3 Cultists","floor":22,"turns":4},{"damage":16,"enemies":"Book of Stabbing","floor":23,"turns":3},{"damage":28,"enemies":"Slavers","floor":25,"turns":5},{"damage":20,"enemies":"Snake Plant","floor":28,"turns":3},{"damage":0,"enemies":"Cultist and Chosen","floor":29,"turns":4},{"damage":10,"enemies":"Sentry and Sphere","floor":31,"turns":5},{"damage":27,"enemies":"Collector","floor":33,"turns":7},{"damage":6,"enemies":"Orb Walker","floor":35,"turns":2},{"damage":12,"enemies":"3 Shapes","floor":36,"turns":4},{"damage":18,"enemies":"Transient","floor":38,"turns":5},{"damage":32,"enemies":"Writhing Mass","floor":39,"turns":5},{"damage":0,"enemies":"3 Darklings","floor":45,"turns":3},{"damage":56,"enemies":"Reptomancer","floor":46,"turns":4},{"damage":18,"enemies":"Spire Growth","floor":47,"turns":2}],"seed_played":"4941184423590528165","potions_obtained":[{"floor":2,"key":"LiquidBronze"},{"floor":4,"key":"SkillPotion"},{"floor":7,"key":"LiquidBronze"},{"floor":11,"key":"Block Potion"},{"floor":21,"key":"PowerPotion"},{"floor":28,"key":"SkillPotion"},{"floor":33,"key":"CultistPotion"},{"floor":35,"key":"Explosive Potion"},{"floor":39,"key":"SkillPotion"}],"is_trial":false,"path_per_floor":["M","M","M","M","?","E","M","R","T","?","M","M","$","M","R","B",null,"M","$","M","M","M","E","R","E","T","$","M","M","?","M","R","B",null,"M","M","?","M","M","R","$","?","T","R","M","E","M"],"character_chosen":"DEFECT","items_purchased":["PreservedInsect","Runic Capacitor","DataDisk","Coolheaded","DuplicationPotion"],"campfire_rested":4,"item_purchase_floors":[13,13,19,41,41],"current_hp_per_floor":[73,72,72,72,72,53,45,45,45,45,43,34,34,24,46,25,75,75,75,70,65,50,34,71,43,43,43,23,23,23,13,50,33,75,69,62,62,44,12,49,64,64,64,64,64,13,0,0],"gold":122,"neow_bonus":"TRANSFORM_CARD","is_daily":false,"chose_seed":false,"campfire_upgraded":1,"win_rate":0.0,"timestamp":1609401315,"path_taken":["M","M","M","M","?","E","M","R","T","?","M","M","$","M","R","BOSS","M","?","M","M","M","E","R","E","T","$","M","M","?","M","R","BOSS","M","M","?","M","M","R","$","?","T","R","?","E","M"],"items_purchased_type":["Relic","Relic","Relic","Card","Potion"],"build_version":"2020-12-22","purchased_purges":1,"victory":false,"max_hp_per_floor":[75,75,75,75,75,75,75,75,75,75,75,75,75,75,75,75,75,75,75,75,75,75,75,75,75,75,75,75,75,75,75,75,75,75,75,75,75,75,75,75,75,72,72,72,72,72,72,72],"relic_stats":{"Regal Pillow":45,"counters":[27,107],"MealTicket":15,"PreservedInsect":139,"Pen Nib":[0],"Whetstone":["Cold Snap","Strike_B"],"Letter Opener":[14],"Boot":[24],"Cursed Key":2,"obtain_stats":[{"Regal Pillow":23,"PreservedInsect":13,"Pen Nib":46,"Runic Capacitor":13,"Whetstone":9,"Letter Opener":43,"Boot":6,"Cursed Key":17,"SlaversCollar":34,"DataDisk":19,"MealTicket":30,"Cracked Core":0,"Toy Ornithopter":25},{"Regal Pillow":15,"PreservedInsect":8,"Pen Nib":26,"Runic Capacitor":8,"Whetstone":6,"Letter Opener":24,"Boot":5,"Cursed Key":10,"SlaversCollar":20,"DataDisk":11,"MealTicket":18,"Cracked Core":0,"Toy Ornithopter":16},{"Regal Pillow":58,"PreservedInsect":27,"Pen Nib":105,"Runic Capacitor":27,"Whetstone":21,"Letter Opener":98,"Boot":19,"Cursed Key":39,"SlaversCollar":82,"DataDisk":42,"MealTicket":70,"Cracked Core":0,"Toy Ornithopter":63}],"Toy Ornithopter":25},"card_choices":[{"not_picked":["Sweeping Beam","Fusion"],"picked":"Leap","floor":1},{"not_picked":["Undo","Sweeping Beam","Redo"],"picked":"SKIP","floor":2},{"not_picked":["Turbo","Conserve Battery"],"picked":"Ball Lightning","floor":3},{"not_picked":["Compile Driver","Leap","Turbo"],"picked":"SKIP","floor":4},{"not_picked":["Aggregate","Beam Cell"],"picked":"Ball Lightning","floor":6},{"not_picked":["Beam Cell","Leap"],"picked":"Redo","floor":7},{"not_picked":["Lockon","Barrage"],"picked":"Coolheaded","floor":11},{"not_picked":["Cold Snap","Turbo","Chill"],"picked":"SKIP","floor":12},{"not_picked":["BootSequence","Sweeping Beam"],"picked":"Static Discharge","floor":14},{"not_picked":["Buffer","Hyperbeam"],"picked":"Reboot","floor":16},{"not_picked":["Coolheaded","Loop"],"picked":"Barrage+1","floor":18},{"not_picked":["Scrape","Redo"],"picked":"Darkness","floor":20},{"not_picked":["Beam Cell+1","Turbo"],"picked":"Lockon","floor":21},{"not_picked":["Self Repair","Barrage"],"picked":"Chill","floor":22},{"not_picked":["Leap","Rebound","Fission"],"picked":"SKIP","floor":23},{"not_picked":["Chill+1","Go for the Eyes+1","Rip and Tear"],"picked":"SKIP","floor":25},{"not_picked":["Streamline","FTL"],"picked":"Compile Driver+1","floor":28},{"not_picked":["BootSequence","Skim"],"picked":"Capacitor","floor":29},{"not_picked":["Fusion","Aggregate+1","Stack"],"picked":"SKIP","floor":31},{"not_picked":["Rainbow","Core Surge"],"picked":"Electrodynamics","floor":33},{"not_picked":["Rebound","Sweeping Beam","Ball Lightning"],"picked":"SKIP","floor":35},{"not_picked":["Leap","Rip and Tear+1","Hologram+1"],"picked":"SKIP","floor":36},{"not_picked":["Scrape+1","Steam"],"picked":"Machine Learning","floor":38},{"not_picked":["Beam Cell+1","Reprogram","Barrage"],"picked":"SKIP","floor":39},{"not_picked":["Cold Snap","Force Field"],"picked":"White Noise+1","floor":45},{"not_picked":["Sweeping Beam","Ball Lightning+1"],"picked":"Steam+1","floor":46}],"player_experience":113222,"relics_obtained":[{"floor":6,"key":"Boot"},{"floor":9,"key":"Whetstone"},{"floor":23,"key":"Regal Pillow"},{"floor":25,"key":"Toy Ornithopter"},{"floor":43,"key":"Letter Opener"},{"floor":46,"key":"Pen Nib"}],"event_choices":[{"damage_healed":0,"gold_gain":0,"player_choice":"Grow","damage_taken":0,"max_hp_gain":0,"max_hp_loss":0,"event_name":"Living Wall","floor":5,"gold_loss":0,"cards_upgraded":["Zap"]},{"damage_healed":0,"gold_gain":100,"player_choice":"Gold","damage_taken":0,"max_hp_gain":0,"max_hp_loss":0,"event_name":"Wheel of Change","floor":10,"gold_loss":0},{"damage_healed":0,"gold_gain":0,"player_choice":"Obtained Relic","damage_taken":0,"relics_obtained":["MealTicket"],"max_hp_gain":0,"max_hp_loss":0,"event_name":"Addict","floor":30,"gold_loss":85},{"cards_removed":["Coolheaded"],"damage_healed":0,"gold_gain":0,"player_choice":"Removed Skill","damage_taken":0,"max_hp_gain":0,"max_hp_loss":0,"event_name":"Falling","floor":37,"gold_loss":0},{"cards_removed":["Parasite"],"damage_healed":0,"gold_gain":0,"player_choice":"Removed Curses","damage_taken":0,"max_hp_gain":0,"max_hp_loss":0,"event_name":"Fountain of Cleansing","floor":42,"gold_loss":0}],"is_beta":false,"boss_relics":[{"not_picked":["Snecko Eye","Empty Cage"],"picked":"Cursed Key"},{"not_picked":["Runic Dome","SacredBark"],"picked":"SlaversCollar"}],"items_purged_floors":[27],"is_endless":false,"potions_floor_spawned":[2,4,7,11,16,21,28,33,35,39],"killed_by":"Spire Growth","ascension_level":0}}