{"host":"hftfn8mq057nycux","time":1609434031,"event":{"mods":["Act Like it!","Arknights The Spire","BaseMod","Gensokyo","Minty Spire (QoL Compilation)","StSLib","Youmu£®ªÍ∆«—˝√Œ£©"],"gold_per_floor":[116,127,127,127,53,85,85,98,179,179,198,225,225,69,69,174,174,193,193,208,168,168,168,195,195,195],"floor_reached":25,"playtime":1282,"items_purged":[],"score":252,"play_id":"addc7b52-517d-4e49-900c-3c92a07c81d2","local_time":"20210101010031","is_ascension_mode":false,"campfire_choices":[{"data":"ats:Nebulous Foxfire","floor":7,"key":"SMITH"},{"data":"ats:Emotion Absorption","floor":10,"key":"SMITH"},{"data":"ats:Part Time Job","floor":13,"key":"SMITH"},{"data":"ats:Very Hot Blade","floor":15,"key":"SMITH"},{"data":"ats:Neurotoxin","floor":23,"key":"SMITH"}],"circlet_count":0,"master_deck":["ats:Strike C","ats:Strike S","ats:Strike V","ats:Armor Crushing Shot","ats:Defend","ats:Defend","ats:Defend","ats:Defend","ats:Emotion Absorption+1","ats:Healing Drone","ats:Very Hot Blade+1","ats:Wolf Pack","ats:Nebulous Foxfire+1","ats:Part Time Job+1","ats:Neurotoxin+1","ats:Composite Medical Shells","ats:Ambush","CurseOfTheBell","ats:Revitalization","Night Terror+1","ats:Counter Healing Mode+1"],"relics":["ats:Sanity","NeowsBlessing","ats:Originium","Ancient Tea Set","Pantograph","InkBottle","ats:Spiritual Recovery","Calling Bell","Potion Belt","Mercury Hourglass","Incense Burner","Gensokyo:ConquerorOfFear","Lantern"],"acts_visited":["Exordium","Exordium"],"potions_floor_usage":[16,16],"damage_taken":[{"damage":0,"enemies":"Cultist","floor":1,"turns":1},{"damage":0,"enemies":"Jaw Worm","floor":2,"turns":1},{"damage":0,"enemies":"3 Sentries","floor":6,"turns":1},{"damage":0,"enemies":"Small Slimes","floor":8,"turns":3},{"damage":13,"enemies":"Gremlin Gang","floor":11,"turns":9},{"damage":30,"enemies":"Lagavulin","floor":12,"turns":8},{"damage":82,"enemies":"Hexaghost","floor":16,"turns":11},{"damage":20,"enemies":"Gensokyo:AngelMirror","floor":18,"turns":6},{"damage":27,"enemies":"Gensokyo:2_Gloops","floor":20,"turns":8},{"damage":58,"enemies":"Gensokyo:Koishi","floor":24,"turns":9},{"damage":0,"enemies":"Gensokyo:Swordslinger","floor":25,"turns":3}],"seed_played":"3521893744895490758","potions_obtained":[{"floor":1,"key":"Regen Potion"},{"floor":6,"key":"Energy Potion"},{"floor":11,"key":"ats:Emergency Sanity Potion"},{"floor":18,"key":"Block Potion"},{"floor":20,"key":"BlessingOfTheForge"}],"is_trial":false,"path_per_floor":["M","M","?","?","$","E","R","M","T","R","M","E","R","$","R","B",null,"M","?","M","?","?","R","E","M"],"character_chosen":"DOCTOR_CLASS","items_purchased":["ats:Wolf Pack","ats:Spiritual Recovery"],"campfire_rested":0,"item_purchase_floors":[5,14],"current_hp_per_floor":[72,72,72,77,77,77,77,77,77,77,76,59,59,59,59,54,77,75,68,64,64,64,64,36,42,42],"gold":195,"neow_bonus":"THREE_ENEMY_KILL","is_daily":false,"chose_seed":false,"campfire_upgraded":5,"win_rate":0.0,"timestamp":1609434031,"path_taken":["M","M","?","?","$","E","R","M","T","R","M","E","R","$","R","BOSS","M","?","?","?","?","R","E","M"],"items_purchased_type":["Card","Relic"],"build_version":"2020-12-22","purchased_purges":0,"victory":false,"max_hp_per_floor":[72,72,72,77,77,77,77,77,77,77,77,77,77,77,77,77,77,77,77,77,77,77,77,77,77,77],"card_choices":[{"not_picked":["ats:Shell Defense","ats:Curse Doll"],"picked":"ats:Healing Drone","floor":1},{"not_picked":["ats:Shell Defense","ats:Powerful Strike","ats:Hammer On"],"picked":"SKIP","floor":2},{"not_picked":["ats:Directed Diagnosis","ats:Flexible Camouflage"],"picked":"ats:Nebulous Foxfire","floor":6},{"not_picked":["ats:Curse Doll","ats:Poison Spread"],"picked":"ats:Part Time Job","floor":8},{"not_picked":["ats:Explosion Area Strengthen","ats:Thermite Blade"],"picked":"ats:Neurotoxin","floor":11},{"not_picked":["ats:Leaping Hammer","ats:Consecutive Shot Auto"],"picked":"ats:Composite Medical Shells","floor":12},{"not_picked":["ats:Rat Pack","ats:Fractured Body"],"picked":"ats:Ambush","floor":16},{"not_picked":["ats:Curse Doll+1","ats:Consecutive Shot Auto"],"picked":"ats:Revitalization","floor":18},{"not_picked":["ats:Curse Doll","ats:Apocalypse+1","ats:Cat Scratch"],"picked":"SKIP","floor":20},{"not_picked":["ats:Burning Ground","ats:Red Shift"],"picked":"ats:Counter Healing Mode+1","floor":24}],"player_experience":483294,"relics_obtained":[{"floor":6,"key":"ats:Originium"},{"floor":6,"key":"Ancient Tea Set"},{"floor":9,"key":"Pantograph"},{"floor":12,"key":"ats:Originium"},{"floor":12,"key":"InkBottle"},{"floor":17,"key":"Potion Belt"},{"floor":17,"key":"Mercury Hourglass"},{"floor":17,"key":"Incense Burner"},{"floor":24,"key":"Gensokyo:ConquerorOfFear"},{"floor":24,"key":"ats:Originium"},{"floor":24,"key":"Lantern"}],"event_choices":[{"damage_healed":0,"gold_gain":0,"cards_transformed":["ats:Strike G"],"player_choice":"Change","damage_taken":0,"max_hp_gain":0,"max_hp_loss":0,"event_name":"Living Wall","floor":3,"gold_loss":0,"cards_obtained":["ats:Very Hot Blade"]},{"damage_healed":0,"gold_gain":0,"player_choice":"Donut","damage_taken":0,"max_hp_gain":5,"max_hp_loss":0,"event_name":"Big Fish","floor":4,"gold_loss":0}],"is_beta":false,"boss_relics":[{"not_picked":["Busted Crown","ats:Tactical Delivery"],"picked":"Calling Bell"}],"items_purged_floors":[],"is_endless":false,"potions_floor_spawned":[1,6,11,18,20],"killed_by":"Gensokyo:Swordslinger","ascension_level":0}}