{"host":"hkfd27larxvbrzdx","time":1609403033,"event":{"mods":["AchievementEnabler","BaseMod","Colored Map","Colored Powertips","DeckTracker","Minty Spire (QoL Compilation)"],"gold_per_floor":[114,129,144,159,159,189,204,204,229,244,274,289,289,304,304,404,404,419,519,534,209,59,59,89,104,104,104,104,119,119,134,134,234,234,249,249,264,2,0,0,0,0,0,15,30,30,45,45,45,45],"floor_reached":51,"playtime":4632,"items_purged":["Strike_B","Strike_B"],"score":631,"play_id":"32997a57-11c2-4ca0-b3a5-6c1446b2a43c","local_time":"20201231162353","daily_mods":["Heirloom","Time Dilation","Lethality"],"is_ascension_mode":false,"campfire_choices":[{"floor":8,"key":"REST"},{"data":"Chill","floor":13,"key":"SMITH"},{"data":"Zap","floor":15,"key":"SMITH"},{"data":"Hologram","floor":23,"key":"SMITH"},{"data":"Dualcast","floor":27,"key":"SMITH"},{"floor":32,"key":"REST"},{"data":"Apotheosis","floor":40,"key":"SMITH"},{"data":"Multi-Cast","floor":41,"key":"SMITH"},{"data":"Go for the Eyes","floor":42,"key":"SMITH"},{"data":"Redo","floor":46,"key":"SMITH"},{"floor":49,"key":"REST"}],"circlet_count":0,"master_deck":["Defend_B","Defend_B","Defend_B","Defend_B","Zap+1","Dualcast+1","Turbo","Go for the Eyes+1","Undo","Barrage","Sweeping Beam","Chill+1","Melter","Conserve Battery","Hologram+1","Conserve Battery","Electrodynamics","Leap","Rebound+1","Self Repair+1","Compile Driver+1","Coolheaded+1","Multi-Cast+1","Ball Lightning+1","Apotheosis+1","Parasite","Redo+1"],"relics":["FrozenCore","WingedGreaves","Oddly Smooth Stone","Akabeko","Cables","Sozu","Frozen Egg 2","Vajra","Bag of Marbles","Mummified Hand","Mercury Hourglass","Red Mask","Singing Bowl"],"acts_visited":["Exordium","TheCity","TheBeyond"],"potions_floor_usage":[7,11,11,50],"damage_taken":[{"damage":0,"enemies":"Cultist","floor":1,"turns":2},{"damage":0,"enemies":"2 Louse","floor":2,"turns":1},{"damage":5,"enemies":"Jaw Worm","floor":3,"turns":2},{"damage":14,"enemies":"Exordium Thugs","floor":4,"turns":5},{"damage":50,"enemies":"3 Sentries","floor":6,"turns":9},{"damage":0,"enemies":"Blue Slaver","floor":7,"turns":2},{"damage":0,"enemies":"Exordium Wildlife","floor":10,"turns":2},{"damage":5,"enemies":"Lagavulin","floor":11,"turns":5},{"damage":0,"enemies":"Large Slime","floor":12,"turns":4},{"damage":0,"enemies":"3 Louse","floor":14,"turns":1},{"damage":2,"enemies":"Hexaghost","floor":16,"turns":8},{"damage":25,"enemies":"3 Byrds","floor":18,"turns":4},{"damage":0,"enemies":"Spheric Guardian","floor":20,"turns":3},{"damage":13,"enemies":"Slavers","floor":24,"turns":4},{"damage":0,"enemies":"Centurion and Healer","floor":25,"turns":5},{"damage":0,"enemies":"Cultist and Chosen","floor":29,"turns":3},{"damage":0,"enemies":"Chosen and Byrds","floor":31,"turns":3},{"damage":34,"enemies":"Automaton","floor":33,"turns":8},{"damage":0,"enemies":"3 Darklings","floor":35,"turns":2},{"damage":1,"enemies":"Orb Walker","floor":37,"turns":4},{"damage":6,"enemies":"Sphere and 2 Shapes","floor":44,"turns":3},{"damage":0,"enemies":"Writhing Mass","floor":45,"turns":5},{"damage":62,"enemies":"Maw","floor":47,"turns":8},{"damage":24,"enemies":"Donu and Deca","floor":50,"turns":11}],"seed_played":"-5051420239723459148","potions_obtained":[{"floor":1,"key":"SkillPotion"},{"floor":6,"key":"Ancient Potion"},{"floor":7,"key":"Energy Potion"},{"floor":10,"key":"LiquidBronze"},{"floor":12,"key":"PowerPotion"}],"is_trial":false,"path_per_floor":["M","M","M","M","?","E","M","R","T","M","E","M","R","M","R","B",null,"M","?","M","$","$","R","E","M","T","R","?","M","?","M","R","B",null,"M","?","M","$","?","R","R","R","T","M","M","R","M","?","R","B",null],"character_chosen":"DEFECT","items_purchased":["Frozen Egg 2","Vajra","Apotheosis"],"campfire_rested":3,"item_purchase_floors":[21,22,38],"current_hp_per_floor":[75,75,70,56,56,6,6,28,28,28,23,23,23,23,23,21,75,50,50,50,50,50,50,37,47,47,47,47,47,47,47,69,45,75,75,75,75,75,75,75,75,75,75,77,77,77,27,27,49,35],"gold":45,"neow_bonus":"","is_daily":true,"chose_seed":false,"campfire_upgraded":8,"win_rate":0.0,"timestamp":1609403033,"path_taken":["M","?","M","M","?","E","M","R","T","M","E","M","R","M","R","BOSS","M","?","M","?","$","R","E","M","T","R","?","?","?","M","R","BOSS","M","?","M","?","?","R","R","R","T","M","?","R","M","?","R","BOSS"],"items_purchased_type":["Relic","Relic","Card"],"build_version":"2020-12-22","purchased_purges":2,"victory":true,"max_hp_per_floor":[75,75,75,75,75,75,75,75,75,75,75,75,75,75,75,75,75,75,75,75,75,75,75,75,75,75,75,75,75,75,75,75,75,75,75,75,75,75,75,75,75,75,75,77,77,77,79,75,75,75],"card_choices":[{"not_picked":["Sweeping Beam","Skim"],"picked":"Turbo","floor":1},{"not_picked":["Darkness","Aggregate"],"picked":"Go for the Eyes","floor":2},{"not_picked":["Cold Snap","Auto Shields"],"picked":"Undo","floor":3},{"not_picked":["Go for the Eyes","Recycle"],"picked":"Barrage","floor":4},{"not_picked":["Barrage","Beam Cell"],"picked":"Sweeping Beam","floor":6},{"not_picked":["Buffer","Sweeping Beam"],"picked":"Chill","floor":7},{"not_picked":["Rebound","FTL"],"picked":"Melter","floor":10},{"not_picked":["White Noise","Force Field"],"picked":"Conserve Battery","floor":11},{"not_picked":["Rip and Tear","Ball Lightning"],"picked":"Hologram","floor":12},{"not_picked":["Coolheaded","Gash"],"picked":"Conserve Battery","floor":14},{"not_picked":["Rainbow","Thunder Strike"],"picked":"Electrodynamics","floor":16},{"not_picked":["Go for the Eyes","Undo"],"picked":"Leap","floor":18},{"not_picked":["Barrage","Hologram"],"picked":"Rebound+1","floor":20},{"not_picked":["Turbo","Skim+1"],"picked":"Self Repair+1","floor":24},{"not_picked":["Genetic Algorithm","Consume+1"],"picked":"Compile Driver+1","floor":25},{"not_picked":["Reprogram","Hologram+1","Go for the Eyes+1"],"picked":"SKIP","floor":29},{"not_picked":["Thunder Strike","Beam Cell"],"picked":"Coolheaded+1","floor":31},{"not_picked":["Core Surge","Rainbow"],"picked":"Multi-Cast","floor":33},{"not_picked":["Fusion","Undo+1","Coolheaded"],"picked":"SKIP","floor":35},{"not_picked":["Compile Driver+1","Force Field+1"],"picked":"Ball Lightning+1","floor":37},{"not_picked":["Sweeping Beam","Tempest","Conserve Battery+1"],"picked":"Singing Bowl","floor":44},{"not_picked":["Heatsinks+1","Scrape"],"picked":"Redo","floor":45},{"not_picked":["Rebound+1","Seek","Ball Lightning+1"],"picked":"Singing Bowl","floor":47}],"player_experience":167512,"relics_obtained":[{"floor":6,"key":"Oddly Smooth Stone"},{"floor":9,"key":"Akabeko"},{"floor":11,"key":"Cables"},{"floor":24,"key":"Bag of Marbles"},{"floor":26,"key":"Mummified Hand"},{"floor":43,"key":"Singing Bowl"}],"event_choices":[{"cards_removed":["Strike_B"],"damage_healed":0,"gold_gain":0,"player_choice":"Offered Basic","damage_taken":0,"max_hp_gain":0,"max_hp_loss":0,"event_name":"Bonfire Elementals","floor":5,"gold_loss":0},{"damage_healed":0,"gold_gain":100,"player_choice":"Pray","damage_taken":0,"max_hp_gain":0,"max_hp_loss":0,"event_name":"Golden Shrine","floor":19,"gold_loss":0},{"damage_healed":0,"gold_gain":0,"player_choice":"Gave Potion","damage_taken":0,"relics_obtained":["Mercury Hourglass"],"max_hp_gain":0,"max_hp_loss":0,"event_name":"WeMeetAgain","floor":28,"gold_loss":0},{"damage_healed":0,"gold_gain":0,"player_choice":"Ignored","damage_taken":0,"max_hp_gain":0,"max_hp_loss":0,"event_name":"Ghosts","floor":30,"gold_loss":0},{"cards_removed":["Strike_B"],"damage_healed":0,"gold_gain":0,"player_choice":"Removed Attack","damage_taken":0,"max_hp_gain":0,"max_hp_loss":0,"event_name":"Falling","floor":36,"gold_loss":0},{"damage_healed":0,"gold_gain":0,"player_choice":"Paid","damage_taken":0,"relics_obtained":["Red Mask"],"max_hp_gain":0,"max_hp_loss":0,"event_name":"Tomb of Lord Red Mask","floor":39,"gold_loss":2},{"damage_healed":0,"gold_gain":0,"player_choice":"Max HP","damage_taken":0,"max_hp_gain":0,"max_hp_loss":4,"event_name":"Winding Halls","floor":48,"gold_loss":0}],"is_beta":false,"boss_relics":[{"not_picked":["Inserter","Black Star"],"picked":"Sozu"},{"not_picked":["Coffee Dripper","Empty Cage"],"picked":"FrozenCore"}],"items_purged_floors":[21,38],"is_endless":false,"potions_floor_spawned":[1,6,7,10,12,24,29,35,45,47],"ascension_level":0}}