{"host":"ao8ok4k25npyixk7","time":1609444705,"event":{"mods":["BaseMod","Colored Map","Minty Spire (QoL Compilation)"],"gold_per_floor":[116,116,134,152,163,191,191,218,271,289,318,330,330,330,330,423,423,423,423,423,89,4,4,4,4,4,4,4,4,4,4,4,4,4,4,4,0,0,0,0,0,0,0,0,0,0,0,0,0,0],"floor_reached":51,"playtime":3165,"items_purged":["Strike_G"],"score":1303,"play_id":"7462c9ff-d99e-4edc-8dd7-9e996c0d4a03","local_time":"20201231205825","is_ascension_mode":true,"campfire_choices":[{"data":"Dash","floor":7,"key":"SMITH"},{"data":"Noxious Fumes","floor":15,"key":"SMITH"},{"data":"Catalyst","floor":23,"key":"SMITH"},{"data":"Burst","floor":28,"key":"SMITH"},{"data":"Well Laid Plans","floor":32,"key":"SMITH"},{"data":"Skewer","floor":40,"key":"SMITH"},{"data":"Acrobatics","floor":45,"key":"SMITH"},{"data":"Acrobatics","floor":49,"key":"SMITH"}],"circlet_count":0,"master_deck":["AscendersBane","Strike_G","Strike_G","Strike_G","Defend_G","Defend_G","Defend_G","Defend_G","Defend_G","Survivor","Neutralize","Leg Sweep+1","Well Laid Plans+1","Dash+1","Quick Slash","Noxious Fumes+1","Blade Dance","Flying Knee","Dash","Venomology","Burst+1","Catalyst+1","Acrobatics+1","Dagger Throw","Acrobatics+1","Poisoned Stab","Terror+1","Predator","Phantasmal Killer","Quick Slash","Skewer+1","Backflip","Dash","Outmaneuver"],"relics":["Coffee Dripper","Toy Ornithopter","White Beast Statue","Lantern","Golden Idol","Ectoplasm","Bottled Tornado","Juzu Bracelet","Regal Pillow","Mango","Nloth\u0027s Gift","Busted Crown","Red Mask","Bottled Lightning","Bag of Preparation","Snake Skull","TungstenRod","Akabeko"],"acts_visited":["Exordium","TheCity","TheBeyond"],"potions_floor_usage":[6,16,16,18,19,19,20,20,24,24,25,25,27,29,30,30,33,33,33,35,35,38,41,41,42,42,42,44,44,47,48,50,50,50],"damage_taken":[{"damage":0,"enemies":"Cultist","floor":1,"turns":4},{"damage":2,"enemies":"Jaw Worm","floor":3,"turns":5},{"damage":0,"enemies":"Small Slimes","floor":4,"turns":6},{"damage":0,"enemies":"2 Fungi Beasts","floor":5,"turns":5},{"damage":2,"enemies":"3 Sentries","floor":6,"turns":10},{"damage":2,"enemies":"Lagavulin","floor":8,"turns":7},{"damage":3,"enemies":"Large Slime","floor":10,"turns":5},{"damage":7,"enemies":"3 Sentries","floor":11,"turns":8},{"damage":2,"enemies":"Gremlin Gang","floor":12,"turns":5},{"damage":2,"enemies":"Hexaghost","floor":16,"turns":10},{"damage":17,"enemies":"Spheric Guardian","floor":18,"turns":6},{"damage":4,"enemies":"Chosen","floor":19,"turns":6},{"damage":8,"enemies":"Snake Plant","floor":20,"turns":4},{"damage":26,"enemies":"Book of Stabbing","floor":24,"turns":5},{"damage":32,"enemies":"3 Cultists","floor":25,"turns":5},{"damage":0,"enemies":"Snecko","floor":27,"turns":4},{"damage":3,"enemies":"Chosen and Byrds","floor":29,"turns":6},{"damage":5,"enemies":"Snake Plant","floor":30,"turns":4},{"damage":16,"enemies":"Automaton","floor":33,"turns":11},{"damage":3,"enemies":"Orb Walker","floor":35,"turns":4},{"damage":0,"enemies":"3 Darklings","floor":38,"turns":5},{"damage":0,"enemies":"Maw","floor":41,"turns":7},{"damage":46,"enemies":"Reptomancer","floor":42,"turns":7},{"damage":11,"enemies":"Giant Head","floor":44,"turns":6},{"damage":25,"enemies":"2 Orb Walkers","floor":47,"turns":4},{"damage":3,"enemies":"Reptomancer","floor":48,"turns":6},{"damage":48,"enemies":"Awakened One","floor":50,"turns":15}],"seed_played":"-5518023055091744780","potions_obtained":[{"floor":1,"key":"SmokeBomb"},{"floor":4,"key":"AttackPotion"},{"floor":10,"key":"Energy Potion"},{"floor":11,"key":"SpeedPotion"},{"floor":12,"key":"Ancient Potion"},{"floor":16,"key":"GamblersBrew"},{"floor":19,"key":"Fire Potion"},{"floor":20,"key":"LiquidBronze"},{"floor":24,"key":"Fruit Juice"},{"floor":25,"key":"Explosive Potion"},{"floor":27,"key":"Dexterity Potion"},{"floor":30,"key":"LiquidMemories"},{"floor":33,"key":"AttackPotion"},{"floor":35,"key":"LiquidMemories"},{"floor":41,"key":"Dexterity Potion"},{"floor":42,"key":"Strength Potion"},{"floor":44,"key":"GhostInAJar"},{"floor":47,"key":"SmokeBomb"},{"floor":48,"key":"Poison Potion"}],"is_trial":false,"path_per_floor":["M","?","M","M","M","E","R","E","T","M","E","M","?","?","R","B",null,"M","M","M","$","?","R","E","M","T","M","R","M","M","?","R","B",null,"M","?","?","M","$","R","M","E","T","E","R","?","?","E","R","B",null],"character_chosen":"THE_SILENT","items_purchased":["Bottled Tornado"],"campfire_rested":0,"item_purchase_floors":[21],"current_hp_per_floor":[59,59,57,57,57,55,55,53,53,50,43,41,41,41,41,49,58,44,50,52,52,52,52,35,18,32,37,37,39,44,44,44,43,71,78,76,76,76,76,76,76,43,43,42,42,66,46,48,48,15],"gold":0,"neow_bonus":"BOSS_RELIC","is_daily":false,"chose_seed":false,"campfire_upgraded":8,"win_rate":0.0,"timestamp":1609444705,"path_taken":["M","?","M","M","?","E","R","E","T","M","E","M","?","?","R","BOSS","M","?","M","$","?","R","E","M","T","M","R","M","M","?","R","BOSS","M","?","?","M","$","R","M","E","T","E","R","?","?","E","R","BOSS"],"items_purchased_type":["Relic"],"build_version":"2020-12-22","purchased_purges":1,"victory":true,"max_hp_per_floor":[66,66,66,66,66,66,66,66,66,66,66,66,61,61,61,61,61,61,61,61,61,61,61,61,66,80,80,80,80,80,80,80,80,80,80,76,76,76,76,76,76,76,76,76,76,66,66,66,66,66],"card_choices":[{"not_picked":["Infinite Blades","Escape Plan"],"picked":"Leg Sweep","floor":1},{"not_picked":["Flechettes","Crippling Poison"],"picked":"Well Laid Plans","floor":3},{"not_picked":["Outmaneuver","All Out Attack"],"picked":"Dash","floor":4},{"not_picked":["Escape Plan","Dodge and Roll"],"picked":"Quick Slash","floor":5},{"not_picked":["Reflex","Outmaneuver"],"picked":"Noxious Fumes","floor":6},{"not_picked":["Well Laid Plans","Reflex"],"picked":"Blade Dance","floor":8},{"not_picked":["Blade Dance","Tactician"],"picked":"Flying Knee","floor":10},{"not_picked":["Blade Dance","Endless Agony"],"picked":"Dash","floor":11},{"not_picked":["Sucker Punch","Masterful Stab","Slice"],"picked":"SKIP","floor":12},{"not_picked":["Venomology","A Thousand Cuts"],"picked":"Burst","floor":16},{"not_picked":["Bane","All Out Attack"],"picked":"Catalyst","floor":18},{"not_picked":["Backstab","Dash"],"picked":"Acrobatics","floor":19},{"not_picked":["Flechettes","Concentrate"],"picked":"Dagger Throw","floor":20},{"not_picked":["Outmaneuver","Blade Dance"],"picked":"Acrobatics","floor":24},{"not_picked":["Eviscerate+1","Underhanded Strike"],"picked":"Poisoned Stab","floor":25},{"not_picked":["Cloak And Dagger","Leg Sweep"],"picked":"Terror+1","floor":27},{"not_picked":["Catalyst","Dodge and Roll","Dagger Spray"],"picked":"SKIP","floor":29},{"not_picked":["Caltrops","Footwork+1"],"picked":"Predator","floor":30},{"not_picked":["Adrenaline","Glass Knife"],"picked":"Phantasmal Killer","floor":33},{"not_picked":[],"picked":"Quick Slash","floor":35},{"not_picked":[],"picked":"Skewer","floor":38},{"not_picked":[],"picked":"Backflip","floor":41},{"not_picked":[],"picked":"Dash","floor":42},{"not_picked":["Storm of Steel"],"picked":"SKIP","floor":44},{"not_picked":[],"picked":"Outmaneuver","floor":48}],"player_experience":245831,"relics_obtained":[{"floor":6,"key":"Toy Ornithopter"},{"floor":8,"key":"White Beast Statue"},{"floor":9,"key":"Lantern"},{"floor":11,"key":"Dream Catcher"},{"floor":24,"key":"Regal Pillow"},{"floor":26,"key":"Mango"},{"floor":42,"key":"Bottled Lightning"},{"floor":43,"key":"Bag of Preparation"},{"floor":44,"key":"Snake Skull"},{"floor":47,"key":"TungstenRod"},{"floor":48,"key":"Akabeko"}],"event_choices":[{"damage_healed":0,"gold_gain":0,"player_choice":"Upgraded","damage_taken":0,"max_hp_gain":0,"max_hp_loss":0,"event_name":"Upgrade Shrine","floor":2,"gold_loss":0,"cards_upgraded":["Leg Sweep"]},{"damage_healed":0,"gold_gain":0,"player_choice":"Lose Max HP","damage_taken":0,"relics_obtained":["Golden Idol"],"max_hp_gain":0,"max_hp_loss":5,"event_name":"Golden Idol","floor":13,"gold_loss":0},{"damage_healed":0,"gold_gain":0,"cards_transformed":["Strike_G"],"player_choice":"Transformed","damage_taken":0,"max_hp_gain":0,"max_hp_loss":0,"event_name":"Transmorgrifier","floor":14,"gold_loss":0,"cards_obtained":["Venomology"]},{"damage_healed":0,"gold_gain":0,"player_choice":"Obtained Relic","damage_taken":0,"relics_obtained":["Juzu Bracelet"],"max_hp_gain":0,"max_hp_loss":0,"event_name":"Addict","floor":22,"gold_loss":85},{"damage_healed":0,"gold_gain":0,"player_choice":"Traded Relic","damage_taken":0,"relics_obtained":["Nloth\u0027s Gift"],"max_hp_gain":0,"max_hp_loss":0,"event_name":"N\u0027loth","floor":31,"relics_lost":["Dream Catcher"],"gold_loss":0},{"damage_healed":0,"gold_gain":0,"player_choice":"Max HP","damage_taken":0,"max_hp_gain":0,"max_hp_loss":4,"event_name":"Winding Halls","floor":36,"gold_loss":0},{"damage_healed":0,"gold_gain":0,"player_choice":"Paid","damage_taken":0,"relics_obtained":["Red Mask"],"max_hp_gain":0,"max_hp_loss":0,"event_name":"Tomb of Lord Red Mask","floor":37,"gold_loss":4},{"damage_healed":66,"gold_gain":0,"player_choice":"Heal","damage_taken":0,"max_hp_gain":0,"max_hp_loss":10,"event_name":"The Moai Head","floor":46,"gold_loss":0},{"damage_healed":0,"gold_gain":0,"player_choice":"Fight","damage_taken":0,"max_hp_gain":0,"max_hp_loss":0,"event_name":"Mysterious Sphere","floor":47,"gold_loss":0}],"is_beta":false,"boss_relics":[{"not_picked":["WristBlade","Velvet Choker"],"picked":"Ectoplasm"},{"not_picked":["Runic Pyramid","Sozu"],"picked":"Busted Crown"}],"items_purged_floors":[21],"is_endless":false,"potions_floor_spawned":[1,4,5,10,11,12,16,18,19,20,24,25,27,29,30,33,35,38,41,42,44,47,48],"ascension_level":14}}