{"host":"nz11ypxva4e39b7q","time":1609425719,"event":{"mods":["BaseMod","Better Altar","Better Skull","Better Third Choice","Better Vampires","Colored Map","Minty Spire (QoL Compilation)","Spicy Shops","StSLib"],"gold_per_floor":[365,365,383,48,61,86,98,98,166,166,197,197,216,2,2,75,75,90,90,103,103,37,64,78,103,126,159,209,209,242,252,252,327,327,339,351,362,378,378,405,420,447,447,474,474,474,499,519,519,519,519,519,519,83,110,110],"floor_reached":57,"playtime":3830,"items_purged":["Strike_G","Strike_G","Strike_G+1"],"score":3295,"play_id":"670eadbe-518e-4012-bea7-1dff3a48b3a4","local_time":"20201231154159","is_ascension_mode":true,"campfire_choices":[{"data":"Neutralize","floor":8.0,"key":"SMITH"},{"data":"Dramatic Entrance","floor":10.0,"key":"SMITH"},{"data":"Finisher","floor":12.0,"key":"SMITH"},{"data":"Blade Dance","floor":15.0,"key":"SMITH"},{"floor":29.0,"key":"REST"},{"floor":32.0,"key":"REST"},{"floor":45.0,"key":"RECALL"},{"floor":49.0,"key":"REST"},{"floor":53.0,"key":"REST"}],"circlet_count":0,"master_deck":["AscendersBane","Defend_G+1","Defend_G+1","Defend_G+1","Defend_G+1","Survivor+1","Neutralize+1","Blade Dance+1","Quick Slash","Poisoned Stab","Dramatic Entrance+1","Escape Plan","Heel Hook","Finisher+1","Crippling Poison","Night Terror+1","Neutralize+1","PiercingWail+1","Backflip+1","Blade Dance+1","Expertise+1","Adrenaline+1","Footwork+1","Backstab","Leg Sweep+1","Backflip+1","Flash of Steel","Good Instincts+1","Terror+1"],"relics":["Ring of the Snake","Nunchaku","Pocketwatch","The Courier","Bronze Scales","Sling","Fusion Hammer","Bloody Idol","DollysMirror","Toxic Egg 2","Blood Vial","Smiling Mask","War Paint","Art of War","Empty Cage","Ninja Scroll","FossilizedHelix","Omamori","Ancient Tea Set","Kunai","Bag of Preparation","Vajra"],"acts_visited":["Exordium","TheCity","TheBeyond","TheEnding"],"potions_floor_usage":[56],"damage_taken":[{"damage":3.0,"enemies":"Small Slimes","floor":1.0,"turns":5.0},{"damage":0.0,"enemies":"Cultist","floor":3.0,"turns":4.0},{"damage":1.0,"enemies":"Jaw Worm","floor":5.0,"turns":2.0},{"damage":0.0,"enemies":"Gremlin Nob","floor":6.0,"turns":3.0},{"damage":4.0,"enemies":"Large Slime","floor":7.0,"turns":5.0},{"damage":17.0,"enemies":"Lagavulin","floor":11.0,"turns":4.0},{"damage":0.0,"enemies":"Gremlin Gang","floor":13.0,"turns":3.0},{"damage":7.0,"enemies":"Hexaghost","floor":16.0,"turns":6.0},{"damage":1.0,"enemies":"3 Byrds","floor":18.0,"turns":2.0},{"damage":0.0,"enemies":"2 Thieves","floor":20.0,"turns":2.0},{"damage":20.0,"enemies":"Slavers","floor":23.0,"turns":2.0},{"damage":0.0,"enemies":"Snecko","floor":24.0,"turns":2.0},{"damage":0.0,"enemies":"Book of Stabbing","floor":25.0,"turns":2.0},{"damage":18.0,"enemies":"Slavers","floor":27.0,"turns":3.0},{"damage":29.0,"enemies":"Gremlin Leader","floor":30.0,"turns":4.0},{"damage":2.0,"enemies":"Centurion and Healer","floor":31.0,"turns":3.0},{"damage":4.0,"enemies":"Collector","floor":33.0,"turns":6.0},{"damage":0.0,"enemies":"3 Shapes","floor":35.0,"turns":6.0},{"damage":0.0,"enemies":"Orb Walker","floor":36.0,"turns":2.0},{"damage":0.0,"enemies":"Sphere and 2 Shapes","floor":37.0,"turns":5.0},{"damage":0.0,"enemies":"Writhing Mass","floor":38.0,"turns":3.0},{"damage":0.0,"enemies":"Giant Head","floor":40.0,"turns":3.0},{"damage":0.0,"enemies":"Spire Growth","floor":41.0,"turns":2.0},{"damage":0.0,"enemies":"Nemesis","floor":42.0,"turns":3.0},{"damage":0.0,"enemies":"Giant Head","floor":44.0,"turns":2.0},{"damage":0.0,"enemies":"Nemesis","floor":47.0,"turns":1.0},{"damage":0.0,"enemies":"Transient","floor":48.0,"turns":6.0},{"damage":0.0,"enemies":"Awakened One","floor":50.0,"turns":12.0},{"damage":23.0,"enemies":"Donu and Deca","floor":51.0,"turns":13.0},{"damage":15.0,"enemies":"Shield and Spear","floor":55.0,"turns":5.0},{"damage":13,"enemies":"The Heart","floor":56,"turns":8}],"seed_played":"-6489315464797430584","potions_obtained":[{"floor":5.0,"key":"Fire Potion"},{"floor":7.0,"key":"FearPotion"},{"floor":11.0,"key":"CultistPotion"},{"floor":16.0,"key":"Explosive Potion"},{"floor":20.0,"key":"PowerPotion"},{"floor":24.0,"key":"DuplicationPotion"},{"floor":30.0,"key":"LiquidBronze"},{"floor":36.0,"key":"CultistPotion"}],"is_trial":false,"path_per_floor":["M","?","M","$","M","E","M","R","T","R","E","R","M","$","R","B",null,"M","?","M","?","$","E","M","E","T","E","?","R","E","M","R","B",null,"M","M","M","M","?","E","M","E","T","E","R","?","E","M","R","B","B",null,"R","$","E","B",null],"character_chosen":"THE_SILENT","items_purchased":["Nunchaku","Dramatic Entrance","Sling","DollysMirror","Kunai","Terror+1","Bag of Preparation"],"campfire_rested":4,"item_purchase_floors":[4,4,14,22,54,54,54],"current_hp_per_floor":[41,41,41,41,40,40,36,36,36,36,19,19,19,19,19,12,53,52,16,26,26,26,11,16,21,26,15,20,39,17,22,41,44,61,66,66,66,66,66,66,66,66,66,66,66,56,63,66,66,66,43,60,66,66,56,45],"gold":110,"neow_bonus":"TWO_FIFTY_GOLD","is_daily":false,"chose_seed":false,"campfire_upgraded":4,"win_rate":0.0,"timestamp":1609425719,"path_taken":["M","?","M","$","?","E","M","R","T","R","E","R","?","$","R","BOSS","M","?","M","?","$","E","M","E","T","E","?","R","E","?","R","BOSS","M","?","M","M","?","E","M","E","T","E","R","?","E","M","R","BOSS","BOSS","R","$","E","BOSS"],"items_purchased_type":["Relic","Card","Relic","Relic","Relic","Card","Relic"],"build_version":"2020-12-22","purchased_purges":3,"victory":true,"max_hp_per_floor":[66,66,66,66,66,66,66,66,66,66,66,66,66,66,66,66,66,66,66,66,66,66,66,66,66,66,66,66,66,66,66,66,66,66,66,66,66,66,66,66,66,66,66,66,66,66,66,66,66,66,66,66,66,66,66,66],"card_choices":[{"not_picked":["Backflip","Dagger Throw"],"picked":"Blade Dance","floor":1.0},{"not_picked":["Outmaneuver","Bane"],"picked":"Poisoned Stab","floor":3.0},{"not_picked":["Bane","Prepared"],"picked":"Escape Plan","floor":5.0},{"not_picked":["Flying Knee","Expertise"],"picked":"Heel Hook","floor":6.0},{"not_picked":["Infinite Blades","Outmaneuver","Footwork"],"picked":"SKIP","floor":7.0},{"not_picked":["Unload","Eviscerate"],"picked":"Finisher","floor":11.0},{"not_picked":["All Out Attack","Underhanded Strike"],"picked":"Crippling Poison","floor":13.0},{"not_picked":["Tools of the Trade","Burst"],"picked":"Night Terror","floor":16.0},{"not_picked":["Choke","Caltrops+1","Outmaneuver"],"picked":"SKIP","floor":18.0},{"not_picked":["Flying Knee","Underhanded Strike","Dagger Spray"],"picked":"SKIP","floor":20.0},{"not_picked":["Dagger Throw","Underhanded Strike"],"picked":"PiercingWail+1","floor":23.0},{"not_picked":["Caltrops","Masterful Stab","Deadly Poison+1"],"picked":"SKIP","floor":24.0},{"not_picked":["Unload","Noxious Fumes"],"picked":"Backflip+1","floor":25.0},{"not_picked":["All Out Attack","Flying Knee+1","Quick Slash"],"picked":"SKIP","floor":27.0},{"not_picked":["Predator","Expertise+1"],"picked":"Blade Dance+1","floor":30.0},{"not_picked":["Well Laid Plans","Bouncing Flask+1"],"picked":"Expertise+1","floor":31.0},{"not_picked":["Storm of Steel+1","A Thousand Cuts"],"picked":"Adrenaline+1","floor":33.0},{"not_picked":["Blade Dance+1","Deflect+1"],"picked":"Footwork+1","floor":35.0},{"not_picked":["Outmaneuver+1","Footwork"],"picked":"Backstab","floor":36.0},{"not_picked":["Flying Knee","Dagger Throw+1"],"picked":"Leg Sweep+1","floor":37.0},{"not_picked":["Prepared+1","Unload","Predator"],"picked":"SKIP","floor":38.0},{"not_picked":["Deadly Poison+1","Dodge and Roll+1"],"picked":"Backflip+1","floor":40.0},{"not_picked":["Skewer","Flying Knee","Distraction+1"],"picked":"SKIP","floor":41.0},{"not_picked":["Riddle With Holes","Sucker Punch","Outmaneuver+1"],"picked":"SKIP","floor":42.0},{"not_picked":["Outmaneuver+1","All Out Attack+1","Accuracy"],"picked":"SKIP","floor":44.0},{"not_picked":["Purity+1","Impatience+1"],"picked":"Flash of Steel","floor":46.0},{"not_picked":["Magnetism","Swift Strike"],"picked":"Good Instincts+1","floor":46.0},{"not_picked":["Reflex+1","Deadly Poison+1","Sucker Punch"],"picked":"SKIP","floor":47.0},{"not_picked":["Noxious Fumes","Dagger Spray","Skewer"],"picked":"SKIP","floor":48.0},{"not_picked":["Deflect+1","Deadly Poison+1","Dodge and Roll+1"],"picked":"SKIP","floor":55.0}],"player_experience":957298,"relics_obtained":[{"floor":6.0,"key":"Pocketwatch"},{"floor":9.0,"key":"The Courier"},{"floor":11.0,"key":"Bronze Scales"},{"floor":23.0,"key":"Toxic Egg 2"},{"floor":25.0,"key":"Blood Vial"},{"floor":26.0,"key":"Smiling Mask"},{"floor":27.0,"key":"War Paint"},{"floor":30.0,"key":"Art of War"},{"floor":40.0,"key":"Ninja Scroll"},{"floor":42.0,"key":"FossilizedHelix"},{"floor":44.0,"key":"Omamori"},{"floor":47.0,"key":"Ancient Tea Set"},{"floor":55.0,"key":"Vajra"}],"event_choices":[{"damage_healed":0.0,"max_hp_gain":0.0,"max_hp_loss":0.0,"gold_gain":0.0,"cards_transformed":["Defend_G"],"event_name":"Transmorgrifier","player_choice":"Transformed","floor":2.0,"gold_loss":0.0,"damage_taken":0.0,"cards_obtained":["Quick Slash"]},{"damage_healed":0.0,"max_hp_gain":52.0,"max_hp_loss":16.0,"gold_gain":0.0,"event_name":"betterAltar:BetterAltar","player_choice":" Idol ","floor":19.0,"potions_obtained":[],"relics_lost":[],"gold_loss":0.0,"damage_taken":36.0,"relics_obtained":["Bloody Idol"]},{"damage_healed":0.0,"max_hp_gain":0.0,"max_hp_loss":7.0,"gold_gain":0.0,"event_name":"betterThird:BetterWriting","player_choice":"Simplicity","floor":21.0,"gold_loss":0.0,"damage_taken":0.0},{"damage_healed":0.0,"max_hp_gain":0.0,"max_hp_loss":0.0,"gold_gain":50.0,"event_name":"Golden Shrine","player_choice":"Pray","floor":28.0,"gold_loss":0.0,"damage_taken":0.0},{"damage_healed":0.0,"max_hp_gain":0.0,"max_hp_loss":0.0,"gold_gain":0.0,"event_name":"Tomb of Lord Red Mask","player_choice":"Ignored","floor":39.0,"gold_loss":0.0,"damage_taken":0.0},{"damage_healed":0.0,"max_hp_gain":0.0,"max_hp_loss":0.0,"gold_gain":0.0,"event_name":"SensoryStone","player_choice":"Memory 3","floor":46.0,"gold_loss":0.0,"damage_taken":10.0}],"is_beta":false,"boss_relics":[{"not_picked":["Ectoplasm","Sozu"],"picked":"Fusion Hammer"},{"not_picked":["Tiny House","SacredBark"],"picked":"Empty Cage"}],"items_purged_floors":[4,14,54],"is_endless":false,"potions_floor_spawned":[5,7,11,16,20,23,24,30,33,36,37,41,47],"ascension_level":20}}