{"host":"pfy6u49v5s5r680p","time":1609415369,"event":{"mods":["BaseMod","Colored Map","DeckTracker","Highlight Path","Keyboard Shortcuts","Minty Spire (QoL Compilation)","Permanent Neow","Quick Restart","StSLib","SuperFastMode","everything is the same but u backflip on backflip"],"gold_per_floor":[114,124,42,56,56,91,91,120,120,120,45,75,85,97,97,197,197,207,242,258,272,272,272,300,300,300,311,48,77,91,109,109,214,214,229,240,258,270,283,309,309,309,309,340,188,199,199,8,8,8],"floor_reached":51,"playtime":3350,"items_purged":["Strike_R","Strike_R"],"score":1005,"play_id":"16956703-ec95-4a60-83e4-71d1a3c93351","local_time":"20201231204929","is_ascension_mode":true,"campfire_choices":[{"data":"Bludgeon","floor":7.0,"key":"SMITH"},{"data":"Pommel Strike","floor":10.0,"key":"SMITH"},{"floor":15.0,"key":"REST"},{"floor":23.0,"key":"REST"},{"floor":25.0,"key":"REST"},{"floor":32.0,"key":"REST"},{"floor":41.0,"key":"REST"},{"floor":47.0,"key":"REST"},{"data":"Flex","floor":49.0,"key":"PURGE"}],"circlet_count":0,"master_deck":["Defend_R","Defend_R","Bash","Heavy Blade","Pommel Strike+1","Bludgeon+1","Feed","Exhume","Demon Form","Headbutt","Thunderclap","Shrug It Off","Cleave","Offering","Shrug It Off","Barricade","Exhume","Uppercut+1","Limit Break+1","Rupture+1","Thunderclap+1","Warcry+1","Flex+1","Flex+1","Impervious","Shrug It Off+1","Entrench","Pummel"],"relics":["Burning Blood","Bird Faced Urn","Charon\u0027s Ashes","StoneCalendar","Peace Pipe","Fusion Hammer","Red Mask","Bronze Scales","Meat on the Bone","Mercury Hourglass","Astrolabe","Ancient Tea Set","Calipers","Ornamental Fan","Pen Nib","Membership Card"],"acts_visited":["Exordium","TheCity","TheBeyond"],"potions_floor_usage":[50,50],"damage_taken":[{"damage":14.0,"enemies":"2 Louse","floor":1.0,"turns":2.0},{"damage":15.0,"enemies":"Small Slimes","floor":2.0,"turns":3.0},{"damage":2.0,"enemies":"Jaw Worm","floor":4.0,"turns":3.0},{"damage":15.0,"enemies":"Lagavulin","floor":6.0,"turns":3.0},{"damage":8.0,"enemies":"Gremlin Nob","floor":8.0,"turns":3.0},{"damage":20.0,"enemies":"Lagavulin","floor":12.0,"turns":3.0},{"damage":14.0,"enemies":"Blue Slaver","floor":13.0,"turns":4.0},{"damage":21.0,"enemies":"3 Louse","floor":14.0,"turns":3.0},{"damage":41.0,"enemies":"The Guardian","floor":16.0,"turns":7.0},{"damage":7.0,"enemies":"Chosen","floor":18.0,"turns":3.0},{"damage":52.0,"enemies":"Masked Bandits","floor":19.0,"turns":5.0},{"damage":14.0,"enemies":"2 Thieves","floor":20.0,"turns":3.0},{"damage":6.0,"enemies":"Centurion and Healer","floor":21.0,"turns":6.0},{"damage":45.0,"enemies":"Book of Stabbing","floor":24.0,"turns":4.0},{"damage":32.0,"enemies":"Sentry and Sphere","floor":27.0,"turns":5.0},{"damage":25.0,"enemies":"Slavers","floor":29.0,"turns":3.0},{"damage":14.0,"enemies":"Chosen and Byrds","floor":30.0,"turns":4.0},{"damage":31.0,"enemies":"Centurion and Healer","floor":31.0,"turns":6.0},{"damage":111.0,"enemies":"Champ","floor":33.0,"turns":9.0},{"damage":33.0,"enemies":"3 Darklings","floor":35.0,"turns":4.0},{"damage":18.0,"enemies":"Orb Walker","floor":36.0,"turns":2.0},{"damage":33.0,"enemies":"4 Shapes","floor":37.0,"turns":3.0},{"damage":20.0,"enemies":"3 Darklings","floor":38.0,"turns":3.0},{"damage":21.0,"enemies":"Sphere and 2 Shapes","floor":39.0,"turns":3.0},{"damage":56.0,"enemies":"Giant Head","floor":40.0,"turns":6.0},{"damage":36.0,"enemies":"Reptomancer","floor":44.0,"turns":5.0},{"damage":12.0,"enemies":"Transient","floor":46.0,"turns":5.0},{"damage":75,"enemies":"Awakened One","floor":50,"turns":7}],"seed_played":"3343841215228345723","potions_obtained":[{"floor":1.0,"key":"LiquidMemories"},{"floor":12.0,"key":"FearPotion"},{"floor":13.0,"key":"ColorlessPotion"},{"floor":21.0,"key":"PowerPotion"},{"floor":27.0,"key":"ElixirPotion"},{"floor":29.0,"key":"BloodPotion"},{"floor":35.0,"key":"GamblersBrew"},{"floor":37.0,"key":"LiquidBronze"},{"floor":44.0,"key":"EssenceOfSteel"}],"is_trial":false,"path_per_floor":["M","M","$","M","?","E","R","E","T","R","$","E","M","M","R","B",null,"M","?","M","M","?","R","E","R","T","M","$","E","M","M","R","B",null,"M","M","M","M","M","E","R","?","T","E","$","M","R","$","R","B",null],"character_chosen":"IRONCLAD","items_purchased":["Bludgeon","Offering","Pen Nib","Membership Card","Pummel"],"campfire_rested":6,"item_purchase_floors":[3,28,45,48,48],"current_hp_per_floor":[80,71,71,75,75,66,66,67,67,67,67,53,48,36,65,33,83,85,44,42,45,45,79,40,74,74,60,60,56,63,56,94,32,103,76,80,72,72,74,38,77,77,77,63,63,73,112,112,112,59],"gold":8,"neow_bonus":"TEN_PERCENT_HP_BONUS","is_daily":false,"chose_seed":false,"campfire_upgraded":2,"win_rate":0.0,"timestamp":1609415369,"path_taken":["M","M","$","M","?","E","R","E","T","R","$","E","M","M","R","BOSS","M","?","M","M","?","R","E","R","T","M","$","E","M","M","R","BOSS","M","M","M","M","M","E","R","?","T","E","$","M","R","$","R","BOSS"],"items_purchased_type":["Card","Card","Relic","Relic","Card"],"build_version":"2020-12-22","purchased_purges":2,"victory":true,"max_hp_per_floor":[88,88,88,88,88,88,88,91,91,91,91,91,94,97,97,100,100,103,106,112,115,115,115,115,115,115,115,115,118,121,127,127,127,127,127,127,130,130,133,133,133,133,133,133,133,133,133,133,133,133],"card_choices":[{"not_picked":["Twin Strike","Perfected Strike"],"picked":"Heavy Blade","floor":1.0},{"not_picked":["Anger","Warcry"],"picked":"Pommel Strike","floor":2.0},{"not_picked":["Wild Strike","Heavy Blade","Warcry"],"picked":"SKIP","floor":4.0},{"not_picked":["Anger","Warcry"],"picked":"Feed","floor":6.0},{"not_picked":["Dark Embrace","Blood for Blood","Clash"],"picked":"SKIP","floor":8.0},{"not_picked":["Flex","Intimidate"],"picked":"Exhume","floor":12.0},{"not_picked":["Rupture","Havoc","Cleave"],"picked":"SKIP","floor":13.0},{"not_picked":["Dark Embrace","Entrench","Evolve"],"picked":"SKIP","floor":14.0},{"not_picked":["Double Tap","Feed"],"picked":"Demon Form","floor":16.0},{"not_picked":["Body Slam","Rupture","True Grit"],"picked":"SKIP","floor":18.0},{"not_picked":["Flex+1","Rage"],"picked":"Headbutt","floor":19.0},{"not_picked":["Entrench+1","Havoc","Sentinel"],"picked":"SKIP","floor":20.0},{"not_picked":["Wild Strike","Spot Weakness"],"picked":"Thunderclap","floor":21.0},{"not_picked":["Flex","Clothesline+1"],"picked":"Cleave","floor":24.0},{"not_picked":["Whirlwind","Clothesline","Searing Blow+1"],"picked":"SKIP","floor":27.0},{"not_picked":["Carnage","Anger"],"picked":"Shrug It Off","floor":29.0},{"not_picked":["Carnage","Rage+1","Sword Boomerang"],"picked":"SKIP","floor":30.0},{"not_picked":["Wild Strike+1","Whirlwind"],"picked":"Barricade","floor":31.0},{"not_picked":["Corruption","Fiend Fire"],"picked":"Exhume","floor":33.0},{"not_picked":["Clash","Warcry+1"],"picked":"Thunderclap+1","floor":35.0},{"not_picked":["Pommel Strike","Sentinel"],"picked":"Warcry+1","floor":36.0},{"not_picked":["Blood for Blood","Sever Soul+1"],"picked":"Flex+1","floor":37.0},{"not_picked":["Second Wind","Clothesline+1"],"picked":"Flex","floor":38.0},{"not_picked":["Pummel","Thunderclap+1"],"picked":"Flex+1","floor":39.0},{"not_picked":["Twin Strike+1","Armaments+1"],"picked":"Impervious","floor":40.0},{"not_picked":["Body Slam","Metallicize+1"],"picked":"Shrug It Off+1","floor":44.0},{"not_picked":["Brutality","Combust"],"picked":"Entrench","floor":46.0}],"player_experience":68731,"relics_obtained":[{"floor":6.0,"key":"Bird Faced Urn"},{"floor":8.0,"key":"Charon\u0027s Ashes"},{"floor":9.0,"key":"StoneCalendar"},{"floor":12.0,"key":"Peace Pipe"},{"floor":19.0,"key":"Red Mask"},{"floor":24.0,"key":"Bronze Scales"},{"floor":26.0,"key":"Meat on the Bone"},{"floor":29.0,"key":"Mercury Hourglass"},{"floor":40.0,"key":"Ancient Tea Set"},{"floor":43.0,"key":"Calipers"},{"floor":44.0,"key":"Ornamental Fan"}],"event_choices":[{"damage_healed":0.0,"max_hp_gain":0.0,"max_hp_loss":0.0,"gold_gain":0.0,"event_name":"Liars Game","player_choice":"Ignored","floor":5.0,"gold_loss":0.0,"damage_taken":0.0},{"damage_healed":0.0,"max_hp_gain":0.0,"max_hp_loss":0.0,"gold_gain":0.0,"event_name":"Masked Bandits","player_choice":"Fought Bandits","floor":19.0,"gold_loss":0.0,"damage_taken":0.0},{"damage_healed":0.0,"max_hp_gain":0.0,"max_hp_loss":0.0,"gold_gain":0.0,"cards_transformed":["Strike_R","Strike_R"],"event_name":"Drug Dealer","player_choice":"Became Test Subject","floor":22.0,"gold_loss":0.0,"damage_taken":0.0,"cards_obtained":["Iron Wave","Shrug It Off"]},{"cards_removed":["Iron Wave"],"damage_healed":0.0,"max_hp_gain":0.0,"max_hp_loss":0.0,"gold_gain":0.0,"event_name":"Falling","player_choice":"Removed Attack","floor":42.0,"gold_loss":0.0,"damage_taken":0.0}],"is_beta":false,"boss_relics":[{"not_picked":["Coffee Dripper","Calling Bell"],"picked":"Fusion Hammer"},{"not_picked":["Tiny House","Cursed Key"],"picked":"Astrolabe"}],"items_purged_floors":[11,28],"is_endless":false,"potions_floor_spawned":[1,12,13,21,27,29,30,31,35,37,44],"ascension_level":5}}