{"host":"tvs5yxzo65ue2qcy","time":1609413989,"event":{"mods":["BaseMod","DeckTracker","Highlight Path","Minty Spire (QoL Compilation)","Permanent Neow","Quick Restart","StSLib","SuperFastMode","everything is the same but u backflip on backflip"],"gold_per_floor":[12,12,25,45,68,111,111,149,172,97,112,262,262,18,18,18,18],"floor_reached":16,"playtime":412,"items_purged":["Strike_G","Strike_G"],"score":220,"play_id":"5e5d5b62-66e3-4c26-8ae0-992bab62c50c","local_time":"20201231202629","is_ascension_mode":true,"campfire_choices":[{"floor":7.0,"key":"REST"},{"data":"Doubt","floor":13,"key":"PURGE"},{"data":"Defend_G","floor":15,"key":"PURGE"}],"circlet_count":0,"master_deck":["AscendersBane","Strike_G","Strike_G","Strike_G","Defend_G","Defend_G","Defend_G","Defend_G","Survivor","Neutralize","Die Die Die","Prepared","Dash","Grand Finale","Calculated Gamble","Masterful Stab","Well Laid Plans"],"relics":["Ring of the Snake","Golden Idol","Peace Pipe","Orichalcum","Centennial Puzzle"],"acts_visited":["Exordium"],"potions_floor_usage":[8,8,16],"damage_taken":[{"damage":4.0,"enemies":"Jaw Worm","floor":1.0,"turns":3.0},{"damage":2.0,"enemies":"Cultist","floor":3.0,"turns":4.0},{"damage":4.0,"enemies":"Small Slimes","floor":4.0,"turns":3.0},{"damage":6.0,"enemies":"Blue Slaver","floor":5.0,"turns":5.0},{"damage":36.0,"enemies":"3 Sentries","floor":6.0,"turns":11.0},{"damage":4,"enemies":"Gremlin Nob","floor":8,"turns":4},{"damage":0,"enemies":"Lots of Slimes","floor":11,"turns":1},{"damage":20,"enemies":"The Guardian","floor":16,"turns":8}],"seed_played":"4369455218271304356","potions_obtained":[{"floor":1.0,"key":"SteroidPotion"},{"floor":3.0,"key":"SkillPotion"},{"floor":5.0,"key":"GhostInAJar"}],"is_trial":false,"path_per_floor":["M","?","M","M","M","E","R","E","T","$","M","?","R","$","R","B"],"character_chosen":"THE_SILENT","items_purchased":["Well Laid Plans","Block Potion"],"campfire_rested":1,"item_purchase_floors":[14,14],"current_hp_per_floor":[55,55,53,49,43,7,25,21,21,21,21,21,21,21,21,1,1],"gold":18,"neow_bonus":"THREE_RARE_CARDS","is_daily":false,"chose_seed":false,"campfire_upgraded":0,"win_rate":0.0,"timestamp":1609413989,"path_taken":["M","?","M","M","M","E","R","E","T","$","M","?","R","?","R","BOSS"],"items_purchased_type":["Card","Potion"],"build_version":"2020-12-22","purchased_purges":2,"victory":false,"max_hp_per_floor":[66,60,60,60,60,60,60,60,60,60,60,60,60,60,60,60,60],"card_choices":[{"not_picked":["Glass Knife","Wraith Form v2"],"picked":"Die Die Die","floor":0.0},{"not_picked":["Crippling Poison","Distraction","Flying Knee"],"picked":"SKIP","floor":1.0},{"not_picked":["Reflex","Dagger Spray"],"picked":"Prepared","floor":3.0},{"not_picked":["Expertise","Dagger Throw"],"picked":"Dash","floor":4.0},{"not_picked":["Prepared","Flying Knee"],"picked":"Grand Finale","floor":5.0},{"not_picked":["Deadly Poison","Endless Agony"],"picked":"Calculated Gamble","floor":6.0},{"not_picked":["Quick Slash","Crippling Poison"],"picked":"Masterful Stab","floor":8},{"not_picked":["Deflect","Crippling Poison","Blade Dance"],"picked":"SKIP","floor":11}],"player_experience":430118,"relics_obtained":[{"floor":6.0,"key":"Peace Pipe"},{"floor":8,"key":"Orichalcum"},{"floor":9,"key":"Centennial Puzzle"}],"event_choices":[{"damage_healed":0.0,"max_hp_gain":0.0,"max_hp_loss":6.0,"gold_gain":0.0,"event_name":"Golden Idol","player_choice":"Lose Max HP","floor":2.0,"gold_loss":0.0,"damage_taken":0.0,"relics_obtained":["Golden Idol"]},{"damage_healed":0,"gold_gain":150,"player_choice":"AGREE","damage_taken":0,"max_hp_gain":0,"max_hp_loss":0,"event_name":"Liars Game","floor":12,"gold_loss":0,"cards_obtained":["Doubt"]}],"is_beta":false,"boss_relics":[],"items_purged_floors":[10,14],"is_endless":false,"potions_floor_spawned":[1,3,5,6],"killed_by":"The Guardian","ascension_level":20}}