{"host":"e1pm3b7xpcm97e5w","time":1609382402,"event":{"mods":["BaseMod","Better Skull","Googly Eyes","Minty Spire (QoL Compilation)","Relic Stats","Shop Mod","Spicy Shops","StSLib"],"gold_per_floor":[112,123,123,123,136,136,168,168,195,32,55,74,74,106,106,193,193,214,214,225,244,16,16,27,27,27,56,56,56],"floor_reached":28,"playtime":1272,"items_purged":[],"score":426,"play_id":"c5722702-a412-438e-a2fa-a454a44e71fb","local_time":"20201230214002","is_ascension_mode":true,"campfire_choices":[{"data":"Footwork","floor":6,"key":"SMITH"},{"floor":8,"key":"REST"},{"floor":13,"key":"REST"},{"data":"Leg Sweep","floor":15,"key":"SMITH"},{"floor":23,"key":"REST"},{"data":"Noxious Fumes","floor":25,"key":"SMITH"}],"circlet_count":0,"master_deck":["AscendersBane","Strike_G","Strike_G","Strike_G","Strike_G","Strike_G","Defend_G","Defend_G","Defend_G","Defend_G","Defend_G","Survivor","Neutralize","Footwork+1","Poisoned Stab","PiercingWail","Leg Sweep+1","Flying Knee","Adrenaline","Deadly Poison+1","Noxious Fumes+1","Burst","Backflip"],"relics":["Ring of the Snake","NeowsBlessing","Bag of Preparation","TungstenRod","CeramicFish","OrangePellets","Smiling Mask","Philosopher\u0027s Stone","Molten Egg 2"],"acts_visited":["Exordium","TheCity"],"potions_floor_usage":[7,12,20,21],"damage_taken":[{"damage":0,"enemies":"Cultist","floor":1,"turns":1},{"damage":0,"enemies":"Small Slimes","floor":2,"turns":1},{"damage":0,"enemies":"2 Louse","floor":5,"turns":1},{"damage":56,"enemies":"Gremlin Nob","floor":7,"turns":7},{"damage":0,"enemies":"2 Fungi Beasts","floor":11,"turns":5},{"damage":1,"enemies":"3 Louse","floor":12,"turns":4},{"damage":13,"enemies":"Lagavulin","floor":14,"turns":13},{"damage":14,"enemies":"The Guardian","floor":16,"turns":26},{"damage":9,"enemies":"3 Byrds","floor":18,"turns":10},{"damage":0,"enemies":"Chosen","floor":20,"turns":6},{"damage":5,"enemies":"Snake Plant","floor":21,"turns":5},{"damage":4,"enemies":"Shelled Parasite and Fungi","floor":24,"turns":8},{"damage":10,"enemies":"Centurion and Healer","floor":27,"turns":8},{"damage":47,"enemies":"Gremlin Leader","floor":28,"turns":8}],"seed_played":"-4501716507056755029","potions_obtained":[{"floor":5,"key":"Block Potion"},{"floor":11,"key":"SkillPotion"},{"floor":12,"key":"GhostInAJar"},{"floor":16,"key":"GamblersBrew"},{"floor":18,"key":"ColorlessPotion"},{"floor":20,"key":"Fruit Juice"}],"is_trial":false,"path_per_floor":["M","M","T","?","M","R","E","R","T","$","M","M","R","E","R","B",null,"M","?","M","M","$","R","M","R","T","M","E"],"character_chosen":"THE_SILENT","items_purchased":["OrangePellets","Noxious Fumes","Burst"],"campfire_rested":3,"item_purchase_floors":[10,22,22],"current_hp_per_floor":[59,59,59,64,64,64,8,29,29,29,29,28,49,36,36,22,59,50,31,36,31,31,55,51,51,51,41,0,0],"gold":56,"neow_bonus":"THREE_ENEMY_KILL","is_daily":false,"chose_seed":false,"campfire_upgraded":3,"win_rate":0.0,"timestamp":1609382402,"path_taken":["M","?","?","?","M","R","E","R","T","$","M","M","R","E","R","BOSS","M","?","M","M","$","R","M","R","T","M","E"],"items_purchased_type":["Relic","Card","Card"],"build_version":"2020-12-22","purchased_purges":0,"victory":false,"max_hp_per_floor":[66,66,66,71,71,71,71,71,71,71,71,71,71,71,71,71,71,71,76,81,81,81,81,81,81,81,81,81,81],"relic_stats":{"OrangePellets":[5],"counters":[14,103],"CeramicFish":63,"Bag of Preparation":[24],"Smiling Mask":0,"obtain_stats":[{"OrangePellets":10,"NeowsBlessing":0,"CeramicFish":9,"Philosopher\u0027s Stone":17,"Molten Egg 2":26,"Bag of Preparation":3,"Smiling Mask":14,"TungstenRod":7,"Ring of the Snake":0},{"OrangePellets":4,"NeowsBlessing":0,"CeramicFish":4,"Philosopher\u0027s Stone":8,"Molten Egg 2":12,"Bag of Preparation":2,"Smiling Mask":7,"TungstenRod":4,"Ring of the Snake":0},{"OrangePellets":10,"NeowsBlessing":0,"CeramicFish":10,"Philosopher\u0027s Stone":58,"Molten Egg 2":87,"Bag of Preparation":2,"Smiling Mask":32,"TungstenRod":10,"Ring of the Snake":0}],"TungstenRod":34,"Ring of the Snake":[28]},"card_choices":[{"not_picked":["Dagger Throw","Predator"],"picked":"Footwork","floor":1},{"not_picked":["Acrobatics","Bane","Reflex"],"picked":"SKIP","floor":2},{"not_picked":["Outmaneuver","Escape Plan"],"picked":"Poisoned Stab","floor":5},{"not_picked":["Prepared","Doppelganger"],"picked":"PiercingWail","floor":7},{"not_picked":["Reflex","Sucker Punch"],"picked":"Leg Sweep","floor":11},{"not_picked":["Poisoned Stab","Sucker Punch"],"picked":"Flying Knee","floor":12},{"not_picked":["Underhanded Strike","Bane","Slice"],"picked":"SKIP","floor":14},{"not_picked":["Wraith Form v2","Grand Finale"],"picked":"Adrenaline","floor":16},{"not_picked":["Bane","Blade Dance"],"picked":"Deadly Poison+1","floor":18},{"not_picked":["Poisoned Stab","Dagger Throw","Slice"],"picked":"SKIP","floor":20},{"not_picked":["Underhanded Strike","Terror","All Out Attack"],"picked":"SKIP","floor":21},{"not_picked":["Poisoned Stab","Acrobatics","Cloak And Dagger"],"picked":"SKIP","floor":24},{"not_picked":["Terror","Expertise+1"],"picked":"Backflip","floor":27}],"player_experience":444102,"relics_obtained":[{"floor":3,"key":"Bag of Preparation"},{"floor":7,"key":"TungstenRod"},{"floor":9,"key":"CeramicFish"},{"floor":14,"key":"Smiling Mask"},{"floor":26,"key":"Molten Egg 2"}],"event_choices":[{"damage_healed":0,"gold_gain":0,"player_choice":"Donut","damage_taken":0,"max_hp_gain":5,"max_hp_loss":0,"event_name":"Big Fish","floor":4,"gold_loss":0},{"damage_healed":0,"gold_gain":0,"player_choice":"Shed Blood","damage_taken":25,"max_hp_gain":5,"max_hp_loss":0,"event_name":"Forgotten Altar","floor":19,"gold_loss":0}],"is_beta":false,"boss_relics":[{"not_picked":["Cursed Key","Velvet Choker"],"picked":"Philosopher\u0027s Stone"}],"items_purged_floors":[],"is_endless":false,"potions_floor_spawned":[5,11,12,16,18,20],"killed_by":"Gremlin Leader","ascension_level":17}}