{"host":"w3x3n9s6mrz4xpf0","time":1609402728,"event":{"mods":["BaseMod","Minty Spire (QoL Compilation)","StSLib","SuperFastMode"],"gold_per_floor":[118,118,118,118,138,172,172,191,191,191,223,236,247,247,247,376,376,391,405,405,330,255,255,286,35,87,2,17,52,71,109,109,238,238,257,272,288,309,332,375,375,415,415,365,428,444,444,487,487,487],"floor_reached":51,"playtime":1875,"items_purged":["Flying Knee","Setup+1","Prepared+1"],"score":1306,"play_id":"c10eb81b-1c56-45bb-91d6-162154f26f1f","local_time":"20201231171848","is_ascension_mode":true,"campfire_choices":[{"data":"Well Laid Plans","floor":7,"key":"SMITH"},{"data":"Setup","floor":10,"key":"SMITH"},{"data":"Malaise","floor":15,"key":"SMITH"},{"data":"Phantasmal Killer","floor":23,"key":"SMITH"},{"data":"Grand Finale","floor":32,"key":"SMITH"},{"data":"Adrenaline","floor":41,"key":"SMITH"},{"data":"Burst","floor":49,"key":"SMITH"}],"circlet_count":0,"master_deck":["Survivor+1","Neutralize","Malaise+1","Well Laid Plans+1","Quick Slash+1","Grand Finale+1","Corpse Explosion+1","Crippling Poison","Phantasmal Killer+1","PiercingWail+1","Burst+1","Adrenaline+1","Acrobatics+1","Madness","Madness"],"relics":["Pandora\u0027s Box","Bird Faced Urn","Torii","Bag of Preparation","Golden Idol","Sozu","Art of War","Medical Kit","Happy Flower","Oddly Smooth Stone","War Paint","Smiling Mask","Runic Pyramid","Bottled Tornado","Meat on the Bone","HornCleat","Tough Bandages","Bag of Marbles"],"acts_visited":["TheCity","TheBeyond"],"potions_floor_usage":[1,11,16,50],"damage_taken":[{"damage":3,"enemies":"Small Slimes","floor":1,"turns":4},{"damage":9,"enemies":"Jaw Worm","floor":5,"turns":2},{"damage":10,"enemies":"3 Sentries","floor":6,"turns":2},{"damage":0,"enemies":"Cultist","floor":8,"turns":2},{"damage":13,"enemies":"Lagavulin","floor":11,"turns":6},{"damage":1,"enemies":"Blue Slaver","floor":12,"turns":2},{"damage":0,"enemies":"2 Fungi Beasts","floor":13,"turns":2},{"damage":0,"enemies":"The Guardian","floor":16,"turns":6},{"damage":0,"enemies":"Chosen","floor":18,"turns":4},{"damage":0,"enemies":"3 Byrds","floor":19,"turns":2},{"damage":0,"enemies":"Gremlin Leader","floor":24,"turns":3},{"damage":0,"enemies":"Snake Plant","floor":28,"turns":3},{"damage":18,"enemies":"Book of Stabbing","floor":29,"turns":3},{"damage":0,"enemies":"Snecko","floor":30,"turns":2},{"damage":0,"enemies":"Gremlin Leader","floor":31,"turns":2},{"damage":2,"enemies":"Collector","floor":33,"turns":5},{"damage":0,"enemies":"3 Darklings","floor":35,"turns":2},{"damage":1,"enemies":"3 Shapes","floor":36,"turns":3},{"damage":0,"enemies":"3 Darklings","floor":37,"turns":2},{"damage":0,"enemies":"Maw","floor":38,"turns":3},{"damage":0,"enemies":"Spire Growth","floor":39,"turns":2},{"damage":1,"enemies":"Giant Head","floor":40,"turns":4},{"damage":0,"enemies":"Reptomancer","floor":42,"turns":2},{"damage":0,"enemies":"Mind Bloom Boss Battle","floor":45,"turns":3},{"damage":0,"enemies":"Transient","floor":46,"turns":4},{"damage":0,"enemies":"Nemesis","floor":48,"turns":5},{"damage":1,"enemies":"Awakened One","floor":50,"turns":4}],"seed_played":"-5133463820027158288","potions_obtained":[{"floor":1,"key":"Fruit Juice"},{"floor":8,"key":"Energy Potion"},{"floor":12,"key":"Swift Potion"},{"floor":13,"key":"ColorlessPotion"}],"is_trial":false,"path_per_floor":["M","?","?","?","M","E","R","M","T","R","E","M","M","?","R","B",null,"M","M","?","?","$","R","E","$","T","?","M","E","M","E","R","B",null,"M","M","M","M","M","E","R","E","T","$","?","M","?","E","R","B",null],"character_chosen":"THE_SILENT","items_purchased":["Medical Kit"],"campfire_rested":0,"item_purchase_floors":[25],"current_hp_per_floor":[65,65,58,43,34,24,24,26,26,26,15,16,18,18,18,20,57,59,59,59,59,59,59,61,61,61,61,63,47,49,51,51,51,65,67,68,69,69,69,68,68,69,69,69,69,69,60,62,62,63],"gold":487,"neow_bonus":"BOSS_RELIC","is_daily":false,"chose_seed":false,"campfire_upgraded":7,"win_rate":0.0,"timestamp":1609402728,"path_taken":["M","?","?","?","M","E","R","?","T","R","E","M","?","?","R","BOSS","M","M","?","?","$","R","E","?","T","?","M","E","M","E","R","BOSS","M","M","M","M","M","E","R","E","T","$","?","M","?","E","R","BOSS"],"items_purchased_type":["Relic"],"build_version":"2020-12-22","purchased_purges":3,"victory":true,"max_hp_per_floor":[75,75,75,75,75,75,75,75,75,75,75,75,75,69,69,69,69,69,69,69,69,69,69,69,69,69,69,69,69,69,69,69,69,69,69,69,69,69,69,69,69,69,69,69,69,69,69,69,69,69],"card_choices":[{"not_picked":["Riddle With Holes","Dagger Throw","Prepared"],"picked":"SKIP","floor":1},{"not_picked":["Leg Sweep","Quick Slash","Accuracy"],"picked":"SKIP","floor":5},{"not_picked":["Dagger Spray","Deflect","Infinite Blades"],"picked":"SKIP","floor":6},{"not_picked":["Cloak And Dagger","Flying Knee","Well Laid Plans"],"picked":"SKIP","floor":8},{"not_picked":["Endless Agony","Flying Knee"],"picked":"Crippling Poison","floor":11},{"not_picked":["Phantasmal Killer","Deflect","Caltrops"],"picked":"SKIP","floor":12},{"not_picked":["Calculated Gamble","Deadly Poison","Deflect"],"picked":"SKIP","floor":13},{"not_picked":["Night Terror","Storm of Steel"],"picked":"Phantasmal Killer","floor":16},{"not_picked":["Choke+1","Poisoned Stab","PiercingWail"],"picked":"SKIP","floor":18},{"not_picked":["Bane","Finisher"],"picked":"Prepared+1","floor":19},{"not_picked":["Outmaneuver","Cloak And Dagger","Expertise"],"picked":"SKIP","floor":24},{"not_picked":["Noxious Fumes","Riddle With Holes","Predator"],"picked":"SKIP","floor":28},{"not_picked":["Flying Knee+1","Blur","Leg Sweep"],"picked":"SKIP","floor":29},{"not_picked":["Flying Knee+1","Blur","Leg Sweep"],"picked":"SKIP","floor":29},{"not_picked":["Cloak And Dagger","Footwork","Slice"],"picked":"SKIP","floor":30},{"not_picked":["Tools of the Trade","Flying Knee","Eviscerate"],"picked":"SKIP","floor":31},{"not_picked":["Grand Finale","Night Terror"],"picked":"Burst","floor":33},{"not_picked":["Terror+1","Quick Slash","Setup+1"],"picked":"SKIP","floor":35},{"not_picked":["Dodge and Roll","Blade Dance","All Out Attack+1"],"picked":"SKIP","floor":36},{"not_picked":["Deadly Poison+1","Sucker Punch","Caltrops+1"],"picked":"SKIP","floor":37},{"not_picked":["Slice","Riddle With Holes","Bane+1"],"picked":"SKIP","floor":38},{"not_picked":["PiercingWail","Masterful Stab+1","Outmaneuver"],"picked":"SKIP","floor":39},{"not_picked":["Dagger Throw","Bane"],"picked":"Adrenaline","floor":40},{"not_picked":["Dodge and Roll+1","Outmaneuver"],"picked":"Acrobatics+1","floor":42},{"not_picked":["Blade Dance","Slice","Quick Slash"],"picked":"SKIP","floor":46},{"not_picked":["Sucker Punch+1","Well Laid Plans+1","Underhanded Strike"],"picked":"SKIP","floor":48}],"player_experience":77355,"relics_obtained":[{"floor":6,"key":"Bird Faced Urn"},{"floor":9,"key":"Torii"},{"floor":11,"key":"Bag of Preparation"},{"floor":24,"key":"Art of War"},{"floor":26,"key":"Happy Flower"},{"floor":29,"key":"War Paint"},{"floor":31,"key":"Smiling Mask"},{"floor":40,"key":"Bottled Tornado"},{"floor":42,"key":"Meat on the Bone"},{"floor":43,"key":"HornCleat"},{"floor":45,"key":"Tough Bandages"},{"floor":48,"key":"Bag of Marbles"}],"event_choices":[{"damage_healed":0,"gold_gain":0,"player_choice":"Ignored","damage_taken":0,"max_hp_gain":0,"max_hp_loss":0,"event_name":"Liars Game","floor":2,"gold_loss":0},{"cards_removed":["Accuracy"],"damage_healed":0,"gold_gain":0,"player_choice":"Card Removal","damage_taken":7,"max_hp_gain":0,"max_hp_loss":0,"event_name":"Golden Wing","floor":3,"gold_loss":0},{"damage_healed":0,"gold_gain":0,"player_choice":"Entered Light","damage_taken":15,"max_hp_gain":0,"max_hp_loss":0,"event_name":"Shining Light","floor":4,"gold_loss":0,"cards_upgraded":["Quick Slash","Corpse Explosion"]},{"damage_healed":0,"gold_gain":0,"player_choice":"Lose Max HP","damage_taken":0,"relics_obtained":["Golden Idol"],"max_hp_gain":0,"max_hp_loss":6,"event_name":"Golden Idol","floor":14,"gold_loss":0},{"damage_healed":0,"gold_gain":0,"cards_transformed":["Corpse Explosion","Riddle With Holes"],"player_choice":"Became Test Subject","damage_taken":0,"max_hp_gain":0,"max_hp_loss":0,"event_name":"Drug Dealer","floor":20,"gold_loss":0,"cards_obtained":["PiercingWail","Doppelganger"]},{"cards_removed":["Doppelganger"],"damage_healed":0,"gold_gain":0,"player_choice":"Gave Gold","damage_taken":0,"max_hp_gain":0,"max_hp_loss":0,"event_name":"Beggar","floor":21,"gold_loss":75},{"damage_healed":0,"gold_gain":0,"player_choice":"Obtained Relic","damage_taken":0,"relics_obtained":["Oddly Smooth Stone"],"max_hp_gain":0,"max_hp_loss":0,"event_name":"Addict","floor":27,"gold_loss":85},{"damage_healed":0,"gold_gain":0,"player_choice":"Fight","damage_taken":0,"max_hp_gain":0,"max_hp_loss":0,"event_name":"MindBloom","floor":45,"gold_loss":0},{"damage_healed":0,"gold_gain":0,"player_choice":"Embrace Madness","damage_taken":9,"max_hp_gain":0,"max_hp_loss":0,"event_name":"Winding Halls","floor":47,"gold_loss":0,"cards_obtained":["Madness","Madness"]}],"is_beta":false,"boss_relics":[{"not_picked":["Velvet Choker","Tiny House"],"picked":"Sozu"},{"not_picked":["Snecko Eye","Coffee Dripper"],"picked":"Runic Pyramid"}],"items_purged_floors":[22,25,44],"is_endless":false,"potions_floor_spawned":[1,8,12,13,24,28,33,39,40,42,46],"ascension_level":7}}