{"host":"fhq3k2nq5elnbks3","time":1609452520,"event":{"mods":["2.2 Compatiblity","AchievementEnabler","Act Like it!","AlwaysNeverKeys","Aspiration","Astrologer","Bard","BaseMod","Better Altar","Better Vampires","Better-Laid Plans","Block Reminder","CCEM","Card Filter","Colored Powertips","Displayed Cursed Tome","Ekko","Fireblade Mod","Friendly Minions","FutureSeer","GifTheSpireLib","Gremlin Skip","HololiveMod","Jorbs\u0027s Wanderer Trilogy","Koishi","Marisa????????","Mathemortician","Minty Spire (QoL Compilation)","Onozuka Komachi Mod","Pale of the Ancients","Permanent Neow","Prisma Mod","Quick Restart","Reimu??????","Relic Filter","Robot Space Explorer","Shop Mod","Spikes Relics","StSLib","SuperFastMode","The Blackbeard","The Cursed","The Death Knight","The Exordian Avenger","The Gatherer","The Hierophant","The Runesmith","The Servant 0.9.4","The Trickster","The Valiant","The Wild Card","TheBandit","Trackpad","Transform Curses","Uncapped","Unknown Chances","Wandering Minibosses","thorton","vexMod"],"gold_per_floor":[114,124,135,145,155,155,155,155,155,167,187,198,213,243,255,362,374,398,420,442,469,48,48,67,67,67],"floor_reached":25,"playtime":1756,"items_purged":[],"score":205,"play_id":"f135330c-4efc-4ca5-9b22-469aa8e58485","local_time":"20201231160840","daily_mods":["Vintage","Heirloom","Time Dilation","Flight"],"is_ascension_mode":false,"campfire_choices":[{"data":"Bash","floor":6,"key":"SMITH"},{"data":"Strike_R","floor":7,"key":"SMITH"},{"data":"Strike_R","floor":8,"key":"SMITH"},{"data":"Strike_R","floor":15,"key":"SMITH"},{"data":"Strike_R","floor":23,"key":"SMITH"}],"circlet_count":0,"master_deck":["Strike_R+1","Strike_R","Strike_R+1","Strike_R+1","Strike_R+1","Defend_R","Defend_R","Defend_R","Defend_R","Bash+1"],"relics":["Burning Blood","Torii","Winged Necklace","Happy Flower","Bag of Marbles","CCEMRelics:TinyMinotavrHorn","Darkstone Periapt","Juzu Bracelet","BlackRope","Lantern","Ancient Tea Set","Philosopher\u0027s Stone","trackpad:ToughGloves","Mastiff:ReiMu","CCEMRelics:DerglesHeadphones","PureWhite:ReiMu","MerchantsRug","Paper Frog","Art of War","wanderingMiniBosses:Inkheart","Singing Bowl"],"acts_visited":["Exordium","TheCity"],"potions_floor_usage":[14,14,14],"damage_taken":[{"damage":1,"enemies":"2 Louse","floor":1,"turns":5},{"damage":2,"enemies":"Jaw Worm","floor":2,"turns":5},{"damage":8,"enemies":"Small Slimes","floor":3,"turns":3},{"damage":10,"enemies":"Exordium Thugs","floor":4,"turns":6},{"damage":10,"enemies":"2 Fungi Beasts","floor":5,"turns":6},{"damage":1,"enemies":"Looter","floor":10,"turns":7},{"damage":8,"enemies":"Blue Slaver","floor":11,"turns":5},{"damage":0,"enemies":"Exordium Wildlife","floor":12,"turns":5},{"damage":0,"enemies":"3 Louse","floor":13,"turns":5},{"damage":27,"enemies":"Exordium Thugs","floor":14,"turns":6},{"damage":27,"enemies":"The Guardian","floor":16,"turns":13},{"damage":1,"enemies":"Chosen","floor":18,"turns":4},{"damage":13,"enemies":"Spheric Guardian","floor":19,"turns":4},{"damage":29,"enemies":"Centurion and Healer","floor":20,"turns":5},{"damage":11,"enemies":"Snake Plant","floor":21,"turns":4},{"damage":54,"enemies":"Shelled Parasite and Fungi","floor":24,"turns":7},{"damage":0,"enemies":"Snecko","floor":25,"turns":1}],"seed_played":"-2164689402176264904","potions_obtained":[{"floor":4,"key":"Swift Potion"},{"floor":11,"key":"LiquidBronze"},{"floor":12,"key":"HeartOfIron"},{"floor":16,"key":"ElixirPotion"},{"floor":20,"key":"SkillPotion"},{"floor":24,"key":"ZuzhouPotion:ReiMu"}],"is_trial":true,"path_per_floor":["M","M","M","M","M","R","R","R","T","M","M","M","M","M","R","B",null,"M","M","M","M","$","R","M","M"],"character_chosen":"IRONCLAD","items_purchased":["MerchantsRug","Paper Frog","Art of War"],"campfire_rested":0,"item_purchase_floors":[22,22,22],"current_hp_per_floor":[80,80,78,74,70,70,70,70,70,75,73,79,80,59,59,38,80,80,73,50,45,45,57,9,9,9],"gold":67,"neow_bonus":"","is_daily":false,"chose_seed":false,"campfire_upgraded":5,"win_rate":0.0,"timestamp":1609452520,"path_taken":["M","M","M","M","M","R","R","R","T","M","M","M","M","M","R","BOSS","M","M","M","M","$","R","M","M"],"items_purchased_type":["Relic","Relic","Relic"],"build_version":"2020-12-22","purchased_purges":0,"victory":false,"max_hp_per_floor":[80,80,80,80,80,80,80,80,80,80,80,80,80,80,80,80,80,80,80,80,80,80,80,80,80,80],"card_choices":[],"player_experience":387540,"relics_obtained":[{"floor":1,"key":"CeramicFish"},{"floor":2,"key":"Winged Necklace"},{"floor":3,"key":"Happy Flower"},{"floor":4,"key":"Bag of Marbles"},{"floor":5,"key":"CCEMRelics:TinyMinotavrHorn"},{"floor":9,"key":"Darkstone Periapt"},{"floor":10,"key":"Juzu Bracelet"},{"floor":11,"key":"BlackRope"},{"floor":12,"key":"Lantern"},{"floor":13,"key":"MawBank"},{"floor":14,"key":"Ancient Tea Set"},{"floor":18,"key":"trackpad:ToughGloves"},{"floor":19,"key":"Mastiff:ReiMu"},{"floor":20,"key":"CCEMRelics:DerglesHeadphones"},{"floor":21,"key":"PureWhite:ReiMu"},{"floor":24,"key":"wanderingMiniBosses:Inkheart"},{"floor":24,"key":"Singing Bowl"}],"event_choices":[],"is_beta":false,"boss_relics":[{"not_picked":["vexMod:NewClearReactor","Runic Dome"],"picked":"Philosopher\u0027s Stone"}],"items_purged_floors":[],"is_endless":false,"potions_floor_spawned":[4,11,12,16,20,24],"killed_by":"Snecko","ascension_level":0}}