{"host":"ff0k6g9g9j8o52vm","time":1609398654,"event":{"mods":["AchievementEnabler","Aspiration","Astrologer","BaseMod","Beaked The Cultist","Better Altar","Better Note","Better Sensory Stone","Better Skull","Better Third Choice","Colored Map","Colored Powertips","Curses Come First","Downfall","Energized Spire","GifTheSpireLib","Gremlin Mod","Hermit","Highlight Path","Hubris","Infinite Spire","Jorbs\u0027s Wanderer Trilogy","Koishi","Marisa????????","Minty Spire (QoL Compilation)","Quick Restart","Random Character Button","Replay The Spire","Robot Space Explorer","Shade Mod","Somnambulant","StSLib","The Bug Knight","The Clintock","The Construct","The Cursed","The Disciple","The Dragon Tamer","The Forsaken","The Gatherer","The Hayseed","The Hierophant","The Jungle","The Marked","The Mystic","The Necromancer","The Poker Player","The Runesmith","The Sage","The Saiyan","The Senshi","The Servant 0.9.4","The Wild Card","TheArtist","Wandering Minibosses","Yuri Mod","vexMod"],"gold_per_floor":[115,131,143,156,176,176,211,211,211,211,224,224,250,261,261,363,363,376,393,393,15,35,60,60,80,80,80,80,93,93,104,104,203,203,222,222,222,240,254,254,264,281,281,281,281,295,295,308,308,308,308],"floor_reached":50,"playtime":2263,"items_purged":["theMarked:Strike"],"score":530,"play_id":"ea739df2-ccb6-411c-ac6e-a6193f2c5fff","local_time":"20201230231054","is_ascension_mode":false,"campfire_choices":[{"data":"theMarked:Seal","floor":6,"key":"SMITH"},{"data":"theMarked:BanishingWave","floor":8,"key":"SMITH"},{"data":"theMarked:ElementalBlade","floor":12,"key":"SMITH"},{"data":"theMarked:Indomitable","floor":15,"key":"SMITH"},{"floor":24,"key":"REST"},{"data":"theMarked:Defy","floor":24,"key":"SMITH"},{"data":"theMarked:SoldierOfQuellstein","floor":27,"key":"SMITH"},{"floor":30,"key":"REST"},{"data":"theMarked:Frustration","floor":30,"key":"SMITH"},{"floor":32,"key":"REST"},{"data":"theMarked:ShockingTouch","floor":32,"key":"SMITH"},{"floor":40,"key":"REST"},{"data":"theMarked:Generate","floor":40,"key":"SMITH"},{"floor":44,"key":"REST"},{"data":"theMarked:BanishingStrike","floor":44,"key":"SMITH"},{"floor":47,"key":"REST"},{"floor":49,"key":"REST"}],"circlet_count":0,"master_deck":["theMarked:Strike","theMarked:Strike","theMarked:Strike","theMarked:Strike","theMarked:Defend","theMarked:Defend","theMarked:Defend","theMarked:Defend","theMarked:SoldierOfQuellstein+1","theMarked:Generate+1","theMarked:Indomitable+1","theMarked:BanishingStrike+1","theMarked:ShockingTouch+1","theMarked:Seal+1","theMarked:BanishingWave+1","theMarked:ElementalBlade+1","theMarked:WastefulDefense+1","theMarked:Overcharge","theMarked:Defy+1","theMarked:Frustration+1","theMarked:EternalStudent+1","theMarked:BindingBlade+1","theMarked:ResourceFulStrike+1"],"relics":["theMarked:ArtifactOfAir","sagemod:Blowpipe","Bottled Flame","ReplayTheSpireMod:TigerMarble","energizedSpire:OgreHead","infinitespire:Magic Flask","Golden Egg","Smiling Mask","aspiration:RunicSpoon","theForsaken:HumbleEgg"],"acts_visited":["Exordium","TheCity","TheBeyond"],"potions_floor_usage":[7,13,16,16,23,31,33,33,46,48,50],"damage_taken":[{"damage":0,"enemies":"Small Slimes","floor":1,"turns":3},{"damage":0,"enemies":"2 Louse","floor":2,"turns":4},{"damage":15,"enemies":"Jaw Worm","floor":3,"turns":4},{"damage":1,"enemies":"Exordium Wildlife","floor":4,"turns":3},{"damage":8,"enemies":"Red Slaver","floor":5,"turns":4},{"damage":4,"enemies":"Replay:BlueRogue","floor":7,"turns":4},{"damage":0,"enemies":"2 Fungi Beasts","floor":11,"turns":2},{"damage":3,"enemies":"Gremlin Nob","floor":13,"turns":3},{"damage":0,"enemies":"3 Louse","floor":14,"turns":1},{"damage":0,"enemies":"Hexaghost","floor":16,"turns":7},{"damage":0,"enemies":"Chosen","floor":18,"turns":2},{"damage":12,"enemies":"Snecko","floor":19,"turns":4},{"damage":0,"enemies":"Snake Plant","floor":22,"turns":2},{"damage":4,"enemies":"Replay:Snechameleon","floor":23,"turns":2},{"damage":5,"enemies":"Cultist and Chosen","floor":25,"turns":3},{"damage":12,"enemies":"Snecko","floor":29,"turns":4},{"damage":21,"enemies":"Sentry and Sphere","floor":31,"turns":4},{"damage":44,"enemies":"Collector","floor":33,"turns":5},{"damage":0,"enemies":"Orb Walker","floor":35,"turns":2},{"damage":12,"enemies":"3 Shapes","floor":38,"turns":2},{"damage":15,"enemies":"3 Darklings","floor":39,"turns":4},{"damage":19,"enemies":"4 Shapes","floor":41,"turns":2},{"damage":37,"enemies":"Jaw Worm Horde","floor":42,"turns":3},{"damage":24,"enemies":"Spire Growth","floor":46,"turns":3},{"damage":39,"enemies":"Sphere and 2 Shapes","floor":48,"turns":3},{"damage":40,"enemies":"Time Eater","floor":50,"turns":3}],"seed_played":"1255984539212041277","potions_obtained":[{"floor":1,"key":"champ:CounterPotion"},{"floor":3,"key":"Adrenaline Potion"},{"floor":4,"key":"BlessingOfTheForge"},{"floor":7,"key":"LifebloodPotion"},{"floor":14,"key":"Block Potion"},{"floor":16,"key":"FearPotion"},{"floor":18,"key":"Death Potion"},{"floor":22,"key":"Adrenaline Potion"},{"floor":23,"key":"FearPotion"},{"floor":31,"key":"PowerPotion"},{"floor":39,"key":"Doom Potion"},{"floor":46,"key":"DistilledChaos"}],"is_trial":false,"path_per_floor":["M","M","M","M","M","R","E","R","T","?","M","R","E","M","R","B",null,"M","M","?","$","M","E","R","M","T","R","?","M","R","M","R","B",null,"M","?","?","M","M","R","M","M","T","R","?","M","R","M","R","B"],"character_chosen":"THE_DEFAULT","items_purchased":["infinitespire:Magic Flask"],"campfire_rested":7,"item_purchase_floors":[21],"current_hp_per_floor":[77,77,62,61,53,53,49,49,49,49,49,49,46,46,46,46,77,77,65,65,65,65,61,77,72,72,72,72,60,77,56,77,33,77,77,77,80,68,53,77,58,21,21,45,53,29,53,14,38,0,0],"gold":308,"neow_bonus":"TEN_PERCENT_HP_BONUS","is_daily":false,"chose_seed":false,"campfire_upgraded":10,"win_rate":0.0,"timestamp":1609398654,"path_taken":["M","M","M","M","M","R","E","R","T","?","M","R","E","M","R","BOSS","M","M","?","$","M","E","R","M","T","R","?","M","R","?","R","BOSS","M","?","?","M","M","R","M","M","T","R","?","M","R","M","R","BOSS"],"items_purchased_type":["Relic"],"build_version":"2020-12-22","purchased_purges":1,"victory":false,"max_hp_per_floor":[77,77,77,77,77,77,77,77,77,77,77,77,77,77,77,77,77,77,77,77,77,77,77,77,77,77,77,77,77,77,77,77,77,77,77,77,80,80,80,80,80,80,80,80,80,80,80,80,80,80,80],"card_choices":[{"not_picked":["theMarked:Aftermath","theMarked:WastefulDefense"],"picked":"theMarked:Generate","floor":1},{"not_picked":["theMarked:WardOff","theMarked:Frustration"],"picked":"theMarked:Indomitable","floor":2},{"not_picked":["theMarked:Frustration","theMarked:ElectricStrings"],"picked":"theMarked:BanishingStrike","floor":3},{"not_picked":["theMarked:EnhancedHearing","theMarked:SummonStrength"],"picked":"theMarked:ShockingTouch","floor":4},{"not_picked":["theMarked:Parkour","theMarked:Aftermath"],"picked":"theMarked:Seal","floor":5},{"not_picked":["theMarked:MaelstromOfLightning","theMarked:Parry"],"picked":"theMarked:BanishingWave","floor":7},{"not_picked":["theMarked:Electrify","theMarked:TunnelVision"],"picked":"theMarked:ElementalBlade","floor":11},{"not_picked":["theMarked:WastefulAttack","theMarked:EnhancedHearing"],"picked":"theMarked:WastefulDefense","floor":13},{"not_picked":["theMarked:ChainLightning","theMarked:ParalyzingBlade"],"picked":"theMarked:Overcharge","floor":14},{"not_picked":["theMarked:Vacuum","theMarked:ThrowWeapon"],"picked":"theMarked:Defy","floor":16},{"not_picked":["theMarked:ContemptForTheProud","theMarked:ElectricStrings","theMarked:Parry"],"picked":"SKIP","floor":18},{"not_picked":["theMarked:GodGivenPower","theMarked:WastefulDefense"],"picked":"theMarked:Frustration","floor":19},{"not_picked":["theMarked:WastefulAttack","theMarked:Parkour","theMarked:EmpowerWeapon"],"picked":"SKIP","floor":22},{"not_picked":["theMarked:ParalyzingBlade","theMarked:Electrocute+1"],"picked":"theMarked:EternalStudent","floor":23},{"not_picked":["theMarked:EnhancedHearing","theMarked:TwofoldDefense","theMarked:PowerFlow"],"picked":"SKIP","floor":25},{"not_picked":["theMarked:EmpowerWeapon","theMarked:Static","theMarked:ChainLightning"],"picked":"SKIP","floor":29},{"not_picked":["theMarked:WastefulDefense","theMarked:ElectricStrings","theMarked:Improvise"],"picked":"SKIP","floor":31},{"not_picked":["theMarked:EternalStudent","theMarked:MagicAdept"],"picked":"theMarked:BindingBlade","floor":33},{"not_picked":["theMarked:EnhancedHearing+1","theMarked:WastefulAttack"],"picked":"theMarked:ResourceFulStrike+1","floor":35},{"not_picked":["theMarked:RepellingDischarge+1","theMarked:Parkour","theMarked:ThrowWeapon"],"picked":"SKIP","floor":38},{"not_picked":["theMarked:ElectricStrings+1","theMarked:ChainLightning","theMarked:Indomitable+1"],"picked":"SKIP","floor":39},{"not_picked":["theMarked:MaelstromOfLightning+1","theMarked:ElectricStrings","theMarked:Reabsorb"],"picked":"SKIP","floor":41},{"not_picked":["theMarked:TwofoldDefense","theMarked:WastefulDefense","theMarked:ElectricStrings"],"picked":"SKIP","floor":42},{"not_picked":["theMarked:Static+1","theMarked:Defy","theMarked:WastefulDefense+1"],"picked":"SKIP","floor":46},{"not_picked":["theMarked:HeightenedSenses+1","theMarked:Improvise+1","theMarked:MaelstromOfLightning"],"picked":"SKIP","floor":48}],"player_experience":925934,"relics_obtained":[{"floor":7,"key":"sagemod:Blowpipe"},{"floor":9,"key":"Bottled Flame"},{"floor":13,"key":"ReplayTheSpireMod:TigerMarble"},{"floor":23,"key":"Golden Egg"},{"floor":26,"key":"Smiling Mask"},{"floor":43,"key":"theForsaken:HumbleEgg"}],"event_choices":[{"cards_removed":["theMarked:Strike"],"damage_healed":0,"gold_gain":0,"player_choice":"Give","damage_taken":0,"max_hp_gain":0,"max_hp_loss":0,"event_name":"betterNote:BetterNote","floor":20,"gold_loss":0,"cards_obtained":["hermit:Strike_Hermit"]},{"damage_healed":0,"gold_gain":0,"player_choice":"Upgraded","damage_taken":0,"max_hp_gain":0,"max_hp_loss":0,"event_name":"Upgrade Shrine","floor":28,"gold_loss":0,"cards_upgraded":["theMarked:WastefulDefense"]}],"is_beta":false,"boss_relics":[{"not_picked":["energizedSpire:RedRose","aspiration:PoetsPen_weak"],"picked":"energizedSpire:OgreHead"},{"not_picked":["Replay:Wanted Poster","Runic Dome"],"picked":"aspiration:RunicSpoon"}],"items_purged_floors":[21],"is_endless":false,"potions_floor_spawned":[1,3,4,7,14,16,18,22,23,31,39,46],"killed_by":"Time Eater","ascension_level":0}}