{"host":"64h6jdpsiwrne03s","time":1609403005,"event":{"mods":["Act Like it!","BaseMod","Bestiary","Colored Powertips","Gensokyo","KomeijiMod","Marisa£®ÏF”Í°°ƒß¿Ì…≥£©","Minty Spire (QoL Compilation)","Reimu£®≤©¿ˆ¡È√Œ£©","Remilia£®¿Ÿ√◊¿Ú—«£©","StSLib","The Servant 0.9.4","Youmu£®ªÍ∆«—˝√Œ£©"],"gold_per_floor":[111,111,128,6,19,19,51,51,51,51,85,110,128,128,128,236,236,265,265,265,292,49,73,73,73,128,128,88,16,35,76,76,76,76],"floor_reached":33,"playtime":2501,"items_purged":["Strike_Komeiji"],"score":323,"play_id":"17b03c65-de4b-4579-b975-6f4d59d0d04e","local_time":"20201231162325","is_ascension_mode":false,"campfire_choices":[{"data":"LittleLegion","floor":6.0,"key":"SMITH"},{"data":"Dash_Komeiji","floor":8.0,"key":"SMITH"},{"data":"MiraiBunraku","floor":10.0,"key":"SMITH"},{"data":"1","floor":15.0,"key":"LIFT"},{"data":"RidiculousThoughts","floor":25.0,"key":"SMITH"},{"floor":27.0,"key":"RECALL"},{"data":"2","floor":32.0,"key":"LIFT"}],"circlet_count":0,"master_deck":["Strike_Komeiji","Strike_Komeiji","Strike_Komeiji","Defend_Komeiji","Defend_Komeiji","Defend_Komeiji","Dash_Komeiji+1","LittleLegion+1","MiraiBunraku+1","Sabishigari+1","MusouMyousyu","Agarareta+1","KimairaNoYoku","RidiculousThoughts+1","IceTornado+1","VampireKiss+1"],"relics":["KomeijisEye","SpellCardsRule","MusicBox","CrystalOfMemory","CeramicFish","Girya","Happy Flower","Sozu","Gensokyo:ConquerorOfFear","Regal Pillow","Dream Catcher","Sundial","MigarariNingyou"],"acts_visited":["Gensokyo:Gensokyo","Gensokyo:Gensokyoer"],"potions_floor_usage":[33],"damage_taken":[{"damage":5.0,"enemies":"Gensokyo:Python","floor":1.0,"turns":4.0},{"damage":5.0,"enemies":"Gensokyo:Gryphon","floor":3.0,"turns":4.0},{"damage":5.0,"enemies":"Gensokyo:3_Fairies","floor":5.0,"turns":7.0},{"damage":10.0,"enemies":"Gensokyo:Mamizou","floor":7.0,"turns":12.0},{"damage":7.0,"enemies":"Gensokyo:Cirno","floor":11.0,"turns":7.0},{"damage":1.0,"enemies":"Gensokyo:LivingMonolith","floor":12.0,"turns":6.0},{"damage":3.0,"enemies":"Gensokyo:Gryphon_and_Rabbit","floor":13.0,"turns":4.0},{"damage":0.0,"enemies":"Gensokyo:Reimu","floor":16.0,"turns":10.0},{"damage":1.0,"enemies":"Gensokyo:CosmicMonolith","floor":18.0,"turns":3.0},{"damage":0.0,"enemies":"Gensokyo:2_Gloops","floor":21.0,"turns":6.0},{"damage":10.0,"enemies":"Gensokyo:Wraith","floor":23.0,"turns":3.0},{"damage":12.0,"enemies":"Gensokyo:Slime_Group","floor":30.0,"turns":5.0},{"damage":5.0,"enemies":"Gensokyo:Reisen","floor":31.0,"turns":4.0},{"damage":8,"enemies":"Gensokyo:Kaguya","floor":33,"turns":6}],"seed_played":"-9077074679197755671","potions_obtained":[{"floor":1.0,"key":"SmokeBomb"},{"floor":11.0,"key":"DistilledChaos"},{"floor":13.0,"key":"GamblersBrew"}],"is_trial":false,"path_per_floor":["M","?","M","COS","M","R","E","R","T","R","E","M","M","?","R","B",null,"M","?","?","M","$","M","?","R","T","R","?","COS","M","E","R","B"],"character_chosen":"KomeijiSatori","items_purchased":["RidiculousThoughts"],"campfire_rested":0,"item_purchase_floors":[22],"current_hp_per_floor":[45,50,45,45,40,40,30,30,30,30,25,32,29,29,29,45,50,49,49,46,46,46,36,36,36,36,36,36,36,29,27,27,27,27],"gold":76,"neow_bonus":"REMOVE_CARD","is_daily":false,"chose_seed":false,"campfire_upgraded":4,"win_rate":0.0,"timestamp":1609403005,"path_taken":["M","?","M","COS","M","R","E","R","T","R","E","M","?","?","R","BOSS","M","?","?","M","$","?","?","R","T","R","?","COS","M","E","R","BOSS"],"items_purchased_type":["Card"],"build_version":"2020-12-22","purchased_purges":1,"victory":false,"max_hp_per_floor":[50,50,50,50,50,50,50,50,50,50,50,50,50,50,50,50,50,50,50,46,46,46,46,46,46,46,46,46,46,46,46,46,46,46],"card_choices":[{"not_picked":["NingyouFukuhei+1","Mishyaguji+1"],"picked":"LittleLegion","floor":1.0},{"not_picked":["ShyakuBuku","KinbakuJin+1","EnMu+1"],"picked":"SKIP","floor":3.0},{"not_picked":["SeekerDolls","YoukiSo+1"],"picked":"NingyouKisou+1","floor":5.0},{"not_picked":["TenguhouSokujitsuken","YuumeiNoKurin"],"picked":"MiraiBunraku","floor":7.0},{"not_picked":["SeishiRoten+1","NingyouFukuhei+1","DemonLordCradle"],"picked":"SKIP","floor":7.0},{"not_picked":["DemonLordCradle","Agarareta+1","KinbakuJin+1"],"picked":"SKIP","floor":11.0},{"not_picked":["ShyakuBuku","Melting"],"picked":"Sabishigari+1","floor":12.0},{"not_picked":["DemonLordCradle","SeekerDolls","NingyouFukuhei+1"],"picked":"SKIP","floor":13.0},{"not_picked":["ShanghaiNingyou","MunenMusou"],"picked":"MusouMyousyu","floor":16.0},{"not_picked":["HenyouMirume","Sabishigari+1"],"picked":"Agarareta+1","floor":18.0},{"not_picked":["SenyouGoraku+1","Agarareta+1"],"picked":"KimairaNoYoku","floor":21.0},{"not_picked":["NingyouSousou+1","SeekerWire+1"],"picked":"IceTornado","floor":23.0},{"not_picked":["KokorosuKi+1","HisouNoKen","SenseofElegance"],"picked":"SKIP","floor":30.0},{"not_picked":["Melting","RikonNoKama+1"],"picked":"VampireKiss+1","floor":31.0}],"player_experience":333936,"relics_obtained":[{"floor":7.0,"key":"CrystalOfMemory"},{"floor":11.0,"key":"CeramicFish"},{"floor":21.0,"key":"Gensokyo:ConquerorOfFear"},{"floor":26.0,"key":"Dream Catcher"},{"floor":31.0,"key":"Sundial"}],"event_choices":[],"is_beta":false,"boss_relics":[{"not_picked":["SacredBark","Astrolabe"],"picked":"Sozu"}],"items_purged_floors":[22],"is_endless":false,"potions_floor_spawned":[1,11,13,23,30],"killed_by":"Gensokyo:Kaguya","ascension_level":0}}