{"host":"ko4b5atusvmax52d","time":1609456428,"event":{"mods":["AchievementEnabler","Act Like it!","Aspiration","BaseMod","Better Third Choice","BetterRewards","Friendly Minions","Halation","Hermit","Hubris","Infinite Spire","Koishi","Marisa????????","Minty Spire (QoL Compilation)","Rare Cards Sparkle","Replay The Spire","Shade Mod","Spicy Shops","StSLib","SuperFastMode","The Animator","The Bug Knight","The Hierophant","The Senshi","The Wild Card","Wandering Minibosses","vexMod"],"gold_per_floor":[125,136,327,327,41,82,82,82,82,82,113,113,141,160,160,259,259,274,274,287,287,312,312,340,383,383,383,154,164,89,89,89,190,190,204,221,221,221,237,257,257,257,272,282,309,337,337,348,358,372,372,372,372,372,586,636,691,691,691,9,9],"floor_reached":60,"playtime":4738,"items_purged":["animator:Defend","animator:Defend"],"score":810,"play_id":"3bc71fc1-df7e-4aca-a0ce-60ba39cc2a4f","local_time":"20210101001348","is_ascension_mode":false,"campfire_choices":[{"data":"animator:ElricEdward","floor":8,"key":"SMITH"},{"floor":10,"key":"RECALL"},{"data":"animator:Aqua","floor":15,"key":"SMITH"},{"data":"animator:NarberalGamma","floor":23,"key":"SMITH"},{"data":"animator:Greed","floor":27,"key":"SMITH"},{"data":"animator:Darkness","floor":32,"key":"SMITH"},{"data":"animator:Kazuma","floor":42,"key":"SMITH"},{"data":"animator:Shiro","floor":54,"key":"SMITH"}],"circlet_count":0,"master_deck":["animator:Strike_Konosuba+1","animator:Defend_Konosuba","animator:Strike+1","animator:Strike","animator:Kazuma+1","animator:Aqua+1","animator:ElricEdward+1","animator:ElricAlphonse+1","animator:RoyMustang+1","animator:Megumin+8","animator:Pride+1","animator:Envy","animator:NarberalGamma+1","animator:Gillette+1","animator:Greed","animator:Darkness+1","animator:Ainz+1","animator:YunYun+1","animator:CowGirl+1","animator:Ainz+1","Pot Of Greed+1","Pot Of Greed+1","animator:Shiro+1","animator:YunYun+1","animator:Scar"],"relics":["animator:TheEruzaStone","animator:AncientMedallion"],"acts_visited":["Exordium","TheCity","TheBeyond","TheEnding","EYB:TheUnnamedReign"],"potions_floor_usage":[16,16,18,18,24,24,24,24,25,25,33,33,39,40,46,52,52,52,57,60],"damage_taken":[{"damage":0,"enemies":"2 Louse","floor":1,"turns":1},{"damage":0,"enemies":"Small Slimes","floor":2,"turns":1},{"damage":0,"enemies":"Gremlin Nob","floor":6,"turns":1},{"damage":0,"enemies":"Jaw Worm","floor":11,"turns":4},{"damage":3,"enemies":"HollowMod:MossKnight","floor":13,"turns":6},{"damage":0,"enemies":"2 Fungi Beasts","floor":14,"turns":2},{"damage":47,"enemies":"Slime Boss","floor":16,"turns":11},{"damage":0,"enemies":"2 Thieves","floor":18,"turns":1},{"damage":16,"enemies":"Snake Plant","floor":20,"turns":4},{"damage":0,"enemies":"3 Cultists","floor":22,"turns":3},{"damage":14,"enemies":"Slavers","floor":24,"turns":3},{"damage":0,"enemies":"Centurion and Healer","floor":25,"turns":2},{"damage":0,"enemies":"Snecko","floor":29,"turns":4},{"damage":23,"enemies":"Collector","floor":33,"turns":8},{"damage":0,"enemies":"3 Shapes","floor":35,"turns":1},{"damage":0,"enemies":"3 Darklings","floor":36,"turns":2},{"damage":22,"enemies":"Spire Growth","floor":39,"turns":5},{"damage":9,"enemies":"Transient","floor":40,"turns":5},{"damage":0,"enemies":"3 Darklings","floor":43,"turns":2},{"damage":0,"enemies":"Maw","floor":44,"turns":6},{"damage":0,"enemies":"Reptomancer","floor":46,"turns":3},{"damage":0,"enemies":"Sphere and 2 Shapes","floor":48,"turns":1},{"damage":0,"enemies":"Jaw Worm Horde","floor":49,"turns":1},{"damage":0,"enemies":"Spire Growth","floor":50,"turns":4},{"damage":17,"enemies":"infinitespire:MassOfShapes","floor":52,"turns":6},{"damage":93,"enemies":"animator:UNNAMED_HAT","floor":56,"turns":12},{"damage":5,"enemies":"animator:UNNAMED_CULTIST_1","floor":57,"turns":9},{"damage":27,"enemies":"hubris:Merchant","floor":60,"turns":4}],"seed_played":"-5927731829343099062","potions_obtained":[{"floor":1,"key":"EssenceOfSteel"},{"floor":2,"key":"Regen Potion"},{"floor":14,"key":"Milkshake"},{"floor":16,"key":"LiquidMemories"},{"floor":20,"key":"BlessingOfTheForge"},{"floor":24,"key":"DistilledChaos"},{"floor":29,"key":"Dexterity Potion"},{"floor":40,"key":"AttackPotion"},{"floor":43,"key":"SkillPotion"},{"floor":44,"key":"Explosive Potion"},{"floor":49,"key":"Swift Potion"},{"floor":56,"key":"animator:FalseLifePotion"},{"floor":57,"key":"animator:FalseLifePotion"}],"is_trial":false,"path_per_floor":["M","M","?","?","$","E","?","R","T","R","M","?","E","M","R","B",null,"M","?","M","AVR","M","R","E","M","T","R","$","M","?","?","R","B",null,"M","M","PTL","PTL","M","M","?","R","M","M","T","E","?","M","M","M","R","B",null,"R","??","M","M","T","?","$"],"character_chosen":"THE_ANIMATOR","items_purchased":["animator:RoyMustang","hubris:EmptyBottle","animator:Darkness","Sling","animator:AncientMedallion","animator:AncientMedallion","animator:AncientMedallion","animator:Scar"],"campfire_rested":0,"item_purchase_floors":[5,5,28,28,60,60,60,60],"current_hp_per_floor":[66,67,51,48,48,48,41,41,41,41,43,46,48,48,48,49,74,74,74,61,61,64,64,50,53,53,53,53,53,53,53,53,33,74,75,78,78,78,56,47,47,47,50,53,53,56,56,62,62,62,81,64,81,81,98,5,6,6,6,0,0],"gold":9,"neow_bonus":"THREE_ENEMY_KILL","is_daily":false,"chose_seed":false,"campfire_upgraded":7,"win_rate":0.0,"timestamp":1609456428,"path_taken":["M","M","?","?","$","E","?","R","T","R","M","?","E","M","R","BOSS","M","?","M","AVR","M","R","E","M","T","R","$","M","?","?","R","BOSS","M","M","PTL","PTL","M","M","?","R","M","?","T","E","?","M","M","M","R","BOSS","R","??","M","M","T","?","$"],"items_purchased_type":["Card","Relic","Card","Relic","Relic","Relic","Relic","Card"],"build_version":"2020-12-22","purchased_purges":2,"victory":false,"max_hp_per_floor":[66,67,67,67,67,67,67,67,67,67,67,70,73,73,73,74,74,74,74,74,74,74,74,74,74,74,74,74,74,74,74,74,74,74,75,78,78,78,78,78,78,78,78,78,78,78,78,81,81,81,81,81,81,81,98,98,98,98,98,98,98],"card_choices":[{"not_picked":["animator:Spearman","animator:Sloth"],"picked":"animator:ElricEdward","floor":1},{"not_picked":["animator:Vanir","animator:ZankiKiguchi"],"picked":"animator:ElricAlphonse","floor":2},{"not_picked":["animator:Emonzaemon","animator:Azekura"],"picked":"animator:Megumin","floor":6},{"not_picked":["animator:ElricEdward","animator:MaesHughes"],"picked":"animator:Pride","floor":11},{"not_picked":["animator:ChlammyZell","animator:Fredrika","animator:Geryuganshoop"],"picked":"SKIP","floor":13},{"not_picked":["animator:Layla","animator:Demiurge","animator:SilverFang"],"picked":"SKIP","floor":14},{"not_picked":["animator:Biyorigo","animator:Wiz"],"picked":"animator:Envy","floor":16},{"not_picked":["animator:Mitsurugi","animator:Spearman+1"],"picked":"animator:Megumin","floor":18},{"not_picked":["animator:Ara","animator:Kazuma"],"picked":"animator:NarberalGamma","floor":20},{"not_picked":["animator:Spearman","animator:ElricAlphonse"],"picked":"animator:Gillette+1","floor":22},{"not_picked":["animator:Cocytus","animator:SilverFang","animator:Ciel"],"picked":"SKIP","floor":24},{"not_picked":["animator:Melzalgald","animator:Azekura+1"],"picked":"animator:Greed","floor":25},{"not_picked":["animator:Shichika","animator:Vanir","animator:Sebas"],"picked":"SKIP","floor":29},{"not_picked":["animator:Shichika","animator:Vanir","animator:Sebas"],"picked":"SKIP","floor":29},{"not_picked":["animator:Eris","animator:Sora"],"picked":"animator:Ainz","floor":33},{"not_picked":["animator:DwarfShaman","animator:MaesHughes+1"],"picked":"animator:YunYun+1","floor":35},{"not_picked":["animator:DolaStephanie","animator:NarberalGamma"],"picked":"animator:Megumin","floor":36},{"not_picked":["animator:Chris","animator:MumenRider","animator:Konayuki"],"picked":"SKIP","floor":39},{"not_picked":["animator:YunYun","animator:Ciel"],"picked":"animator:CowGirl+1","floor":40},{"not_picked":["animator:Tet","animator:Layla+1","animator:GuildGirl"],"picked":"SKIP","floor":43},{"not_picked":["animator:Hitei","animator:Genos"],"picked":"animator:Ainz","floor":44},{"not_picked":["animator:AcuraTooru+1","animator:Gillette","animator:ChaikaBohdan"],"picked":"SKIP","floor":46},{"not_picked":["animator:Azekura","animator:Geryuganshoop"],"picked":"animator:Shiro","floor":48},{"not_picked":["animator:Layla+1","animator:PandorasActor+1"],"picked":"animator:Megumin","floor":49},{"not_picked":["animator:Tatsumaki","animator:Ciel","animator:Kazuma"],"picked":"SKIP","floor":50},{"not_picked":["animator:Ciel","animator:Kazuma"],"picked":"animator:YunYun","floor":56},{"not_picked":["animator:MumenRider","animator:Azekura","animator:Shichika+1"],"picked":"SKIP","floor":57}],"player_experience":235305,"relics_obtained":[{"floor":6,"key":"animator:WornHelmet"},{"floor":13,"key":"halation:EternalFortune"},{"floor":13,"key":"Onion Ring"},{"floor":24,"key":"Bronze Scales"},{"floor":26,"key":"Mummified Hand"},{"floor":36,"key":"halation:EternalFortune"},{"floor":41,"key":"Charon\u0027s Ashes"},{"floor":45,"key":"Grinning Jar"},{"floor":46,"key":"infinitespire:CheckeredPen"},{"floor":48,"key":"halation:EternalFortune"},{"floor":55,"key":"animator:TheEruzaStone"},{"floor":55,"key":"animator:AncientMedallion"},{"floor":58,"key":"animator:AncientMedallion"}],"event_choices":[{"damage_healed":0,"gold_gain":0,"player_choice":"Relic ","damage_taken":3,"max_hp_gain":0,"max_hp_loss":0,"event_name":"betterThird:BetterScrap","floor":4,"gold_loss":0,"cards_obtained":["Corpse Explosion"]},{"cards_removed":["animator:Strike"],"damage_healed":0,"gold_gain":0,"player_choice":"Card Removal","damage_taken":7,"max_hp_gain":0,"max_hp_loss":0,"event_name":"Golden Wing","floor":7,"gold_loss":0},{"cards_removed":["animator:Defend"],"damage_healed":0,"gold_gain":0,"player_choice":"Gave Gold","damage_taken":0,"max_hp_gain":0,"max_hp_loss":0,"event_name":"Beggar","floor":30,"gold_loss":75},{"damage_healed":0,"gold_gain":0,"player_choice":"Relic","damage_taken":0,"max_hp_gain":0,"max_hp_loss":0,"event_name":"Wheel of Change","floor":41,"gold_loss":0}],"is_beta":false,"boss_relics":[{"not_picked":["animator:CursedBlade","Mark of Pain"],"picked":"Coffee Dripper"},{"not_picked":["Fusion Hammer","halation:Yufonium"],"picked":"SacredBark"}],"items_purged_floors":[5,21],"is_endless":false,"potions_floor_spawned":[1,2,14,16,20,24,29,40,43,44,49,50],"killed_by":"hubris:Merchant","ascension_level":0}}