{"host":"s9n53dspxjwkh5no","time":1609393292,"event":{"mods":["AchievementEnabler","Aspiration","Bard","BaseMod","Beaked The Cultist","Better Altar","Better Match","Better Note","Better Sensory Stone","Better Skull","Better Third Choice","BetterRewards","Colored Map","Colored Powertips","Conspire","Dio Mod","Disable Question Mark Monsters","Downfall","Energized Spire","Halation","Hermit","Hubris","Marisa????????","Marked Mod","Melee Mod","Minty Spire (QoL Compilation)","Quick Restart","Random Character Button","Rare Cards Sparkle","Reimu??????","Relic Stats","Remilia??????","Replay The Spire","Shade Mod","Small Relic Pack","Spicy Shops","StSLib","The Animator","The Bug Knight","The Construct","The Disciple","The Hierophant","The Problem Sleuth","The Runesmith","The Servant 0.9.4","The Valiant","The Wild Card","TheArtist","TheBandit","TheVacant","Wandering Minibosses","vexMod"],"gold_per_floor":[109,120,139,152,168,202,202],"floor_reached":6,"playtime":250,"items_purged":[],"score":50,"play_id":"f434275e-9eb5-46f8-9202-f64fff91edcd","local_time":"20201230224132","is_ascension_mode":false,"campfire_choices":[],"circlet_count":0,"master_deck":["Shade:Strike_Shade","Shade:Strike_Shade","Shade:Strike_Shade","Shade:Strike_Shade","Shade:Defend_Shade","Shade:Defend_Shade","Shade:Defend_Shade","Shade:Defend_Shade","Shade:AnimateDead","Shade:CarefulCut","Shade:LyeBath","Shade:GraveStillness","Shade:Bonestorm","Shade:ExtraLimbs","Shade:CoffinDance","Shade:Brains"],"relics":["Shade:YorickSkull","NeowsBlessing","ReplayTheSpireMod:Lightbulb"],"acts_visited":["Exordium"],"potions_floor_usage":[],"damage_taken":[{"damage":0,"enemies":"Jaw Worm","floor":1,"turns":1},{"damage":0,"enemies":"2 Louse","floor":2,"turns":1},{"damage":0,"enemies":"Cultist","floor":3,"turns":1},{"damage":2,"enemies":"Lots of Slimes","floor":4,"turns":2},{"damage":9,"enemies":"2 Fungi Beasts","floor":5,"turns":3},{"damage":28,"enemies":"Gremlin Nob","floor":6,"turns":4}],"seed_played":"-6046339117740322642","potions_obtained":[{"floor":1,"key":"Dexterity Potion"},{"floor":4,"key":"SmokeBomb"},{"floor":5,"key":"Elixir"}],"is_trial":false,"path_per_floor":["M","M","M","M","M","E"],"character_chosen":"SHADE","items_purchased":[],"campfire_rested":0,"item_purchase_floors":[],"current_hp_per_floor":[65,65,65,63,54,26,26],"gold":202,"neow_bonus":"THREE_ENEMY_KILL","is_daily":false,"chose_seed":false,"campfire_upgraded":0,"win_rate":0.0,"timestamp":1609393292,"path_taken":["M","M","M","M","M","E"],"items_purchased_type":[],"build_version":"2020-12-22","purchased_purges":0,"victory":false,"max_hp_per_floor":[65,65,65,65,65,65,65],"relic_stats":{"counters":[6,12],"obtain_stats":[{"NeowsBlessing":0,"Shade:YorickSkull":0,"ReplayTheSpireMod:Lightbulb":6},{"NeowsBlessing":0,"Shade:YorickSkull":0,"ReplayTheSpireMod:Lightbulb":6},{"NeowsBlessing":0,"Shade:YorickSkull":0,"ReplayTheSpireMod:Lightbulb":12}]},"card_choices":[{"not_picked":["Shade:AuraOfUnlife","Shade:BoneShards"],"picked":"Shade:LyeBath","floor":1},{"not_picked":["Shade:TouchOfTheGrave","Shade:Awaken"],"picked":"Shade:GraveStillness","floor":2},{"not_picked":["Shade:TouchOfTheGrave","Shade:GraveStillness"],"picked":"Shade:Bonestorm","floor":3},{"not_picked":["Shade:AblativeArmor","Shade:Frenzy"],"picked":"Shade:ExtraLimbs","floor":4},{"not_picked":["Shade:RitualOffering","Shade:SkeletonHug"],"picked":"Shade:CoffinDance","floor":5},{"not_picked":["Shade:ExtraLimbs","Shade:GraveStillness"],"picked":"Shade:Brains","floor":6}],"player_experience":375519,"relics_obtained":[{"floor":6,"key":"ReplayTheSpireMod:Lightbulb"}],"event_choices":[],"is_beta":false,"boss_relics":[],"items_purged_floors":[],"is_endless":false,"potions_floor_spawned":[1,4,5,6],"killed_by":"Gremlin Nob","ascension_level":0}}