{"host":"yi49lbnhh35mzi7n","time":1609394638,"event":{"mods":["BaseMod","Bestiary","BetterRewards","Colored Map","Conspire","Downfall","Googly Eyes","Hermit","Hubris","Infinite Spire","Minty Spire (QoL Compilation)","Quick Restart","Replay The Spire","StSLib","The Bladedancer","The Construct","The Jungle","The Necromancer","Yuri Mod"],"gold_per_floor":[119,119,47,47,63,96,96,125,125,138,172,172,200,214,214,214,214],"floor_reached":16,"playtime":603,"items_purged":[],"score":134,"play_id":"37b50e4f-04c7-4afd-a238-e125e8699aae","local_time":"20201231070358","is_ascension_mode":true,"campfire_choices":[{"data":"Entrench","floor":7,"key":"SMITH"},{"data":"Ghostly Armor","floor":12,"key":"SMITH"},{"data":"Entrench","floor":15,"key":"SMITH"}],"circlet_count":0,"master_deck":["Strike_R","Strike_R","Strike_R","Strike_R","Strike_R","Defend_R","Defend_R","Defend_R","Defend_R","Bash","expansioncontent:SuperHexaguard","Cleave+1","Entrench+1","Berserk","Ghostly Armor+1","Feel No Pain","Entrench+1","Metallicize","Cleave","Reckless Charge"],"relics":["Burning Blood","Replay:Rubber Ducky","Bottled Lightning","Potion Belt","infinitespire:PuzzleCube","hubris:SlimyHat"],"acts_visited":["Exordium"],"potions_floor_usage":[6,6,8,8,8,8,8,8,8,11,13,13,16],"damage_taken":[{"damage":5,"enemies":"Small Slimes","floor":1,"turns":3},{"damage":6,"enemies":"Cultist","floor":5,"turns":3},{"damage":47,"enemies":"Lagavulin","floor":6,"turns":8},{"damage":10,"enemies":"3 Sentries","floor":8,"turns":10},{"damage":0,"enemies":"Jaw Worm","floor":10,"turns":5},{"damage":15,"enemies":"Lagavulin","floor":11,"turns":13},{"damage":3,"enemies":"Gremlin Nob","floor":13,"turns":4},{"damage":9,"enemies":"3 Louse","floor":14,"turns":4},{"damage":49,"enemies":"Hexaghost","floor":16,"turns":14}],"seed_played":"-3024026297279967610","potions_obtained":[{"floor":1,"key":"BlessingOfTheForge"},{"floor":4,"key":"Strength Potion"},{"floor":4,"key":"LiquidMemories"},{"floor":6,"key":"ColorlessPotion"},{"floor":8,"key":"LifebloodPotion"},{"floor":10,"key":"Dexterity Potion"}],"is_trial":false,"path_per_floor":["M","?","$","?","M","E","R","E","T","M","E","R","E","M","R","B"],"character_chosen":"IRONCLAD","items_purchased":["Entrench"],"campfire_rested":0,"item_purchase_floors":[3],"current_hp_per_floor":[80,80,80,80,80,39,39,50,50,56,47,47,50,47,47,0,0],"gold":214,"neow_bonus":"COLORLESS_CARD","is_daily":false,"chose_seed":false,"campfire_upgraded":3,"win_rate":0.0,"timestamp":1609394638,"path_taken":["M","?","?","?","M","E","R","E","T","M","E","R","E","M","R","BOSS"],"items_purchased_type":["Card"],"build_version":"2020-12-22","purchased_purges":0,"victory":false,"max_hp_per_floor":[80,80,80,80,80,80,80,80,80,80,80,80,80,80,80,80,80],"card_choices":[{"not_picked":["ReplayTheSpireMod:Strike From Hell","Headbutt"],"picked":"Cleave","floor":1},{"not_picked":["Flex","Replay:Undeath\u0027s Touch"],"picked":"Berserk","floor":5},{"not_picked":["conspire:Purge","Rampage"],"picked":"Ghostly Armor","floor":6},{"not_picked":["hubris:SharpeningStone","Run Through"],"picked":"Feel No Pain","floor":8},{"not_picked":["Sentinel","hubris:SharpeningStone"],"picked":"Entrench","floor":10},{"not_picked":["Run Through","ReplayTheSpireMod:Strike From Hell"],"picked":"Metallicize","floor":11},{"not_picked":["Armaments","hubris:ReadiedAction"],"picked":"Cleave","floor":13},{"not_picked":["Rage","Clash"],"picked":"Reckless Charge","floor":14}],"player_experience":552743,"relics_obtained":[{"floor":6,"key":"Replay:Rubber Ducky"},{"floor":8,"key":"Bottled Lightning"},{"floor":9,"key":"Potion Belt"},{"floor":11,"key":"infinitespire:PuzzleCube"},{"floor":13,"key":"hubris:SlimyHat"}],"event_choices":[{"damage_healed":0,"gold_gain":0,"player_choice":"Forge","damage_taken":0,"max_hp_gain":0,"max_hp_loss":0,"event_name":"Accursed Blacksmith","floor":2,"gold_loss":0,"cards_upgraded":["Cleave"]},{"damage_healed":0,"gold_gain":0,"player_choice":"Got Potions","damage_taken":0,"max_hp_gain":0,"max_hp_loss":0,"event_name":"Lab","floor":4,"gold_loss":0}],"is_beta":false,"boss_relics":[],"items_purged_floors":[],"is_endless":false,"potions_floor_spawned":[1,6,8,10],"killed_by":"Hexaghost","ascension_level":1}}