{"host":"b7gtu1kcrl73242n","time":1609397018,"event":{"mods":["Ascension Reborn","BaseMod","CapriCore","Colored Powertips","Minty Spire (QoL Compilation)","Replay The Spire","StSLib","The Immortal"],"gold_per_floor":[109,121,46,46,56,91,107,127,196,229,248,148,158,171,171,171,171,171],"floor_reached":16,"playtime":1242,"items_purged":["MokouMod:Strike","MokouMod:Defend"],"score":116,"play_id":"aab31388-192f-4cbd-b47b-ff55105b15ef","local_time":"20201231154338","is_ascension_mode":true,"campfire_choices":[{"floor":15,"key":"REST"}],"circlet_count":0,"master_deck":["MokouMod:Strike","MokouMod:Strike","MokouMod:Strike","MokouMod:Defend","MokouMod:Defend","MokouMod:Defend","MokouMod:HeatSpark","MokouMod:Geothermal","MokouMod:BurningDraft","MokouMod:Afterburner","MokouMod:Cataclysm","MokouMod:SubterraneanCore"],"relics":["MokouMod:PhoenixFeather","Bag of Marbles","Pear","Peace Pipe"],"acts_visited":["Exordium"],"potions_floor_usage":[6,6,10,16,16],"damage_taken":[{"damage":7,"enemies":"Jaw Worm","floor":1,"turns":4},{"damage":6,"enemies":"Cultist","floor":2,"turns":3},{"damage":0,"enemies":"Small Slimes","floor":5,"turns":2},{"damage":23,"enemies":"Gremlin Nob","floor":6,"turns":5},{"damage":0,"enemies":"Looter","floor":7,"turns":2},{"damage":11,"enemies":"Lots of Slimes","floor":8,"turns":5},{"damage":40,"enemies":"3 Sentries","floor":10,"turns":10},{"damage":13,"enemies":"2 Fungi Beasts","floor":11,"turns":3},{"damage":0,"enemies":"3 Louse","floor":13,"turns":3},{"damage":26,"enemies":"Exordium Thugs","floor":14,"turns":5},{"damage":46,"enemies":"Hexaghost","floor":16,"turns":10}],"seed_played":"2047454553119541292","potions_obtained":[{"floor":1,"key":"LifebloodPotion"},{"floor":5,"key":"Weak Potion"},{"floor":8,"key":"Strength Potion"},{"floor":10,"key":"PowerPotion"},{"floor":11,"key":"SpeedPotion"}],"is_trial":false,"path_per_floor":["M","M","$","?","M","E","M","M","T","E","M","$","M","M","R","B"],"character_chosen":"MKU","items_purchased":[],"campfire_rested":1,"item_purchase_floors":[],"current_hp_per_floor":[61,55,55,55,55,32,32,21,31,10,19,19,19,19,42,0,0,0],"gold":171,"neow_bonus":"THREE_RARE_CARDS","is_daily":false,"chose_seed":false,"campfire_upgraded":0,"win_rate":0.0,"timestamp":1609397018,"path_taken":["M","M","$","?","M","E","M","M","T","E","M","$","?","M","R","BOSS"],"items_purchased_type":[],"build_version":"2020-12-22","purchased_purges":2,"victory":false,"max_hp_per_floor":[68,68,68,68,68,68,68,68,78,78,78,78,78,78,78,78,78,78],"card_choices":[{"not_picked":["MokouMod:Rekindle","MokouMod:SearingBlow"],"picked":"MokouMod:Geothermal","floor":0},{"not_picked":["MokouMod:Refresh","MokouMod:AdaptivePyromancy","MokouMod:EternalBurstReactor"],"picked":"SKIP","floor":1},{"not_picked":["MokouMod:ResoluteFlare","MokouMod:SearingShot"],"picked":"MokouMod:BurningDraft","floor":2},{"not_picked":["MokouMod:Firecracker","MokouMod:Sear","MokouMod:RetainTemperature"],"picked":"SKIP","floor":5},{"not_picked":["MokouMod:ExplosiveFlame","MokouMod:ResoluteFlare"],"picked":"MokouMod:Afterburner","floor":6},{"not_picked":["MokouMod:WarmUp","MokouMod:Meltdown"],"picked":"MokouMod:Cataclysm","floor":7},{"not_picked":["MokouMod:EternalBurstReactor","MokouMod:AdaptivePyromancy","MokouMod:SearingShot"],"picked":"SKIP","floor":8},{"not_picked":["MokouMod:HouraiForge","MokouMod:BlazingComet","MokouMod:HeatFactory"],"picked":"SKIP","floor":10},{"not_picked":["MokouMod:Ember","MokouMod:InfernalWave","MokouMod:ShiftIgnition"],"picked":"SKIP","floor":11},{"not_picked":["MokouMod:ResoluteFlare","MokouMod:Firecracker"],"picked":"MokouMod:SubterraneanCore","floor":13},{"not_picked":["MokouMod:SearingShot","MokouMod:Singe","MokouMod:IllusoryBattlefield"],"picked":"SKIP","floor":14}],"player_experience":377002,"relics_obtained":[{"floor":6,"key":"Bag of Marbles"},{"floor":9,"key":"Pear"},{"floor":10,"key":"Peace Pipe"}],"event_choices":[{"cards_removed":["MokouMod:Strike"],"damage_healed":0,"gold_gain":0,"player_choice":"Offered Basic","damage_taken":0,"max_hp_gain":0,"max_hp_loss":0,"event_name":"Bonfire Elementals","floor":4,"gold_loss":0}],"is_beta":false,"boss_relics":[],"items_purged_floors":[3,12],"is_endless":false,"potions_floor_spawned":[1,5,8,10,11],"killed_by":"Hexaghost","ascension_level":0}}