{"host":"i09pxcjttd31eh4q","time":1609421660,"event":{"mods":["AchievementEnabler","BaseMod","Colored Map","Keyboard Shortcuts","Minty Spire (QoL Compilation)","StSLib","SuperFastMode"],"gold_per_floor":[115,130,130,55,55,55,55,88,162,162,193,211,211,223,223,298,298,315,325,305,40,40,68,68,85,110,110,26,51,51,71,71,144,144,163,178,178,191,206,206,206],"floor_reached":40,"playtime":1547,"items_purged":["Strike_G","Strike_G"],"score":878,"play_id":"d50a84ec-e665-4891-bbc4-07e74b76b36c","local_time":"20201231223420","is_ascension_mode":true,"campfire_choices":[{"data":"Catalyst","floor":6.0,"key":"SMITH"},{"data":"Poisoned Stab","floor":10.0,"key":"SMITH"},{"data":"Concentrate","floor":13.0,"key":"SMITH"},{"data":"Prepared","floor":15.0,"key":"SMITH"},{"data":"Malaise","floor":24.0,"key":"SMITH"},{"floor":32.0,"key":"REST"}],"circlet_count":0,"master_deck":["AscendersBane","Strike_G","Strike_G","Defend_G","Defend_G","Defend_G","Defend_G+1","Defend_G","Survivor","Neutralize","Deadly Poison+1","Catalyst+1","Poisoned Stab+1","Concentrate+1","Prepared+1","Malaise+1","Backflip+1","Backflip","Footwork","Adrenaline","Escape Plan","PiercingWail","Deadly Poison+1","Bouncing Flask+1"],"relics":["Ring of the Snake","NeowsBlessing","Juzu Bracelet","TungstenRod","Pantograph","Akabeko","Runic Pyramid","ClockworkSouvenir","Singing Bowl","Red Mask","War Paint","Nunchaku","Fusion Hammer"],"acts_visited":["Exordium","TheCity","TheBeyond"],"potions_floor_usage":[33,33,40],"damage_taken":[{"damage":0.0,"enemies":"Cultist","floor":1.0,"turns":1.0},{"damage":0.0,"enemies":"Small Slimes","floor":2.0,"turns":1.0},{"damage":0.0,"enemies":"Lagavulin","floor":8.0,"turns":1.0},{"damage":5.0,"enemies":"Gremlin Nob","floor":11.0,"turns":3.0},{"damage":3.0,"enemies":"Jaw Worm","floor":12.0,"turns":2.0},{"damage":14.0,"enemies":"Exordium Thugs","floor":14.0,"turns":4.0},{"damage":14.0,"enemies":"Hexaghost","floor":16.0,"turns":5.0},{"damage":17.0,"enemies":"Shell Parasite","floor":18.0,"turns":4.0},{"damage":2.0,"enemies":"Chosen","floor":19.0,"turns":4.0},{"damage":19.0,"enemies":"Masked Bandits","floor":23.0,"turns":5.0},{"damage":7.0,"enemies":"Sentry and Sphere","floor":25.0,"turns":5.0},{"damage":12.0,"enemies":"Slavers","floor":29.0,"turns":10.0},{"damage":0.0,"enemies":"Shelled Parasite and Fungi","floor":31.0,"turns":3.0},{"damage":24,"enemies":"Collector","floor":33,"turns":7},{"damage":24,"enemies":"3 Darklings","floor":35,"turns":21},{"damage":0,"enemies":"Orb Walker","floor":36,"turns":5},{"damage":0,"enemies":"Maw","floor":38,"turns":7},{"damage":9,"enemies":"Sphere and 2 Shapes","floor":39,"turns":6},{"damage":36,"enemies":"Reptomancer","floor":40,"turns":2}],"seed_played":"-1959571474480574300","potions_obtained":[{"floor":8.0,"key":"GamblersBrew"},{"floor":11.0,"key":"LiquidMemories"},{"floor":14.0,"key":"DistilledChaos"},{"floor":18.0,"key":"Strength Potion"},{"floor":20.0,"key":"Fire Potion"},{"floor":25.0,"key":"SmokeBomb"},{"floor":29.0,"key":"Ancient Potion"},{"floor":36,"key":"Dexterity Potion"},{"floor":38,"key":"Ancient Potion"}],"is_trial":false,"path_per_floor":["M","M","?","$","T","R","?","E","T","R","E","M","R","M","R","B",null,"M","M","?","$","T","?","R","M","T","?","$","E","?","M","R","B",null,"M","M","$","M","M","E"],"character_chosen":"THE_SILENT","items_purchased":["ClockworkSouvenir","Adrenaline"],"campfire_rested":1,"item_purchase_floors":[21,28],"current_hp_per_floor":[59,59,59,59,59,59,59,59,59,59,54,51,51,37,37,48,62,45,43,43,43,43,26,26,19,19,19,19,7,7,9,30,33,62,38,40,40,40,31,0,0],"gold":206,"neow_bonus":"THREE_ENEMY_KILL","is_daily":false,"chose_seed":false,"campfire_upgraded":5,"win_rate":0.0,"timestamp":1609421660,"path_taken":["M","?","?","$","?","R","?","E","T","R","E","M","R","M","R","BOSS","M","M","?","$","?","?","R","M","T","?","?","E","?","M","R","BOSS","M","M","$","M","M","E"],"items_purchased_type":["Relic","Card"],"build_version":"2020-12-22","purchased_purges":2,"victory":false,"max_hp_per_floor":[66,66,66,66,66,66,66,66,66,66,66,66,66,66,66,66,66,66,66,66,66,66,68,68,68,68,68,68,68,68,70,70,72,72,72,74,74,74,74,74,74],"card_choices":[{"not_picked":["Acrobatics","Escape Plan"],"picked":"Deadly Poison","floor":1.0},{"not_picked":["Escape Plan","Dash"],"picked":"Catalyst","floor":2.0},{"not_picked":["Dodge and Roll","Terror"],"picked":"Poisoned Stab","floor":8.0},{"not_picked":["All Out Attack","Eviscerate"],"picked":"Concentrate","floor":11.0},{"not_picked":["Deflect","Outmaneuver"],"picked":"Prepared","floor":12.0},{"not_picked":["Underhanded Strike","Caltrops","Bane"],"picked":"SKIP","floor":14.0},{"not_picked":["Die Die Die","Wraith Form v2"],"picked":"Malaise","floor":16.0},{"not_picked":["Distraction","All Out Attack"],"picked":"Backflip","floor":18.0},{"not_picked":["Dagger Spray","Dodge and Roll"],"picked":"Backflip","floor":19.0},{"not_picked":["Prepared","Bane","Slice"],"picked":"Singing Bowl","floor":23.0},{"not_picked":["All Out Attack","Dagger Throw"],"picked":"Footwork","floor":25.0},{"not_picked":["Slice","Reflex"],"picked":"Escape Plan","floor":29.0},{"not_picked":["Dagger Throw","Flying Knee","Dodge and Roll"],"picked":"Singing Bowl","floor":31.0},{"not_picked":["Bullet Time","Phantasmal Killer","Wraith Form v2"],"picked":"Singing Bowl","floor":33},{"not_picked":["Underhanded Strike","Quick Slash"],"picked":"PiercingWail","floor":35},{"not_picked":["Masterful Stab+1","Poisoned Stab","Prepared"],"picked":"Singing Bowl","floor":36},{"not_picked":["Predator","Prepared+1"],"picked":"Deadly Poison+1","floor":38},{"not_picked":["Deflect","Dodge and Roll"],"picked":"Bouncing Flask+1","floor":39}],"player_experience":804202,"relics_obtained":[{"floor":5.0,"key":"Juzu Bracelet"},{"floor":8.0,"key":"TungstenRod"},{"floor":9.0,"key":"Pantograph"},{"floor":11.0,"key":"Akabeko"},{"floor":22.0,"key":"Singing Bowl"},{"floor":23.0,"key":"Red Mask"},{"floor":26.0,"key":"War Paint"},{"floor":29.0,"key":"Nunchaku"}],"event_choices":[{"damage_healed":0.0,"max_hp_gain":0.0,"max_hp_loss":0.0,"gold_gain":0.0,"event_name":"Upgrade Shrine","player_choice":"Upgraded","floor":3.0,"gold_loss":0.0,"damage_taken":0.0,"cards_upgraded":["Deadly Poison"]},{"damage_healed":0.0,"max_hp_gain":0.0,"max_hp_loss":0.0,"gold_gain":0.0,"event_name":"The Cleric","player_choice":"Leave","floor":7.0,"gold_loss":0.0,"damage_taken":0.0},{"damage_healed":0.0,"max_hp_gain":0.0,"max_hp_loss":0.0,"gold_gain":0.0,"event_name":"The Woman in Blue","player_choice":"Bought 1 Potion","floor":20.0,"gold_loss":0.0,"damage_taken":0.0},{"damage_healed":0.0,"max_hp_gain":0.0,"max_hp_loss":0.0,"gold_gain":0.0,"event_name":"Masked Bandits","player_choice":"Fought Bandits","floor":23.0,"gold_loss":0.0,"damage_taken":0.0},{"damage_healed":0.0,"max_hp_gain":0.0,"max_hp_loss":0.0,"gold_gain":0.0,"event_name":"The Mausoleum","player_choice":"Ignored","floor":27.0,"gold_loss":0.0,"damage_taken":0.0},{"cards_removed":["Strike_G"],"damage_healed":0.0,"max_hp_gain":0.0,"max_hp_loss":0.0,"gold_gain":0.0,"event_name":"Purifier","player_choice":"Purged","floor":30.0,"gold_loss":0.0,"damage_taken":0.0}],"is_beta":false,"boss_relics":[{"not_picked":["Snecko Eye","Runic Dome"],"picked":"Runic Pyramid"},{"not_picked":["WristBlade","Black Star"],"picked":"Fusion Hammer"}],"items_purged_floors":[4,21],"is_endless":false,"potions_floor_spawned":[8,11,14,18,25,29,36,38],"killed_by":"Reptomancer","ascension_level":20}}