{"host":"vhvubw4jk4f204qs","time":1609447100,"event":{"mods":["AchievementEnabler","Act Like it!","BaseMod","Better Altar","Better Match","Better Note","Better Sensory Stone","Better Skull","Better Third Choice","BetterRewards","Colored Powertips","Conspire","GifTheSpireLib","Googly Eyes","Highlight Path","Hubris","Infinite Spire","Jorbs Mod","Marisa????????","Minty Spire (QoL Compilation)","Permanent Neow","Quick Restart","Replay The Spire","StSLib","SuperFastMode","The Animator","The IronCluck","The Mystic","The Poker Player","The Servant 0.9.4","slay the spire mod where everything is the same but ironclad has a cowboy hat"],"gold_per_floor":[111,111,123,223,238,266,266,266,266,266,32,52,72,101,101,201,201,219,219,219,219,229,258,258,258,258,50,66,66,101,113,113,210,210,220,233,246,296,313,341,341,352,376,402,472,347,360,376,376,376],"floor_reached":51,"playtime":3322,"items_purged":["Strike_S","Strike_S","Strike_S","Strike_S","Defend_S","Defend_S","KidneyShot","Ricochet","TimeTheft"],"score":1182,"play_id":"17525d17-60e2-4a54-b2e2-477da95ba115","local_time":"20201231153820","is_ascension_mode":false,"campfire_choices":[{"data":"Manipulate","floor":7,"key":"SMITH"},{"data":"Alleviate","floor":8,"key":"PURGE"},{"data":"Alleviate","floor":10,"key":"PURGE"},{"floor":15,"key":"REST"},{"data":"RealityMarble","floor":24,"key":"PURGE"},{"data":"MurderousAura","floor":25,"key":"PURGE"},{"data":"BestPractice","floor":29,"key":"PURGE"},{"floor":32,"key":"DIG"},{"data":"animator:Hibiki+1","floor":41,"key":"PURGE"},{"data":"TimeTheft","floor":49,"key":"PURGE"}],"circlet_count":0,"master_deck":["Exchange","ShatteredReality","Advance","BottledTime","TimeWarp","ShatteredReality","Advance","Manipulate+1","hubris:DuctTapeCard","Rearm","Deny+1","Replace+1","BottledTime+1","TimeWarp","ShatteredReality","Potential","SpecialFormula+1","Comet+1","GearUp+1"],"relics":["SplendidAttire","infinitespire:Golems Mask","Membership Card","Turnip","infinitespire:EmpoweringShard","CaptainsWheel","WingedGreaves","Peace Pipe","infinitespire:CursedDice","Shovel","Centennial Puzzle","hubris:DuctTape","InkBottle","Toxic Egg 2","Pandora\u0027s Box","Ancient Tea Set","conspire:Flyswatter","hubris:TinFlute","hubris:Potato","infinitespire:Satchel","infinitespire:FocusingShard","Replay:Grab Bag","Painkiller Herb","Fusion Hammer","Empty Cage","OldScarf","Anchor","Lantern","infinitespire:ShieldingShard","hubris:BottledRain"],"acts_visited":["Exordium","TheCity","TheBeyond"],"potions_floor_usage":[18,23,30,33,33,38,40,42,50,50,50],"damage_taken":[{"damage":0,"enemies":"2 Louse","floor":1,"turns":2},{"damage":0,"enemies":"Cultist","floor":3,"turns":2},{"damage":0,"enemies":"Small Slimes","floor":5,"turns":2},{"damage":0,"enemies":"Lagavulin","floor":6,"turns":4},{"damage":3,"enemies":"Blue Slaver","floor":12,"turns":2},{"damage":1,"enemies":"Exordium Thugs","floor":13,"turns":2},{"damage":0,"enemies":"3 Sentries","floor":14,"turns":2},{"damage":0,"enemies":"Fading Forest","floor":16,"turns":8},{"damage":0,"enemies":"Spheric Guardian","floor":18,"turns":2},{"damage":10,"enemies":"2 Thieves","floor":22,"turns":2},{"damage":15,"enemies":"Slavers","floor":23,"turns":2},{"damage":0,"enemies":"Snecko","floor":28,"turns":2},{"damage":41,"enemies":"Nightmare","floor":30,"turns":7},{"damage":10,"enemies":"Cultist and Chosen","floor":31,"turns":2},{"damage":0,"enemies":"Collector","floor":33,"turns":2},{"damage":0,"enemies":"Orb Walker","floor":35,"turns":1},{"damage":0,"enemies":"3 Shapes","floor":36,"turns":1},{"damage":0,"enemies":"Maw","floor":37,"turns":2},{"damage":0,"enemies":"2 Orb Walkers","floor":38,"turns":1},{"damage":0,"enemies":"Sphere and 2 Shapes","floor":39,"turns":1},{"damage":0,"enemies":"Reptomancer","floor":40,"turns":2},{"damage":6,"enemies":"Writhing Mass","floor":42,"turns":2},{"damage":19,"enemies":"Nemesis","floor":44,"turns":3},{"damage":0,"enemies":"4 Shapes","floor":47,"turns":1},{"damage":0,"enemies":"Sphere and 2 Shapes","floor":48,"turns":1},{"damage":5,"enemies":"Awakened One","floor":50,"turns":3}],"seed_played":"-1647004134479709137","potions_obtained":[{"floor":1,"key":"Milkshake"},{"floor":3,"key":"Fire Potion"},{"floor":14,"key":"FearPotion"},{"floor":23,"key":"SkillPotion"},{"floor":28,"key":"EssenceOfSteel"},{"floor":30,"key":"Regen Potion"},{"floor":33,"key":"conspire:TimeTravelPotion"},{"floor":36,"key":"FearPotion"},{"floor":38,"key":"Adrenaline Potion"},{"floor":47,"key":"Weak Potion"},{"floor":48,"key":"Regen Potion"}],"is_trial":false,"path_per_floor":["M","?","M","?","M","E","R","R","T","R","$","M","M","E","R","B",null,"M","?","?","AVR","M","E","R","R","T","$","M","R","NM","M","R","B",null,"?","?","?","?","?","E","T","?","T","E","T","T","?","?","T","B",null],"character_chosen":"THE_SERVANT","items_purchased":["ShatteredReality","Membership Card","TimeWarp+1","Advance","FastForward","infinitespire:EmpoweringShard","BottledTime","Ricochet","Peace Pipe","TimeTheft","TimeWarp","ShatteredReality","Alleviate","Block Potion","InkBottle","hubris:Potato","BottledTime+1","TimeWarp"],"campfire_rested":1,"item_purchase_floors":[0,0,0,0,0,0,0,0,0,0,0,0,0,0,11,27,27,27],"current_hp_per_floor":[24,24,24,24,24,24,24,24,24,24,24,21,20,20,39,39,65,65,65,65,65,55,40,40,40,40,40,40,40,23,13,13,18,65,65,65,65,65,65,65,65,59,59,46,46,46,46,54,54,62],"gold":376,"neow_bonus":"","is_daily":false,"chose_seed":false,"campfire_upgraded":1,"win_rate":0.0,"timestamp":1609447100,"path_taken":["M","?","M","?","M","E","R","R","T","R","$","?","M","E","R","BOSS","M","?","?","AVR","M","E","R","R","T","$","M","R","NM","M","R","BOSS","?","?","?","?","?","E","T","?","T","E","?","T","?","?","T","BOSS"],"items_purchased_type":["Card","Relic","Card","Card","Card","Relic","Card","Card","Relic","Card","Card","Card","Card","Potion","Relic","Relic","Card","Card"],"build_version":"2020-12-22","purchased_purges":9,"victory":true,"max_hp_per_floor":[65,65,65,65,65,65,65,65,65,65,65,65,65,65,65,65,65,65,65,65,65,65,65,65,65,65,65,65,65,65,65,65,65,65,65,65,65,65,65,65,65,65,65,65,65,65,65,65,65,65],"card_choices":[{"not_picked":["DoubleEdge","FastForward"],"picked":"Advance","floor":1},{"not_picked":["Ricochet","ReturningBlade"],"picked":"ShiftingGears","floor":3},{"not_picked":["FanOfKnives","Replace"],"picked":"BestPractice","floor":5},{"not_picked":["Spin","Luminosity"],"picked":"Manipulate","floor":6},{"not_picked":["SurpressingFire","Advance"],"picked":"Rearm","floor":12},{"not_picked":["Barrier","Sunlight","DoubleEdge"],"picked":"SKIP","floor":13},{"not_picked":["Starlight","Unruled"],"picked":"Moondial+1","floor":14},{"not_picked":["Initiator","MurderousAura"],"picked":"Deny+1","floor":16},{"not_picked":["DoubleEdge","Moondial+1"],"picked":"Replace+1","floor":18},{"not_picked":["TimeTheft+1","DancingSilver+1","Sabotage"],"picked":"SKIP","floor":22},{"not_picked":["Spin","Alleviate+1","InstantArmor+1"],"picked":"SKIP","floor":23},{"not_picked":["Ricochet","Rewind+1","DoubleEdge"],"picked":"SKIP","floor":28},{"not_picked":["Spin+1","FanOfKnives"],"picked":"ShatteredReality","floor":30},{"not_picked":["PendulumOfEternity","Alleviate+1","Ricochet+1"],"picked":"SKIP","floor":31},{"not_picked":["DualDimension+1","Rewind+1","Shuttle+1"],"picked":"SKIP","floor":35},{"not_picked":["DoubleEdge","RealityMarble","InstantArmor+1"],"picked":"SKIP","floor":36},{"not_picked":["Snipe","Rewind+1","Foresight+1"],"picked":"SKIP","floor":37},{"not_picked":["Spin","Moonlight+1"],"picked":"Potential","floor":38},{"not_picked":["Alleviate+1","Unruled"],"picked":"SpecialFormula+1","floor":39},{"not_picked":["FastForward+1","DualDimension+1"],"picked":"Comet+1","floor":40},{"not_picked":["Alleviate+1","Defy+1","Spin"],"picked":"SKIP","floor":42},{"not_picked":["Defy+1","DancingSilver+1"],"picked":"GearUp+1","floor":44},{"not_picked":["DoubleEdge","Misdirection+1","Rearm+1"],"picked":"SKIP","floor":47},{"not_picked":["Sunlight","Hightail+1","DancingSilver+1"],"picked":"SKIP","floor":48}],"player_experience":1182353,"relics_obtained":[{"floor":6,"key":"Centennial Puzzle"},{"floor":9,"key":"hubris:DuctTape"},{"floor":14,"key":"Toxic Egg 2"},{"floor":23,"key":"conspire:Flyswatter"},{"floor":26,"key":"hubris:TinFlute"},{"floor":30,"key":"infinitespire:Satchel"},{"floor":32,"key":"infinitespire:FocusingShard"},{"floor":38,"key":"OldScarf"},{"floor":40,"key":"Anchor"},{"floor":43,"key":"Lantern"},{"floor":44,"key":"infinitespire:ShieldingShard"},{"floor":45,"key":"hubris:BottledRain"}],"event_choices":[{"damage_healed":0,"gold_gain":0,"player_choice":"Agree","damage_taken":0,"max_hp_gain":0,"max_hp_loss":0,"event_name":"conspire:LoneGhost","floor":2,"gold_loss":0},{"damage_healed":0,"gold_gain":100,"player_choice":"Pray","damage_taken":0,"max_hp_gain":0,"max_hp_loss":0,"event_name":"Golden Shrine","floor":4,"gold_loss":0},{"cards_removed":["BottledTime"],"damage_healed":0,"gold_gain":0,"player_choice":"Take \u0026 Give","damage_taken":0,"max_hp_gain":0,"max_hp_loss":0,"event_name":"betterNote:BetterNote","floor":19,"gold_loss":0,"cards_obtained":["animator:Hibiki"]},{"damage_healed":0,"gold_gain":0,"player_choice":"Ignored","damage_taken":0,"max_hp_gain":0,"max_hp_loss":0,"event_name":"Vampires","floor":20,"gold_loss":0},{"damage_healed":0,"gold_gain":0,"player_choice":"Fight","damage_taken":0,"max_hp_gain":0,"max_hp_loss":0,"event_name":"Mysterious Sphere","floor":38,"gold_loss":0}],"is_beta":false,"boss_relics":[{"not_picked":["hubris:CrackedHourglass","Runic Dome"],"picked":"Pandora\u0027s Box"},{"not_picked":["Replay:Bronze Core","Abe\u0027s Treasure"],"picked":"Replay:Grab Bag"},{"not_picked":["Velvet Choker","Replay:Wanted Poster"],"picked":"Painkiller Herb"},{"not_picked":["hubris:GrandSneckoEye","conspire:RoyalGoblet"],"picked":"Fusion Hammer"},{"not_picked":["hubris:BlackHole","Black Star"],"picked":"SplendidAttire"},{"not_picked":["Snecko Heart","Snecko Eye"],"picked":"Empty Cage"}],"items_purged_floors":[0,0,0,0,0,0,11,21,46],"is_endless":false,"potions_floor_spawned":[1,3,6,14,16,23,28,30,33,36,38,39,47,48],"ascension_level":0}}