{"host":"Krakhan","time":1609421550,"event":{"mods":["AchievementEnabler","BaseMod","Colored Map","Colored Powertips","Faster Ascension Climbing","Highlight Path","Minty Spire (QoL Compilation)","Rare Cards Sparkle","Relic Stats","StSLib"],"gold_per_floor":[139,176,101,139,139,170,170,256,256,256,287,287,287,287,287,391,391,432,13,33,44,44,73,108,108,156,81,6,49,49,112,112,112,112],"floor_reached":33,"playtime":1918,"items_purged":["Strike_G"],"score":566,"play_id":"aca338c8-0a38-4304-b107-70e13e52bdfc","local_time":"20201231083230","is_ascension_mode":true,"campfire_choices":[{"floor":10,"key":"REST"},{"data":"HandOfGreed","floor":13,"key":"SMITH"},{"data":"Deadly Poison","floor":15,"key":"SMITH"},{"floor":25,"key":"REST"},{"data":"Wraith Form v2","floor":32,"key":"SMITH"}],"circlet_count":0,"master_deck":["AscendersBane","Strike_G","Strike_G","Defend_G","Defend_G","Defend_G","Defend_G","Defend_G","Survivor","Neutralize","HandOfGreed+1","Quick Slash","Predator","Adrenaline","Deadly Poison+1","Bouncing Flask+1","Parasite","Wraith Form v2+1","Leg Sweep","Noxious Fumes","PiercingWail","Catalyst","Well Laid Plans","Predator","Dagger Spray"],"relics":["Ring of the Snake","Ancient Tea Set","Shuriken","Blood Vial","Pantograph","Snake Skull","Snecko Eye","PreservedInsect","Lee\u0027s Waffle","Tough Bandages","Vajra"],"acts_visited":["Exordium","TheCity"],"potions_floor_usage":[8,11,18,23,33],"damage_taken":[{"damage":1,"enemies":"Jaw Worm","floor":1,"turns":3},{"damage":0,"enemies":"Small Slimes","floor":2,"turns":2},{"damage":0,"enemies":"2 Louse","floor":4,"turns":2},{"damage":38,"enemies":"Lagavulin","floor":6,"turns":8},{"damage":15,"enemies":"3 Sentries","floor":8,"turns":8},{"damage":28,"enemies":"Gremlin Nob","floor":11,"turns":4},{"damage":17,"enemies":"Hexaghost","floor":16,"turns":9},{"damage":20,"enemies":"3 Byrds","floor":18,"turns":4},{"damage":0,"enemies":"Chosen","floor":20,"turns":4},{"damage":32,"enemies":"Shelled Parasite and Fungi","floor":21,"turns":5},{"damage":38,"enemies":"Gremlin Leader","floor":23,"turns":6},{"damage":1,"enemies":"Snecko","floor":24,"turns":4},{"damage":1,"enemies":"Chosen and Byrds","floor":29,"turns":4},{"damage":8,"enemies":"Centurion and Healer","floor":31,"turns":6},{"damage":49,"enemies":"Collector","floor":33,"turns":5}],"seed_played":"9057705912557769683","potions_obtained":[{"floor":6,"key":"EssenceOfSteel"},{"floor":8,"key":"Fruit Juice"},{"floor":11,"key":"Dexterity Potion"},{"floor":20,"key":"AttackPotion"},{"floor":29,"key":"EssenceOfSteel"}],"is_trial":false,"path_per_floor":["M","M","?","M","?","E","T","E","T","R","E","?","R","?","R","B",null,"M","$","M","M","?","E","M","R","T","?","$","M","$","M","R","B"],"character_chosen":"THE_SILENT","items_purchased":["PreservedInsect","Lee\u0027s Waffle","Noxious Fumes"],"campfire_rested":2,"item_purchase_floors":[19,19,19],"current_hp_per_floor":[58,58,58,58,58,20,20,5,5,23,2,18,18,18,18,28,56,38,72,72,40,40,4,5,26,26,26,26,27,27,21,21,0,0],"gold":112,"neow_bonus":"RANDOM_COLORLESS_2","is_daily":false,"chose_seed":false,"campfire_upgraded":3,"win_rate":0.0,"timestamp":1609421550,"path_taken":["M","M","?","M","?","E","?","E","T","R","E","?","R","?","R","BOSS","M","$","M","M","?","E","M","R","T","?","$","M","$","M","R","BOSS"],"items_purchased_type":["Relic","Relic","Card"],"build_version":"2020-12-18","purchased_purges":1,"victory":false,"max_hp_per_floor":[60,60,60,60,60,60,60,60,60,60,65,65,65,65,65,65,65,65,72,72,72,72,72,72,72,72,72,72,72,72,72,72,72,72],"relic_stats":{"Blood Vial":16,"Lee\u0027s Waffle":34,"Tough Bandages":[6],"counters":[15,74],"Shuriken":[11],"Pantograph":50,"Snecko Eye":[67,67,72,73],"Snake Skull":[83],"PreservedInsect":48,"obtain_stats":[{"Blood Vial":8,"Lee\u0027s Waffle":19,"Tough Bandages":23,"Shuriken":7,"Pantograph":9,"Snecko Eye":17,"Vajra":26,"Snake Skull":11,"PreservedInsect":19,"Ancient Tea Set":6,"Ring of the Snake":0},{"Blood Vial":5,"Lee\u0027s Waffle":8,"Tough Bandages":11,"Shuriken":4,"Pantograph":5,"Snecko Eye":7,"Vajra":12,"Snake Skull":6,"PreservedInsect":8,"Ancient Tea Set":4,"Ring of the Snake":0},{"Blood Vial":23,"Lee\u0027s Waffle":40,"Tough Bandages":55,"Shuriken":15,"Pantograph":23,"Snecko Eye":36,"Vajra":59,"Snake Skull":27,"PreservedInsect":40,"Ancient Tea Set":15,"Ring of the Snake":0}],"Ring of the Snake":[30]},"card_choices":[{"not_picked":["Magnetism","Master of Strategy"],"picked":"HandOfGreed","floor":0},{"not_picked":["Terror","Bane"],"picked":"Quick Slash","floor":1},{"not_picked":["Expertise","Dodge and Roll"],"picked":"Predator","floor":2},{"not_picked":["Underhanded Strike","Cloak And Dagger"],"picked":"Adrenaline","floor":4},{"not_picked":["Acrobatics","Dagger Throw","Prepared"],"picked":"SKIP","floor":6},{"not_picked":["Slice","Cloak And Dagger"],"picked":"Deadly Poison","floor":8},{"not_picked":["Prepared","PiercingWail"],"picked":"Bouncing Flask","floor":11},{"not_picked":["Doppelganger","Night Terror"],"picked":"Wraith Form v2","floor":16},{"not_picked":["Cloak And Dagger+1","Concentrate"],"picked":"Leg Sweep","floor":18},{"not_picked":["Backstab","Calculated Gamble"],"picked":"PiercingWail","floor":20},{"not_picked":["Backstab","Deadly Poison","Poisoned Stab"],"picked":"SKIP","floor":21},{"not_picked":["Outmaneuver","Dagger Throw"],"picked":"Catalyst","floor":23},{"not_picked":["Skewer","Bane"],"picked":"Well Laid Plans","floor":24},{"not_picked":["Slice","Bane+1"],"picked":"Predator","floor":29},{"not_picked":["Quick Slash","Dagger Throw"],"picked":"Dagger Spray","floor":31}],"player_experience":1270097,"relics_obtained":[{"floor":6,"key":"Ancient Tea Set"},{"floor":7,"key":"Shuriken"},{"floor":8,"key":"Blood Vial"},{"floor":9,"key":"Pantograph"},{"floor":11,"key":"Snake Skull"},{"floor":23,"key":"Tough Bandages"},{"floor":26,"key":"Vajra"}],"event_choices":[{"cards_removed":["Strike_G"],"damage_healed":0,"gold_gain":0,"player_choice":"Card Removal","damage_taken":0,"max_hp_gain":0,"max_hp_loss":0,"event_name":"The Cleric","floor":3,"gold_loss":75},{"damage_healed":0,"gold_gain":0,"player_choice":"Ignored","damage_taken":0,"max_hp_gain":0,"max_hp_loss":0,"event_name":"Liars Game","floor":5,"gold_loss":0},{"damage_healed":16,"gold_gain":0,"player_choice":"Healed and dodged fight","damage_taken":0,"max_hp_gain":0,"max_hp_loss":0,"event_name":"Mushrooms","floor":12,"gold_loss":0,"cards_obtained":["Parasite"]},{"damage_healed":0,"gold_gain":0,"player_choice":"Grow","damage_taken":0,"max_hp_gain":0,"max_hp_loss":0,"event_name":"Living Wall","floor":14,"gold_loss":0,"cards_upgraded":["Bouncing Flask"]},{"cards_removed":["Strike_G"],"damage_healed":0,"gold_gain":0,"player_choice":"Gave Gold","damage_taken":0,"max_hp_gain":0,"max_hp_loss":0,"event_name":"Beggar","floor":27,"gold_loss":75}],"is_beta":true,"boss_relics":[{"not_picked":["Pandora\u0027s Box","SlaversCollar"],"picked":"Snecko Eye"}],"items_purged_floors":[28],"is_endless":false,"potions_floor_spawned":[6,8,11,20,29],"killed_by":"Collector","ascension_level":20}}