{"host":"r7lw16gtaifltel5","time":1609416781,"event":{"mods":["Arknights The Spire","BaseMod","Hermit","Koishi","Minty Spire (QoL Compilation)","Replay The Spire","StSLib","The Bug Knight","The Cursed","The Gatherer","The Hierophant","The Jungle"],"gold_per_floor":[115,115,115,139,159,159,200,200],"floor_reached":7,"playtime":407,"items_purged":[],"score":51,"play_id":"b9718eb6-aaa0-4e62-bf3b-089bb3687247","local_time":"20201231211301","daily_mods":["Draft","Heirloom"],"is_ascension_mode":false,"campfire_choices":[{"data":"Dual Wield","floor":6,"key":"SMITH"}],"circlet_count":0,"master_deck":["Heavy Blade","Perfected Strike","Twin Strike","Shrug It Off","Searing Blow","Pummel","Entrench","Searing Blow","Iron Wave","Dual Wield+1","Carnage","Battle Trance","Headbutt","Headbutt","Sword Boomerang","Sword Boomerang","Doubt","Sentinel","Sever Soul","Sever Soul"],"relics":["Snecko Eye","Another Sword","Golden Idol","Ring of Misfortune","ats:Originium","Quantum Egg"],"acts_visited":["Exordium"],"potions_floor_usage":[],"damage_taken":[{"damage":0,"enemies":"Small Slimes","floor":1,"turns":1},{"damage":0,"enemies":"2 Louse","floor":4,"turns":1},{"damage":3,"enemies":"Jaw Worm","floor":5,"turns":2},{"damage":27,"enemies":"3 Sentries","floor":7,"turns":4}],"seed_played":"2263178865941089382","potions_obtained":[{"floor":4,"key":"SpeedPotion"},{"floor":5,"key":"Adrenaline Potion"}],"is_trial":true,"path_per_floor":["M","?","?","M","M","R","E"],"character_chosen":"IRONCLAD","items_purchased":[],"campfire_rested":0,"item_purchase_floors":[],"current_hp_per_floor":[80,60,60,60,57,57,30,30],"gold":200,"neow_bonus":"","is_daily":false,"chose_seed":false,"campfire_upgraded":1,"win_rate":0.0,"timestamp":1609416781,"path_taken":["M","?","?","M","M","R","E"],"items_purchased_type":[],"build_version":"2020-12-22","purchased_purges":0,"victory":false,"max_hp_per_floor":[80,80,80,80,80,80,80,80],"card_choices":[{"not_picked":["True Grit","Replay:Undeath\u0027s Touch"],"picked":"Heavy Blade","floor":0},{"not_picked":["Iron Wave","Abandon"],"picked":"Perfected Strike","floor":0},{"not_picked":["Rage","Wild Strike"],"picked":"Twin Strike","floor":0},{"not_picked":["Iron Wave","Clash"],"picked":"Shrug It Off","floor":0},{"not_picked":["Thunderclap","Perfected Strike"],"picked":"Searing Blow","floor":0},{"not_picked":["Twin Strike","Replay:Undeath\u0027s Touch"],"picked":"Pummel","floor":0},{"not_picked":["Anger","Cleave"],"picked":"Entrench","floor":0},{"not_picked":["Clash","Perfected Strike"],"picked":"Searing Blow","floor":0},{"not_picked":["Feel No Pain","ReplayTheSpireMod:Muscle Training"],"picked":"Iron Wave","floor":0},{"not_picked":["Bloodletting","Reckless Charge"],"picked":"Dual Wield","floor":0},{"not_picked":["Twin Strike","Warcry"],"picked":"Carnage","floor":0},{"not_picked":["Reckless Charge","Havoc"],"picked":"Battle Trance","floor":0},{"not_picked":["Flex","Abandon"],"picked":"Headbutt","floor":0},{"not_picked":["ReplayTheSpireMod:Strike From Hell","Sword Boomerang"],"picked":"Headbutt","floor":0},{"not_picked":["Massacre","Havoc"],"picked":"Sword Boomerang","floor":0},{"not_picked":["Flex","ReplayTheSpireMod:Corrosion Curse"],"picked":"Sword Boomerang","floor":1},{"not_picked":["Whirlwind","Cleave"],"picked":"Sentinel","floor":4},{"not_picked":["Wild Strike","Sword Boomerang"],"picked":"Sever Soul","floor":5},{"not_picked":["Life Link","Disarm"],"picked":"Sever Soul","floor":7}],"player_experience":26357,"relics_obtained":[{"floor":3,"key":"Ring of Misfortune"},{"floor":7,"key":"ats:Originium"},{"floor":7,"key":"Quantum Egg"}],"event_choices":[{"damage_healed":0,"gold_gain":0,"player_choice":"Take Damage","damage_taken":20,"relics_obtained":["Golden Idol"],"max_hp_gain":0,"max_hp_loss":0,"event_name":"Golden Idol","floor":2,"gold_loss":0}],"is_beta":false,"boss_relics":[],"items_purged_floors":[],"is_endless":false,"potions_floor_spawned":[4,5],"killed_by":"3 Sentries","ascension_level":0}}