{"host":"b6hf8n3pu8vqv2wi","time":1609424636,"event":{"mods":["BaseMod","Downfall","Minty Spire (QoL Compilation)","StSLib"],"gold_per_floor":[99,99,99,99,99,132,187,37,37,49,76,76,111,21,38,141,141,66,81,101,101,101,112,159,179,207,226,256,274,274,0,10,115,115,115,21,21,39,39,67,67,81,113,124,124,149,167,192,207,207,207,241,47,47,47],"floor_reached":56,"playtime":9054,"items_purged":["Pain","Slimebound:Defend_Slimebound"],"score":1398,"play_id":"caff0ce8-1f85-4751-9f3f-2bd818239cc2","local_time":"20201231222356","is_ascension_mode":true,"campfire_choices":[{"floor":1.0,"key":"RECALL"},{"floor":8.0,"key":"REST"},{"floor":12.0,"key":"REST"},{"data":"Slimebound:CheckThePlaybook","floor":18.0,"key":"SMITH"},{"data":"expansioncontent:DecasProtection","floor":35,"key":"SMITH"},{"data":"Slimebound:PrepareCrush","floor":45,"key":"SMITH"},{"data":"Sadistic Nature","floor":54,"key":"SMITH"}],"circlet_count":0,"master_deck":["Slimebound:Tackle","Slimebound:Defend_Slimebound","Slimebound:Defend_Slimebound","Slimebound:Split","Slimebound:CorrosiveSpit","Slimebound:GrowthPunch","Slimebound:SplitMire","Slimebound:FormOfPuddle","Slimebound:CheckThePlaybook+1","Slimebound:FirmFortitude","Slimebound:MegaLick","Slimebound:MegaLick","Slimebound:Recycling","Slimebound:PrepareCrush+1","Slimebound:ProtectTheBoss","Slimebound:ProtectTheBoss","Slimebound:LivingWall","Slimebound:FirmFortitude","Slimebound:SlimeSpikes+1","Slimebound:Tackle+1","Slimebound:Tackle+1","Slimebound:Tackle+1","Slimebound:OneTwoCombo","Sadistic Nature+1","expansioncontent:DecasProtection+1","Slimebound:OozeBath","expansioncontent:DecasProtection+1","expansioncontent:CaCaw+1","Chrysalis","Slimebound:SamplingLick","Slimebound:SamplingLick"],"relics":["Slimebound:AbsorbEndCombat","downfall:HeartsMalice","downfall:BrokenWingStatue","Kunai","downfall:HeartBlessingRed","downfall:HeartBlessingBlue","WarpedTongs","MealTicket","Centennial Puzzle","Black Star","downfall:HeartBlessingGreen","Pear","Ancient Tea Set","Happy Flower","Boot","Eternal Feather","Pantograph","Busted Crown","DollysMirror","Nunchaku","The Courier","Blue Candle","Omamori","Ginger","Slimebound:SlimedTailRelic","Question Card","Vajra","Regal Pillow","Pen Nib","Guardian:PocketSentry","Bag of Preparation"],"acts_visited":["Exordium","TheCity","TheBeyond","TheEnding"],"potions_floor_usage":[23,23,26,28,32,50,50,55,55],"damage_taken":[{"damage":0.0,"enemies":"Small Slimes","floor":2.0,"turns":1.0},{"damage":0.0,"enemies":"Cultist","floor":3.0,"turns":1.0},{"damage":0.0,"enemies":"Jaw Worm","floor":4.0,"turns":1.0},{"damage":49.0,"enemies":"Lagavulin","floor":6.0,"turns":8.0},{"damage":25.0,"enemies":"2 Fungi Beasts","floor":10.0,"turns":3.0},{"damage":17.0,"enemies":"Gremlin Nob","floor":11.0,"turns":4.0},{"damage":33.0,"enemies":"3 Sentries","floor":13.0,"turns":6.0},{"damage":16.0,"enemies":"downfall:FleeingMerchant","floor":14.0,"turns":4.0},{"damage":6.0,"enemies":"Lots of Slimes","floor":15.0,"turns":3.0},{"damage":20.0,"enemies":"downfall:Watcher","floor":16.0,"turns":5.0},{"damage":21,"enemies":"Spheric Guardian","floor":19,"turns":4},{"damage":28,"enemies":"Shell Parasite","floor":20,"turns":4},{"damage":12,"enemies":"Snecko","floor":23,"turns":4},{"damage":38,"enemies":"Sentry and Sphere","floor":25,"turns":7},{"damage":40,"enemies":"Slavers","floor":26,"turns":4},{"damage":22,"enemies":"Shelled Parasite and Fungi","floor":27,"turns":5},{"damage":14,"enemies":"Book of Stabbing","floor":28,"turns":6},{"damage":15,"enemies":"Centurion and Healer","floor":29,"turns":4},{"damage":21,"enemies":"downfall:FleeingMerchant","floor":31,"turns":4},{"damage":7,"enemies":"Snake Plant","floor":32,"turns":2},{"damage":47,"enemies":"downfall:Ironclad","floor":33,"turns":6},{"damage":28,"enemies":"downfall:FleeingMerchant","floor":36,"turns":2},{"damage":21,"enemies":"3 Shapes","floor":38,"turns":3},{"damage":5,"enemies":"Giant Head","floor":40,"turns":7},{"damage":6,"enemies":"Orb Walker","floor":42,"turns":3},{"damage":29,"enemies":"Nemesis","floor":43,"turns":7},{"damage":29,"enemies":"3 Darklings","floor":44,"turns":3},{"damage":6,"enemies":"Giant Head","floor":46,"turns":7},{"damage":4,"enemies":"Jaw Worm Horde","floor":47,"turns":4},{"damage":14,"enemies":"Reptomancer","floor":48,"turns":6},{"damage":21,"enemies":"Maw","floor":49,"turns":4},{"damage":32,"enemies":"downfall:Silent","floor":50,"turns":9},{"damage":71,"enemies":"downfall:CharBossMerchant","floor":52,"turns":7},{"damage":15,"enemies":"downfall:NeowBoss","floor":55,"turns":16}],"seed_played":"-939800650563191265","potions_obtained":[{"floor":6.0,"key":"Block Potion"},{"floor":10.0,"key":"Dexterity Potion"},{"floor":13.0,"key":"BlessingOfTheForge"},{"floor":15.0,"key":"Block Potion"},{"floor":16.0,"key":"Fire Potion"},{"floor":19,"key":"Strength Potion"},{"floor":25,"key":"Ancient Potion"},{"floor":27,"key":"champ:CounterPotion"},{"floor":29,"key":"BlessingOfTheForge"},{"floor":43,"key":"Fire Potion"},{"floor":47,"key":"Energy Potion"},{"floor":48,"key":"PowerPotion"},{"floor":52,"key":"EssenceOfSteel"}],"is_trial":false,"path_per_floor":["R","M","M","M","?","E","T","R","?","M","E","R","E","$","M","B",null,"R","M","M","T","?","M","T","M","E","M","E","M","?","$","M","B",null,"R","$","?","M","?","E","T","M","E","M","R","E","M","E","M","B",null,"E","$","R","B",null],"character_chosen":"SLIMEBOUND","items_purchased":["Sadistic Nature","expansioncontent:DecasProtection","DollysMirror","expansioncontent:CaCaw","Chrysalis","Bag of Preparation"],"campfire_rested":2,"item_purchase_floors":[31,31,36,36,36,53],"current_hp_per_floor":[60,60,60,60,60,29,29,60,60,47,46,67,58,67,70,64,70,70,62,62,72,72,74,74,56,44,40,48,51,51,63,62,51,80,80,60,60,51,51,64,64,64,67,54,72,80,80,80,73,80,80,39,54,72,80],"gold":47,"neow_bonus":"THREE_ENEMY_KILL","is_daily":false,"chose_seed":false,"campfire_upgraded":4,"win_rate":0.0,"timestamp":1609424636,"path_taken":["R","M","M","M","?","E","T","R","?","M","E","R","E","$","M","BOSS","R","M","M","?","?","M","T","?","E","M","E","M","?","$","M","BOSS","R","$","?","?","?","E","T","M","E","M","R","E","M","E","M","BOSS","E","$","R","BOSS"],"items_purchased_type":["Card","Card","Relic","Card","Card","Relic"],"build_version":"2020-12-22","purchased_purges":2,"victory":true,"max_hp_per_floor":[60,60,60,60,60,60,60,70,70,70,70,70,70,70,70,70,70,70,70,70,80,80,80,80,80,80,80,80,80,80,80,80,80,80,80,80,80,80,80,80,80,80,80,80,80,80,80,80,80,80,80,80,80,80,80],"card_choices":[{"not_picked":["Slimebound:FirmFortitude","Slimebound:Replication"],"picked":"Slimebound:GrowthPunch","floor":2.0},{"not_picked":["Slimebound:TongueLash","Slimebound:PressTheAttack"],"picked":"Slimebound:SplitMire","floor":3.0},{"not_picked":["Slimebound:SlimeBarrage","Slimebound:PressTheAttack"],"picked":"Slimebound:FormOfPuddle","floor":4.0},{"not_picked":["Slimebound:GoopSpray","Slimebound:MegaLick"],"picked":"Slimebound:CheckThePlaybook","floor":6.0},{"not_picked":["Slimebound:LeechEnergy","Slimebound:RollThrough"],"picked":"Slimebound:FirmFortitude","floor":10.0},{"not_picked":["Slimebound:Recollect","Slimebound:FirmFortitude"],"picked":"Slimebound:MegaLick","floor":11.0},{"not_picked":["Slimebound:Chomp","Slimebound:Grow","Slimebound:GrowthPunch"],"picked":"SKIP","floor":13.0},{"not_picked":["Slimebound:Chomp","Slimebound:GoopSpray","Slimebound:RollThrough"],"picked":"SKIP","floor":14.0},{"not_picked":["Slimebound:Equalize","Slimebound:BestDefense"],"picked":"Slimebound:MegaLick","floor":15.0},{"not_picked":["Slimebound:LeechLife","Slimebound:PrepareCrush"],"picked":"Slimebound:Recycling","floor":16.0},{"not_picked":["Slimebound:Grow","Slimebound:LeechingTouch","Slimebound:GrowthPunch+1"],"picked":"SKIP","floor":19},{"not_picked":["Slimebound:Nibble","Slimebound:SlimeBarrage","Slimebound:LeechingTouch+1"],"picked":"SKIP","floor":20},{"not_picked":["Slimebound:SplitMire","Slimebound:SplitLeeching","Slimebound:SplitAcid"],"picked":"SKIP","floor":23},{"not_picked":["Slimebound:ViciousTackle+1","Slimebound:SplitMire"],"picked":"Slimebound:ProtectTheBoss","floor":25},{"not_picked":["Slimebound:Schlurp","Slimebound:SlimeBarrage"],"picked":"Slimebound:ProtectTheBoss","floor":26},{"not_picked":["Slimebound:TongueLash+1","Slimebound:SlimeSpikes"],"picked":"Slimebound:LivingWall","floor":27},{"not_picked":["Slimebound:ComboTackle","Slimebound:LeechingTouch"],"picked":"Slimebound:FirmFortitude","floor":28},{"not_picked":["Slimebound:RollThrough","Slimebound:LeechingTouch"],"picked":"Slimebound:SlimeSpikes+1","floor":29},{"not_picked":["Slimebound:Replication","Slimebound:ComboTackle"],"picked":"Slimebound:OneTwoCombo","floor":31},{"not_picked":["Slimebound:SplitAcid","Slimebound:FirmFortitude","Slimebound:FinishingTackle"],"picked":"SKIP","floor":32},{"not_picked":["Slimebound:SelfFormingGoo","Slimebound:Recycling"],"picked":"Slimebound:OozeBath","floor":33},{"not_picked":["Slimebound:PressTheAttack"],"picked":"SKIP","floor":36},{"not_picked":[],"picked":"Slimebound:SamplingLick","floor":38},{"not_picked":["Slimebound:FlameTackle"],"picked":"SKIP","floor":40},{"not_picked":[],"picked":"Slimebound:SamplingLick","floor":42},{"not_picked":["Slimebound:TongueLash"],"picked":"SKIP","floor":43},{"not_picked":["Slimebound:Schlurp"],"picked":"SKIP","floor":44},{"not_picked":["Slimebound:SamplingLick"],"picked":"SKIP","floor":46},{"not_picked":["Slimebound:LeechingTouch+1","Slimebound:SplitLeeching"],"picked":"SKIP","floor":47},{"not_picked":["Slimebound:RollThrough+1","Slimebound:ComboTackle+1"],"picked":"SKIP","floor":48},{"not_picked":["Slimebound:ForwardTackle+1","Slimebound:RollThrough"],"picked":"SKIP","floor":49},{"not_picked":["Slimebound:Overexert","Slimebound:SplitBruiser+1"],"picked":"SKIP","floor":52}],"player_experience":429006,"relics_obtained":[{"floor":6.0,"key":"Kunai"},{"floor":11.0,"key":"MealTicket"},{"floor":13.0,"key":"Centennial Puzzle"},{"floor":21,"key":"Pear"},{"floor":24,"key":"Ancient Tea Set"},{"floor":26,"key":"Happy Flower"},{"floor":26,"key":"Boot"},{"floor":28,"key":"Eternal Feather"},{"floor":28,"key":"Pantograph"},{"floor":40,"key":"Nunchaku"},{"floor":40,"key":"The Courier"},{"floor":41,"key":"Blue Candle"},{"floor":43,"key":"Omamori"},{"floor":43,"key":"Ginger"},{"floor":46,"key":"Slimebound:SlimedTailRelic"},{"floor":46,"key":"Question Card"},{"floor":48,"key":"Vajra"},{"floor":48,"key":"Regal Pillow"},{"floor":52,"key":"Pen Nib"},{"floor":52,"key":"Guardian:PocketSentry"}],"event_choices":[{"damage_healed":0.0,"max_hp_gain":0.0,"max_hp_loss":0.0,"gold_gain":0.0,"event_name":"Accursed Blacksmith","player_choice":"Rummage","floor":9.0,"gold_loss":0.0,"damage_taken":0.0,"relics_obtained":["WarpedTongs"],"cards_obtained":["Pain"]},{"damage_healed":0,"gold_gain":0,"cards_transformed":["Slimebound:Defend_Slimebound"],"player_choice":"Transformed","damage_taken":0,"max_hp_gain":0,"max_hp_loss":0,"event_name":"Transmorgrifier","floor":22,"gold_loss":0,"cards_obtained":["Slimebound:PrepareCrush"]},{"damage_healed":0,"gold_gain":0,"player_choice":"Upgraded","damage_taken":0,"max_hp_gain":0,"max_hp_loss":0,"event_name":"Upgrade Shrine","floor":39,"gold_loss":0,"cards_upgraded":["expansioncontent:CaCaw"]}],"is_beta":false,"boss_relics":[{"not_picked":["downfall:Hecktoplasm","Fusion Hammer"],"picked":"Black Star"},{"not_picked":["Runic Dome","Tiny House"],"picked":"Busted Crown"}],"items_purged_floors":[14,53],"is_endless":false,"potions_floor_spawned":[6,10,13,15,16,19,25,27,29,43,47,48,52],"ascension_level":1}}