{"host":"J","time":1609447648,"event":{"mods":["AchievementEnabler","BaseMod","Block Reminder","Highlight Path","Minty Spire (QoL Compilation)","Permanent Neow","Quick Restart","Relic Stats","UnlockEverythingMod"],"gold_per_floor":[99,99,99,99,99,99,99,99,99,99,99,99,99,99,99,99,99,99,49,49,49,49,49,49,49,49],"floor_reached":25,"playtime":2484,"items_purged":[],"score":430,"play_id":"0f1d9b2c-f1d2-413d-b3bc-d1c5182bace3","local_time":"20201231214728","is_ascension_mode":true,"campfire_choices":[{"data":"Noxious Fumes","floor":7.0,"key":"SMITH"},{"floor":13.0,"key":"REST"},{"data":"Glass Knife","floor":15.0,"key":"SMITH"},{"data":"Footwork","floor":23,"key":"SMITH"}],"circlet_count":0,"master_deck":["AscendersBane","Strike_G","Strike_G","Strike_G","Strike_G","Defend_G","Defend_G","Defend_G","Defend_G","Defend_G","Survivor","Neutralize","Riddle With Holes","Cloak And Dagger","Predator","Dagger Throw","Noxious Fumes+1","Glass Knife+1","Footwork+1","Night Terror+1","Poisoned Stab","PiercingWail","Well Laid Plans","Deadly Poison","PiercingWail"],"relics":["Ectoplasm","Ancient Tea Set","Golden Idol","Pen Nib","White Beast Statue","SacredBark"],"acts_visited":["Exordium","TheCity"],"potions_floor_usage":[21,22,25],"damage_taken":[{"damage":0.0,"enemies":"2 Louse","floor":1.0,"turns":3.0},{"damage":1.0,"enemies":"Small Slimes","floor":3.0,"turns":4.0},{"damage":0.0,"enemies":"Cultist","floor":4.0,"turns":4.0},{"damage":4.0,"enemies":"Red Slaver","floor":5.0,"turns":3.0},{"damage":22.0,"enemies":"3 Sentries","floor":6.0,"turns":8.0},{"damage":20.0,"enemies":"Gremlin Nob","floor":10.0,"turns":4.0},{"damage":0.0,"enemies":"3 Louse","floor":11.0,"turns":2.0},{"damage":16.0,"enemies":"The Guardian","floor":16.0,"turns":8.0},{"damage":0.0,"enemies":"3 Byrds","floor":18.0,"turns":6.0},{"damage":4.0,"enemies":"Chosen","floor":20.0,"turns":3.0},{"damage":3,"enemies":"Centurion and Healer","floor":21,"turns":7},{"damage":17,"enemies":"3 Cultists","floor":22,"turns":5},{"damage":18,"enemies":"Snake Plant","floor":24,"turns":5},{"damage":0,"enemies":"Gremlin Leader","floor":25,"turns":2}],"seed_played":"-125251023237192193","potions_obtained":[{"floor":1.0,"key":"FearPotion"},{"floor":5.0,"key":"Block Potion"},{"floor":10.0,"key":"EntropicBrew"},{"floor":16.0,"key":"LiquidMemories"},{"floor":18.0,"key":"DuplicationPotion"},{"floor":21,"key":"Ancient Potion"},{"floor":22,"key":"Swift Potion"},{"floor":24,"key":"Energy Potion"}],"is_trial":false,"path_per_floor":["M","?","M","M","M","E","R","?","T","E","M","?","R","?","R","B",null,"M","?","M","M","M","R","M","E"],"character_chosen":"THE_SILENT","items_purchased":[],"campfire_rested":1,"item_purchase_floors":[],"current_hp_per_floor":[59,52,51,51,47,25,25,25,25,5,5,5,23,28,28,12,52,52,52,48,45,28,28,10,10,10],"gold":49,"neow_bonus":"BOSS_RELIC","is_daily":false,"chose_seed":false,"campfire_upgraded":3,"win_rate":0.0,"timestamp":1609447648,"path_taken":["M","?","M","M","M","E","R","?","T","E","M","?","R","?","R","BOSS","M","?","M","?","M","R","M","E"],"items_purchased_type":[],"build_version":"2020-12-18","purchased_purges":0,"victory":false,"max_hp_per_floor":[66,66,66,66,66,66,66,60,60,60,60,60,60,65,65,65,65,65,65,65,65,65,65,65,65,65],"relic_stats":{"counters":[14,64],"Golden Idol":51,"Ectoplasm":356,"Pen Nib":[8],"obtain_stats":[{"Golden Idol":8,"SacredBark":17,"Ectoplasm":0,"Pen Nib":9,"Ancient Tea Set":6,"White Beast Statue":10,"Ring of the Snake":0},{"Golden Idol":5,"SacredBark":8,"Ectoplasm":0,"Pen Nib":5,"Ancient Tea Set":5,"White Beast Statue":6,"Ring of the Snake":0},{"Golden Idol":22,"SacredBark":36,"Ectoplasm":0,"Pen Nib":22,"Ancient Tea Set":22,"White Beast Statue":26,"Ring of the Snake":0}]},"card_choices":[{"not_picked":["Outmaneuver","Deflect"],"picked":"Riddle With Holes","floor":1.0},{"not_picked":["Slice","Acrobatics"],"picked":"Cloak And Dagger","floor":3.0},{"not_picked":["Deadly Poison","Prepared"],"picked":"Predator","floor":4.0},{"not_picked":["PiercingWail","Skewer"],"picked":"Dagger Throw","floor":5.0},{"not_picked":["Bane","Outmaneuver"],"picked":"Noxious Fumes","floor":6.0},{"not_picked":["Flechettes","Sucker Punch"],"picked":"Glass Knife","floor":10.0},{"not_picked":["Dodge and Roll","Dagger Spray"],"picked":"Footwork","floor":11.0},{"not_picked":["A Thousand Cuts","Glass Knife"],"picked":"Night Terror","floor":16.0},{"not_picked":["Infinite Blades","Sucker Punch"],"picked":"Poisoned Stab","floor":18.0},{"not_picked":["Prepared","Dagger Spray"],"picked":"PiercingWail","floor":20.0},{"not_picked":["Heel Hook","Skewer"],"picked":"Well Laid Plans","floor":21},{"not_picked":["Underhanded Strike+1","Dodge and Roll"],"picked":"Deadly Poison","floor":22},{"not_picked":["Riddle With Holes","Cloak And Dagger"],"picked":"PiercingWail","floor":24}],"player_experience":242913,"relics_obtained":[{"floor":6.0,"key":"Ancient Tea Set"},{"floor":9.0,"key":"Pen Nib"},{"floor":10.0,"key":"White Beast Statue"}],"event_choices":[{"cards_removed":["Strike_G"],"damage_healed":0.0,"max_hp_gain":0.0,"max_hp_loss":0.0,"gold_gain":0.0,"event_name":"Golden Wing","player_choice":"Card Removal","floor":2.0,"gold_loss":0.0,"damage_taken":7.0},{"damage_healed":0.0,"max_hp_gain":0.0,"max_hp_loss":6.0,"gold_gain":0.0,"event_name":"Golden Idol","player_choice":"Lose Max HP","floor":8.0,"gold_loss":0.0,"damage_taken":0.0,"relics_obtained":["Golden Idol"]},{"damage_healed":0.0,"max_hp_gain":0.0,"max_hp_loss":0.0,"gold_gain":0.0,"event_name":"Liars Game","player_choice":"Ignored","floor":12.0,"gold_loss":0.0,"damage_taken":0.0},{"damage_healed":0.0,"max_hp_gain":5.0,"max_hp_loss":0.0,"gold_gain":0.0,"event_name":"Big Fish","player_choice":"Donut","floor":14.0,"gold_loss":0.0,"damage_taken":0.0},{"damage_healed":0.0,"max_hp_gain":0.0,"max_hp_loss":0.0,"gold_gain":0.0,"event_name":"Designer","player_choice":"Upgrade","floor":19.0,"gold_loss":50.0,"damage_taken":0.0,"cards_upgraded":["Night Terror"]}],"is_beta":true,"boss_relics":[{"not_picked":["Astrolabe","WristBlade"],"picked":"SacredBark"}],"items_purged_floors":[],"is_endless":false,"potions_floor_spawned":[1,5,10,11,16,18,20,21,22,24],"killed_by":"Gremlin Leader","ascension_level":20}}