{"host":"jm9833yuloeli2yd","time":1609380552,"event":{"mods":["AchievementEnabler","BaseMod","Better Altar","Better Match","Better Note","Better Sensory Stone","Better Skull","Better Third Choice","Better Vampires","BetterRewards","Colored Map","Colored Powertips","DeckTracker","Marked Mod","Minty Spire (QoL Compilation)","Permanent Neow","Quick Restart","StSLib","SuperFastMode"],"gold_per_floor":[118,130,146,27,27,27,56,73,73,73,105,105,105,138,138,211,211,231,247,12,22,40,40,66,38,63,90,90,110,138,157,157,231,231,244,294,192,212,212,212],"floor_reached":39,"playtime":1340,"items_purged":["Defend_B","Strike_B","Strike_B"],"score":1268,"play_id":"984a0dbe-d37f-4b24-b5c6-18f1b0b685ae","local_time":"20201230210912","is_ascension_mode":true,"campfire_choices":[{"data":"Loop","floor":6.0,"key":"SMITH"},{"data":"Static Discharge","floor":12.0,"key":"SMITH"},{"data":"Rip and Tear","floor":15.0,"key":"SMITH"},{"data":"Seek","floor":23.0,"key":"SMITH"},{"floor":28,"key":"REST"},{"data":"Hologram","floor":32,"key":"SMITH"}],"circlet_count":0,"master_deck":["AscendersBane","Strike_B+1","Defend_B","Defend_B","Defend_B","Zap","Dualcast","Self Repair","Rip and Tear+1","Leap+1","Loop+1","Chill","Force Field","Glacier","Static Discharge+1","FTL","Seek+1","Hologram+1","FTL","Self Repair","Rainbow","Barrage","Rip and Tear","Leap+1"],"relics":["Cracked Core","Membership Card","Bronze Scales","CaptainsWheel","Blood Vial","Calipers","Shuriken","Turnip","NlothsMask","Mango","Runic Pyramid","Runic Capacitor","Anchor","MealTicket","Akabeko","SlaversCollar"],"acts_visited":["Exordium","TheCity","TheBeyond"],"potions_floor_usage":[27,27,33,38,39],"damage_taken":[{"damage":9.0,"enemies":"Jaw Worm","floor":1.0,"turns":3.0},{"damage":1.0,"enemies":"Small Slimes","floor":2.0,"turns":3.0},{"damage":1.0,"enemies":"Cultist","floor":3.0,"turns":3.0},{"damage":0.0,"enemies":"3 Sentries","floor":7.0,"turns":8.0},{"damage":10.0,"enemies":"Lots of Slimes","floor":8.0,"turns":3.0},{"damage":4.0,"enemies":"Lagavulin","floor":11.0,"turns":8.0},{"damage":6.0,"enemies":"3 Sentries","floor":14.0,"turns":7.0},{"damage":2.0,"enemies":"The Guardian","floor":16.0,"turns":11.0},{"damage":5.0,"enemies":"Shell Parasite","floor":18.0,"turns":5.0},{"damage":24.0,"enemies":"Chosen","floor":19.0,"turns":5.0},{"damage":20.0,"enemies":"Snake Plant","floor":21.0,"turns":4.0},{"damage":15.0,"enemies":"Snecko","floor":22.0,"turns":6.0},{"damage":24.0,"enemies":"Book of Stabbing","floor":24.0,"turns":5.0},{"damage":30,"enemies":"Slavers","floor":27,"turns":10},{"damage":6,"enemies":"Centurion and Healer","floor":29,"turns":7},{"damage":11,"enemies":"Gremlin Leader","floor":30,"turns":6},{"damage":9,"enemies":"Snake Plant","floor":31,"turns":4},{"damage":13,"enemies":"Champ","floor":33,"turns":15},{"damage":1,"enemies":"3 Shapes","floor":35,"turns":4},{"damage":4,"enemies":"Orb Walker","floor":38,"turns":4},{"damage":96,"enemies":"2 Orb Walkers","floor":39,"turns":5}],"seed_played":"-4279177162841423422","potions_obtained":[{"floor":1.0,"key":"Fire Potion"},{"floor":14.0,"key":"SmokeBomb"},{"floor":19.0,"key":"Dexterity Potion"},{"floor":30,"key":"PotionOfCapacity"},{"floor":31,"key":"Ancient Potion"},{"floor":35,"key":"AttackPotion"},{"floor":38,"key":"Strength Potion"}],"is_trial":false,"path_per_floor":["M","M","M","$","?","R","E","M","T","?","E","R","?","E","R","B",null,"M","M","$","M","M","R","E","$","T","E","R","M","E","M","R","B",null,"M","?","$","M","?"],"character_chosen":"DEFECT","items_purchased":["Self Repair","Membership Card","Rip and Tear","FocusPotion","Blood Vial","Runic Capacitor","FTL","CultistPotion","SpeedPotion","Rip and Tear"],"campfire_rested":1,"item_purchase_floors":[0,0,0,0,4,20,20,20,25,37],"current_hp_per_floor":[55,54,60,60,39,39,48,47,47,40,45,45,45,62,62,69,81,85,68,68,57,51,51,36,36,36,15,40,43,41,48,48,51,77,85,85,85,85,0,0],"gold":212,"neow_bonus":"","is_daily":false,"chose_seed":false,"campfire_upgraded":5,"win_rate":0.0,"timestamp":1609380552,"path_taken":["M","M","M","$","?","R","E","M","T","?","E","R","?","E","R","BOSS","M","?","?","M","?","R","E","$","T","E","R","M","E","M","R","BOSS","M","?","$","?","?"],"items_purchased_type":["Card","Relic","Card","Potion","Relic","Relic","Card","Potion","Potion","Card"],"build_version":"2020-12-22","purchased_purges":3,"victory":false,"max_hp_per_floor":[71,71,71,71,71,71,71,71,71,71,71,71,71,85,85,85,85,85,85,85,85,85,85,85,85,85,85,85,85,85,85,85,85,85,85,85,85,85,85,85],"card_choices":[{"not_picked":["Compile Driver","Doom and Gloom"],"picked":"Loop","floor":1.0},{"not_picked":["White Noise","Coolheaded"],"picked":"Chill","floor":2.0},{"not_picked":["Hologram","Steam","White Noise"],"picked":"SKIP","floor":3.0},{"not_picked":["Redo","Rip and Tear"],"picked":"Force Field","floor":7.0},{"not_picked":["Rip and Tear","Hologram"],"picked":"Glacier","floor":8.0},{"not_picked":["Steam","Turbo"],"picked":"Static Discharge","floor":11.0},{"not_picked":["Hologram","Steam"],"picked":"FTL","floor":14.0},{"not_picked":["Thunder Strike","Meteor Strike"],"picked":"Seek","floor":16.0},{"not_picked":["Compile Driver","Rebound","Sweeping Beam"],"picked":"SKIP","floor":18.0},{"not_picked":["Doom and Gloom","Conserve Battery"],"picked":"Hologram","floor":19.0},{"not_picked":["Storm","Stack","Coolheaded"],"picked":"SKIP","floor":21.0},{"not_picked":["Hologram","Reprogram","Steam"],"picked":"SKIP","floor":22.0},{"not_picked":["Streamline","Stack+1","Aggregate"],"picked":"SKIP","floor":24.0},{"not_picked":["Reprogram","Sweeping Beam","Hologram"],"picked":"SKIP","floor":27},{"not_picked":["Barrage","Streamline","Stack"],"picked":"SKIP","floor":29},{"not_picked":["Fission","Stack"],"picked":"Self Repair","floor":30},{"not_picked":["Blizzard","Heatsinks","Steam+1"],"picked":"SKIP","floor":31},{"not_picked":["Hyperbeam","Seek"],"picked":"Rainbow","floor":33},{"not_picked":["Gash","Leap"],"picked":"Barrage","floor":35},{"not_picked":["Leap+1","Rebound+1","Reinforced Body"],"picked":"SKIP","floor":38},{"not_picked":["Rebound+1","Reinforced Body"],"picked":"Leap+1","floor":38}],"player_experience":1200588,"relics_obtained":[{"floor":7.0,"key":"Calipers"},{"floor":9.0,"key":"Shuriken"},{"floor":11.0,"key":"Turnip"},{"floor":14.0,"key":"Mango"},{"floor":24.0,"key":"Anchor"},{"floor":27,"key":"MealTicket"},{"floor":30,"key":"Akabeko"}],"event_choices":[{"damage_healed":60.0,"max_hp_gain":0.0,"max_hp_loss":71.0,"gold_gain":0.0,"event_name":"betterThird:BetterShining","player_choice":"Upgrade","floor":5.0,"gold_loss":0.0,"damage_taken":21.0,"cards_upgraded":["Strike_B","Leap"]},{"cards_removed":["Strike_B"],"damage_healed":0.0,"max_hp_gain":0.0,"max_hp_loss":0.0,"gold_gain":0.0,"event_name":"Golden Wing","player_choice":"Card Removal","floor":10.0,"gold_loss":0.0,"damage_taken":7.0},{"damage_healed":0.0,"max_hp_gain":0.0,"max_hp_loss":0.0,"gold_gain":0.0,"event_name":"FaceTrader","player_choice":"Trade","floor":13.0,"gold_loss":0.0,"damage_taken":0.0,"relics_obtained":["NlothsMask"]},{"damage_healed":0,"gold_gain":50,"player_choice":"Pray","damage_taken":0,"max_hp_gain":0,"max_hp_loss":0,"event_name":"Golden Shrine","floor":36,"gold_loss":0},{"damage_healed":0,"gold_gain":0,"player_choice":"Fight","damage_taken":0,"max_hp_gain":0,"max_hp_loss":0,"event_name":"Mysterious Sphere","floor":39,"gold_loss":0}],"is_beta":false,"boss_relics":[{"not_picked":["Snecko Eye","Velvet Choker"],"picked":"Runic Pyramid"},{"not_picked":["Cursed Key","Tiny House"],"picked":"SlaversCollar"}],"items_purged_floors":[4,20,37],"is_endless":false,"potions_floor_spawned":[1,2,14,19,21,22,30,31,35,38],"killed_by":"2 Orb Walkers","ascension_level":20}}