{"host":"3qkmyeoym75lj4wn","time":1609381790,"event":{"mods":["2.2 Compatiblity","Act Like it!","BaseMod","Bestiary","Block Reminder","Colored Powertips","Highlight Path","Minty Spire (QoL Compilation)","Permanent Neow","Rare Cards Sparkle","Relic Stats","StSLib"],"gold_per_floor":[219,229,33,43,56,56,87,87,87,237,288,319,319,348,348,424,424,439,449,462,462,474,502,502,537,537,213,224,274,24,24,24],"floor_reached":31,"playtime":1105,"items_purged":["Injury"],"score":636,"play_id":"c9b46e35-2213-489d-b663-eadcbf7fc5d8","local_time":"20201231022950","is_ascension_mode":true,"campfire_choices":[{"data":"Bouncing Flask","floor":6.0,"key":"SMITH"},{"floor":8.0,"key":"REST"},{"floor":13.0,"key":"REST"},{"data":"Footwork","floor":15.0,"key":"SMITH"},{"data":"Sadistic Nature","floor":24.0,"key":"SMITH"}],"circlet_count":0,"master_deck":["AscendersBane","Strike_G","Strike_G","Strike_G","Strike_G","Strike_G","Defend_G","Defend_G","Defend_G","Defend_G","Defend_G","Survivor","Neutralize","Slice","Quick Slash","Sadistic Nature+1","Bouncing Flask+1","Footwork+1","Blade Dance","Backstab","Leg Sweep","Malaise","Noxious Fumes+1","PiercingWail","Dash+1","Catalyst","Outmaneuver+1","Footwork+1","Envenom+1","Noxious Fumes+1"],"relics":["Ring of the Snake","Darkstone Periapt","Frozen Egg 2","Happy Flower","White Beast Statue","Cursed Key","Art of War","Ice Cream","Sundial","Chemical X","Medical Kit"],"acts_visited":["Exordium","TheCity"],"potions_floor_usage":[31,31],"damage_taken":[{"damage":0.0,"enemies":"Cultist","floor":1.0,"turns":5.0},{"damage":0.0,"enemies":"Small Slimes","floor":2.0,"turns":5.0},{"damage":2.0,"enemies":"Jaw Worm","floor":4.0,"turns":4.0},{"damage":11.0,"enemies":"Exordium Thugs","floor":5.0,"turns":4.0},{"damage":29.0,"enemies":"3 Sentries","floor":7.0,"turns":10.0},{"damage":28.0,"enemies":"Gremlin Nob","floor":12.0,"turns":4.0},{"damage":6.0,"enemies":"3 Sentries","floor":14.0,"turns":7.0},{"damage":19.0,"enemies":"Hexaghost","floor":16.0,"turns":11.0},{"damage":0.0,"enemies":"Chosen","floor":18.0,"turns":5.0},{"damage":0.0,"enemies":"3 Byrds","floor":19.0,"turns":3.0},{"damage":0.0,"enemies":"Snecko","floor":20.0,"turns":5.0},{"damage":17.0,"enemies":"Centurion and Healer","floor":22.0,"turns":6.0},{"damage":0.0,"enemies":"Gremlin Leader","floor":23.0,"turns":7.0},{"damage":8.0,"enemies":"Book of Stabbing","floor":25.0,"turns":4.0},{"damage":47.0,"enemies":"Cultist and Chosen","floor":28.0,"turns":8.0},{"damage":24,"enemies":"Snake Plant","floor":31,"turns":2}],"seed_played":"6113134078783322210","potions_obtained":[{"floor":4.0,"key":"GamblersBrew"},{"floor":5.0,"key":"Block Potion"},{"floor":12.0,"key":"CunningPotion"},{"floor":14.0,"key":"SteroidPotion"},{"floor":16.0,"key":"FairyPotion"},{"floor":18.0,"key":"Fire Potion"},{"floor":28.0,"key":"LiquidBronze"}],"is_trial":false,"path_per_floor":["M","M","$","M","M","R","E","R","T","?","T","E","R","E","R","B",null,"M","M","M","?","M","E","R","E","T","$","M","?","$","M"],"character_chosen":"THE_SILENT","items_purchased":["Sadistic Nature","Footwork+1","Chemical X","Medical Kit","Noxious Fumes+1"],"campfire_rested":2,"item_purchase_floors":[3,27,27,30,30],"current_hp_per_floor":[59,59,59,57,46,46,17,36,36,42,42,14,35,29,29,10,57,57,57,57,57,40,40,40,32,38,38,23,23,23,0,0],"gold":24,"neow_bonus":"HUNDRED_GOLD","is_daily":false,"chose_seed":false,"campfire_upgraded":3,"win_rate":0.0,"timestamp":1609381790,"path_taken":["M","M","$","?","?","R","E","R","T","?","?","E","R","E","R","BOSS","M","M","M","?","?","E","R","E","T","$","M","?","$","M"],"items_purchased_type":["Card","Card","Relic","Relic","Card"],"build_version":"2020-12-22","purchased_purges":1,"victory":false,"max_hp_per_floor":[66,66,66,66,66,66,66,66,66,72,72,72,72,72,72,72,72,72,72,72,72,72,72,72,72,78,78,78,78,78,78,78],"relic_stats":{"Darkstone Periapt":12,"Happy Flower":[19],"counters":[16,90],"Sundial":[0],"Art of War":[1],"Chemical X":[2],"Cursed Key":1,"Medical Kit":[0],"obtain_stats":[{"Darkstone Periapt":7,"Ice Cream":25,"Happy Flower":12,"Sundial":26,"Art of War":23,"Chemical X":27,"Frozen Egg 2":9,"Cursed Key":17,"Medical Kit":30,"White Beast Statue":14,"Ring of the Snake":0},{"Darkstone Periapt":5,"Ice Cream":14,"Happy Flower":6,"Sundial":14,"Art of War":13,"Chemical X":14,"Frozen Egg 2":5,"Cursed Key":8,"Medical Kit":15,"White Beast Statue":7,"Ring of the Snake":0},{"Darkstone Periapt":28,"Ice Cream":80,"Happy Flower":32,"Sundial":80,"Art of War":76,"Chemical X":80,"Frozen Egg 2":28,"Cursed Key":50,"Medical Kit":88,"White Beast Statue":39,"Ring of the Snake":0}],"Ring of the Snake":[32]},"card_choices":[{"not_picked":["Finisher","Prepared"],"picked":"Slice","floor":1.0},{"not_picked":["Cloak And Dagger","Tactician"],"picked":"Quick Slash","floor":2.0},{"not_picked":["PiercingWail","Cloak And Dagger"],"picked":"Bouncing Flask","floor":4.0},{"not_picked":["Underhanded Strike","Deadly Poison"],"picked":"Footwork","floor":5.0},{"not_picked":["Cloak And Dagger","Dodge and Roll"],"picked":"Blade Dance","floor":7.0},{"not_picked":["Expertise","Backflip"],"picked":"Backstab","floor":12.0},{"not_picked":["Prepared","Deadly Poison"],"picked":"Leg Sweep","floor":14.0},{"not_picked":["Night Terror","Glass Knife"],"picked":"Malaise","floor":16.0},{"not_picked":["Blade Dance","Flying Knee"],"picked":"Noxious Fumes+1","floor":18.0},{"not_picked":["Outmaneuver","Expertise"],"picked":"PiercingWail","floor":19.0},{"not_picked":["Quick Slash","Tactician","Acrobatics"],"picked":"SKIP","floor":20.0},{"not_picked":["Dagger Spray","Die Die Die"],"picked":"Dash+1","floor":22.0},{"not_picked":["Accuracy+1","Tactician"],"picked":"Catalyst","floor":23.0},{"not_picked":["Cloak And Dagger","Deadly Poison"],"picked":"Outmaneuver+1","floor":25.0},{"not_picked":["Acrobatics","Dagger Spray"],"picked":"Envenom+1","floor":28.0}],"player_experience":1617635,"relics_obtained":[{"floor":7.0,"key":"Darkstone Periapt"},{"floor":9.0,"key":"Frozen Egg 2"},{"floor":12.0,"key":"Happy Flower"},{"floor":14.0,"key":"White Beast Statue"},{"floor":23.0,"key":"Art of War"},{"floor":25.0,"key":"Ice Cream"},{"floor":26.0,"key":"Sundial"}],"event_choices":[{"damage_healed":0.0,"max_hp_gain":0.0,"max_hp_loss":0.0,"gold_gain":150.0,"event_name":"Liars Game","player_choice":"AGREE","floor":10.0,"gold_loss":0.0,"damage_taken":0.0,"cards_obtained":["Doubt"]},{"cards_removed":["Doubt"],"damage_healed":0.0,"max_hp_gain":0.0,"max_hp_loss":0.0,"gold_gain":0.0,"event_name":"Fountain of Cleansing","player_choice":"Removed Curses","floor":21.0,"gold_loss":0.0,"damage_taken":0.0},{"damage_healed":0.0,"max_hp_gain":0.0,"max_hp_loss":0.0,"gold_gain":50.0,"event_name":"Nest","player_choice":"Stole From Cult","floor":29.0,"gold_loss":0.0,"damage_taken":0.0}],"is_beta":false,"boss_relics":[{"not_picked":["HoveringKite","SacredBark"],"picked":"Cursed Key"}],"items_purged_floors":[27],"is_endless":false,"potions_floor_spawned":[4,5,12,14,16,18,19,20,22,23,25,28],"killed_by":"Snake Plant","ascension_level":20}}