{"host":"rz01j32460kf2mtw","time":1609383058,"event":{"mods":["BaseMod","Koishi","Marisa????????","Minty Spire (QoL Compilation)","Prisma Mod","Quick Restart","StSLib","The Cursed","The Disciple","The Jungle","The Runesmith","The Servant 0.9.4"],"gold_per_floor":[110,122,122,122,153,153,184,184,265,304,304,18,18,18,18,164,164,182,4,4,33,84,84,197,197,197,197,270,343,361,449,449,597,597,618,637,677,677,748,748,842,940,1003,1117,1193,1276,1366,1412,1424,1456],"floor_reached":51,"playtime":4115,"items_purged":[],"score":899,"play_id":"36efc219-b7d3-4bb7-85fa-b7cdb36d448a","local_time":"20201230195058","is_ascension_mode":false,"campfire_choices":[{"data":"DC","floor":6,"key":"SMITH"},{"data":"UpSweep","floor":8,"key":"SMITH"},{"data":"GrandCross","floor":13,"key":"SMITH"},{"data":"DoubleSpark","floor":15,"key":"SMITH"},{"floor":23,"key":"DIG"},{"floor":25,"key":"DIG"},{"floor":32,"key":"DIG"},{"floor":40,"key":"DIG"},{"floor":49,"key":"DIG"}],"circlet_count":0,"master_deck":["Strike_MRS","Strike_MRS","Strike_MRS","Defend_MRS","Defend_MRS+1","Defend_MRS+1","MasterSpark","UpSweep+1","EarthLightRay","Robbery+1","DC+1","DoubleSpark+1","GrandCross+1","CasketOfStar","CurseOfTheBell","Parasite","Parasite","Singularity","6A","WitchOfGreed","FairyDestructionRay","GalacticHalo+1","DarkMatter+1","MilkyWay+1","MysteriousBeam+1","PropBag","MillisecondPulsars","DragonMeteor+1","Decay","WitchOfGreed","SporeBomb+1","EnergyFlow+1","Singularity","EventHorizon","BlazeAway+1"],"relics":["MiniHakkero","HornCleat","Mercury Hourglass","Akabeko","Pear","FossilizedHelix","Golden Idol","Calling Bell","ShroomBag","Darkstone Periapt","Shovel","TungstenRod","Tiny Chest","Gambling Chip","Toy Ornithopter","Ornamental Fan","White Beast Statue","Mummified Hand","Philosopher\u0027s Stone","MawBank","Omamori","War Paint","Art of War","Blood Vial","Bronze Scales"],"acts_visited":["Exordium","TheCity","TheBeyond"],"potions_floor_usage":[7,7,10,18,24,24,24,24,24,28,28,29,29,29,29,30,31,33,33,33,36,37,39,39,41,41,42,42,44,45,46,46,46,47,48,48,48,50,50],"damage_taken":[{"damage":0,"enemies":"Cultist","floor":1,"turns":3},{"damage":8,"enemies":"Jaw Worm","floor":2,"turns":4},{"damage":0,"enemies":"Small Slimes","floor":5,"turns":3},{"damage":24,"enemies":"Gremlin Gang","floor":7,"turns":5},{"damage":9,"enemies":"3 Sentries","floor":10,"turns":4},{"damage":27,"enemies":"Hexaghost","floor":16,"turns":7},{"damage":0,"enemies":"2 Thieves","floor":18,"turns":3},{"damage":0,"enemies":"Spheric Guardian","floor":21,"turns":1},{"damage":24,"enemies":"Cultist and Chosen","floor":22,"turns":5},{"damage":22,"enemies":"Gremlin Leader","floor":24,"turns":9},{"damage":0,"enemies":"Snecko","floor":28,"turns":5},{"damage":20,"enemies":"Book of Stabbing","floor":29,"turns":5},{"damage":12,"enemies":"Snake Plant","floor":30,"turns":2},{"damage":0,"enemies":"Gremlin Leader","floor":31,"turns":5},{"damage":88,"enemies":"Automaton","floor":33,"turns":10},{"damage":0,"enemies":"3 Darklings","floor":35,"turns":3},{"damage":0,"enemies":"Orb Walker","floor":36,"turns":2},{"damage":0,"enemies":"Jaw Worm Horde","floor":37,"turns":4},{"damage":15,"enemies":"Maw","floor":39,"turns":7},{"damage":64,"enemies":"Nemesis","floor":41,"turns":5},{"damage":0,"enemies":"3 Darklings","floor":42,"turns":2},{"damage":15,"enemies":"Giant Head","floor":44,"turns":7},{"damage":17,"enemies":"4 Shapes","floor":45,"turns":4},{"damage":11,"enemies":"Maw","floor":46,"turns":6},{"damage":14,"enemies":"Reptomancer","floor":47,"turns":4},{"damage":0,"enemies":"3 Darklings","floor":48,"turns":4},{"damage":57,"enemies":"Awakened One","floor":50,"turns":7}],"seed_played":"4167189003674442817","potions_obtained":[{"floor":2,"key":"Regen Potion"},{"floor":5,"key":"FearPotion"},{"floor":7,"key":"Fruit Juice"},{"floor":16,"key":"AttackPotion"},{"floor":18,"key":"EntropicBrew"},{"floor":22,"key":"Energy Potion"},{"floor":24,"key":"Block Potion"},{"floor":24,"key":"Regen Potion"},{"floor":28,"key":"StarNLove"},{"floor":28,"key":"EntropicBrew"},{"floor":29,"key":"Swift Potion"},{"floor":31,"key":"LiquidMemories"},{"floor":31,"key":"Ancient Potion"},{"floor":33,"key":"CultistPotion"},{"floor":35,"key":"SkillPotion"},{"floor":36,"key":"FearPotion"},{"floor":37,"key":"Dexterity Potion"},{"floor":37,"key":"GamblersBrew"},{"floor":39,"key":"LiquidBronze"},{"floor":39,"key":"StarNLove"},{"floor":41,"key":"GamblersBrew"},{"floor":41,"key":"SteroidPotion"},{"floor":42,"key":"SteroidPotion"},{"floor":44,"key":"BottledSpark"},{"floor":44,"key":"Regen Potion"},{"floor":45,"key":"Weak Potion"},{"floor":45,"key":"EssenceOfSteel"},{"floor":46,"key":"Strength Potion"},{"floor":46,"key":"SteroidPotion"},{"floor":46,"key":"SpeedPotion"},{"floor":47,"key":"Swift Potion"},{"floor":48,"key":"LiquidBronze"},{"floor":48,"key":"Fire Potion"}],"is_trial":false,"path_per_floor":["M","M","?","T","M","R","M","R","T","E","T","$","R","?","R","B",null,"M","$","?","M","M","R","E","R","T","?","M","E","M","E","R","B",null,"M","M","M","?","M","R","E","M","T","E","M","M","E","M","R","B",null],"character_chosen":"MARISA","items_purchased":["FossilizedHelix","6A","WitchOfGreed","DistilledChaos"],"campfire_rested":0,"item_purchase_floors":[12,19,19,19],"current_hp_per_floor":[54,50,50,50,54,54,43,43,43,43,53,53,53,53,53,30,83,83,83,89,89,72,72,60,60,60,60,89,69,70,79,79,3,89,89,89,89,95,84,84,37,51,51,49,39,66,63,84,84,44],"gold":1468,"neow_bonus":"REMOVE_TWO","is_daily":false,"chose_seed":false,"campfire_upgraded":4,"win_rate":0.0,"timestamp":1609383058,"path_taken":["M","?","?","?","M","R","?","R","T","E","?","$","R","?","R","BOSS","M","$","?","M","M","R","E","R","T","?","M","E","M","E","R","BOSS","M","M","?","?","M","R","E","M","T","E","M","M","E","M","R","BOSS"],"items_purchased_type":["Relic","Card","Card","Potion"],"build_version":"2020-12-22","purchased_purges":0,"victory":true,"max_hp_per_floor":[75,75,75,75,75,75,75,75,75,80,90,90,90,83,83,83,83,83,83,89,89,89,89,89,89,89,89,89,89,89,89,89,89,89,89,89,89,95,95,95,95,95,95,95,95,95,95,95,95,95],"card_choices":[{"not_picked":["NonDirectionalLaser","WitchLeyline"],"picked":"EarthLightRay","floor":1},{"not_picked":["Acceleration","NonDirectionalLaser"],"picked":"Robbery","floor":2},{"not_picked":["ShootTheMoon","GrandCross"],"picked":"DC","floor":5},{"not_picked":["Occultation","BigCrunch"],"picked":"DoubleSpark","floor":7},{"not_picked":["LuminesStrike","Acceleration"],"picked":"GrandCross","floor":10},{"not_picked":["AbsoluteMagnitude","JA"],"picked":"CasketOfStar","floor":16},{"not_picked":["DoubleSpark","GrandCross"],"picked":"Singularity","floor":18},{"not_picked":["WitchLeyline","MachineGunSpark+1"],"picked":"FairyDestructionRay","floor":21},{"not_picked":["ManaConvection","UnstableBomb"],"picked":"GalacticHalo+1","floor":22},{"not_picked":["DeepEcoloBomb+1","EarthLightRay+1"],"picked":"DarkMatter+1","floor":24},{"not_picked":["GalacticHalo+1","UnstableBomb"],"picked":"MilkyWay+1","floor":28},{"not_picked":["MilkyWay+1","UnstableBomb"],"picked":"MysteriousBeam+1","floor":29},{"not_picked":["PowerUp","NonDirectionalLaser"],"picked":"PropBag","floor":30},{"not_picked":["Occultation","Orbital+1","DarkMatter"],"picked":"SKIP","floor":31},{"not_picked":["CasketOfStar","StarDustReverie"],"picked":"MillisecondPulsars","floor":33},{"not_picked":["GravityBeat+1","AsteroidBelt","DC+1"],"picked":"SKIP","floor":35},{"not_picked":["UnstableBomb+1","PowerUp+1"],"picked":"DragonMeteor+1","floor":36},{"not_picked":["NonDirectionalLaser","WitchLeyline","ShootingEcho"],"picked":"SKIP","floor":37},{"not_picked":["StarBarrage","OneTimeOff+1"],"picked":"WitchOfGreed","floor":39},{"not_picked":["DarkMatter+1","AsteroidBelt"],"picked":"SporeBomb+1","floor":41},{"not_picked":["GravityBeat","Singularity"],"picked":"EnergyFlow+1","floor":42},{"not_picked":["UnstableBomb+1","FairyDestructionRay+1"],"picked":"Singularity","floor":44},{"not_picked":["WitchLeyline","AbsoluteMagnitude","PulseMagic+1"],"picked":"SKIP","floor":45},{"not_picked":["OpenUniverse","NonDirectionalLaser"],"picked":"EventHorizon","floor":46},{"not_picked":["OneTimeOff","DoubleSpark"],"picked":"BlazeAway+1","floor":47},{"not_picked":["WitchOfGreed","StarBarrage","Robbery+1"],"picked":"SKIP","floor":48}],"player_experience":909210,"relics_obtained":[{"floor":4,"key":"HornCleat"},{"floor":9,"key":"Mercury Hourglass"},{"floor":10,"key":"Akabeko"},{"floor":11,"key":"Pear"},{"floor":17,"key":"ShroomBag"},{"floor":17,"key":"Darkstone Periapt"},{"floor":17,"key":"Shovel"},{"floor":23,"key":"TungstenRod"},{"floor":24,"key":"Tiny Chest"},{"floor":25,"key":"Gambling Chip"},{"floor":26,"key":"Toy Ornithopter"},{"floor":29,"key":"Ornamental Fan"},{"floor":31,"key":"White Beast Statue"},{"floor":32,"key":"Mummified Hand"},{"floor":40,"key":"MawBank"},{"floor":41,"key":"Omamori"},{"floor":43,"key":"War Paint"},{"floor":44,"key":"Art of War"},{"floor":47,"key":"Blood Vial"},{"floor":49,"key":"Bronze Scales"}],"event_choices":[{"damage_healed":0,"gold_gain":0,"player_choice":"Grow","damage_taken":0,"max_hp_gain":0,"max_hp_loss":0,"event_name":"Living Wall","floor":3,"gold_loss":0,"cards_upgraded":["Robbery"]},{"damage_healed":0,"gold_gain":0,"player_choice":"Lose Max HP","damage_taken":0,"relics_obtained":["Golden Idol"],"max_hp_gain":0,"max_hp_loss":7,"event_name":"Golden Idol","floor":14,"gold_loss":0},{"damage_healed":0,"gold_gain":0,"player_choice":"Smashed Altar","damage_taken":0,"max_hp_gain":0,"max_hp_loss":0,"event_name":"Forgotten Altar","floor":20,"gold_loss":0,"cards_obtained":["Decay"]},{"cards_removed":["Decay"],"damage_healed":0,"gold_gain":0,"player_choice":"Purged","damage_taken":0,"max_hp_gain":0,"max_hp_loss":0,"event_name":"Purifier","floor":27,"gold_loss":0},{"damage_healed":0,"gold_gain":0,"player_choice":"Cursed","damage_taken":0,"max_hp_gain":0,"max_hp_loss":0,"event_name":"Wheel of Change","floor":38,"gold_loss":0,"cards_obtained":["Decay"]}],"is_beta":false,"boss_relics":[{"not_picked":["Ectoplasm","SacredBark"],"picked":"Calling Bell"},{"not_picked":["RampagingMagicTools","Runesmith:UraniumAnvil"],"picked":"Philosopher\u0027s Stone"}],"items_purged_floors":[],"is_endless":false,"potions_floor_spawned":[2,5,7,16,18,24,28,29,31,33,35,36,37,39,42,45,46,48],"ascension_level":0}}