{"host":"vmo6qas4tfa0p776","time":1609447116,"event":{"mods":["AchievementEnabler","BaseMod","Bestiary","Better Altar","Better Match","Better Note","Better Sensory Stone","Better Skull","Better Third Choice","Colored Map","Downfall","Minty Spire (QoL Compilation)","Relic Stats","Robot Space Explorer","Spicy Shops","StSLib","The Marked"],"gold_per_floor":[109,124,141,7,7,35,35,50,50,61,61,75,138,164,164,164,164],"floor_reached":16,"playtime":424,"items_purged":[],"score":107,"play_id":"de2340d6-b903-4a1d-980f-81a772801cf4","local_time":"20201231153836","is_ascension_mode":true,"campfire_choices":[{"data":"Consecrate","floor":7,"key":"SMITH"},{"data":"Consecrate","floor":15,"key":"SMITH"}],"circlet_count":0,"master_deck":["Strike_P","Strike_P","Strike_P","Defend_P","Defend_P","Defend_P","Defend_P","Eruption","Vigilance","FollowUp","WheelKick","MentalFortress","FearNoEvil","Consecrate+1","Swivel","Consecrate+1","Tantrum","CrushJoints","BowlingBash"],"relics":["PureWater","NeowsBlessing","Pen Nib","Regal Pillow","Eternal Feather","Bag of Marbles"],"acts_visited":["Exordium"],"potions_floor_usage":[10,13,13],"damage_taken":[{"damage":0,"enemies":"Small Slimes","floor":1,"turns":1},{"damage":0,"enemies":"Cultist","floor":2,"turns":1},{"damage":0,"enemies":"2 Louse","floor":3,"turns":1},{"damage":2,"enemies":"Gremlin Nob","floor":6,"turns":3},{"damage":0,"enemies":"2 Fungi Beasts","floor":8,"turns":1},{"damage":0,"enemies":"Looter","floor":10,"turns":2},{"damage":0,"enemies":"Large Slime","floor":12,"turns":3},{"damage":0,"enemies":"Gremlin Nob","floor":13,"turns":2},{"damage":75,"enemies":"The Guardian","floor":16,"turns":4}],"seed_played":"8703670156025039818","potions_obtained":[{"floor":6,"key":"AttackPotion"},{"floor":8,"key":"ColorlessPotion"},{"floor":10,"key":"FearPotion"},{"floor":12,"key":"FearPotion"}],"is_trial":false,"path_per_floor":["M","M","M","$","?","E","R","M","T","M","?","M","?","T","R","B"],"character_chosen":"WATCHER","items_purchased":["MentalFortress","FearNoEvil"],"campfire_rested":0,"item_purchase_floors":[4,4],"current_hp_per_floor":[72,72,72,72,72,70,70,70,70,70,70,70,70,70,72,0,0],"gold":164,"neow_bonus":"THREE_ENEMY_KILL","is_daily":false,"chose_seed":false,"campfire_upgraded":2,"win_rate":0.0,"timestamp":1609447116,"path_taken":["M","M","M","$","?","E","R","M","T","?","?","M","?","?","R","BOSS"],"items_purchased_type":["Card","Card"],"build_version":"2020-12-22","purchased_purges":0,"victory":false,"max_hp_per_floor":[72,72,72,72,72,72,72,72,72,72,72,72,72,72,72,72,72],"relic_stats":{"Regal Pillow":0,"counters":[9,18],"Eternal Feather":2,"Pen Nib":[3],"obtain_stats":[{"Regal Pillow":9,"NeowsBlessing":0,"Eternal Feather":13,"Pen Nib":6,"Bag of Marbles":14,"PureWater":0},{"Regal Pillow":5,"NeowsBlessing":0,"Eternal Feather":8,"Pen Nib":4,"Bag of Marbles":8,"PureWater":0},{"Regal Pillow":7,"NeowsBlessing":0,"Eternal Feather":14,"Pen Nib":6,"Bag of Marbles":14,"PureWater":0}]},"card_choices":[{"not_picked":["Halt","Sanctity"],"picked":"FollowUp","floor":1},{"not_picked":["FlurryOfBlows","Halt"],"picked":"Conclude","floor":2},{"not_picked":["ThirdEye","Weave"],"picked":"WheelKick","floor":3},{"not_picked":["CutThroughFate","FlyingSleeves"],"picked":"Consecrate","floor":6},{"not_picked":["EmptyBody","ThirdEye"],"picked":"Swivel","floor":8},{"not_picked":["MentalFortress","PathToVictory"],"picked":"Consecrate","floor":10},{"not_picked":["Fasting2","ClearTheMind"],"picked":"CrushJoints","floor":12},{"not_picked":["TalkToTheHand","CrushJoints"],"picked":"BowlingBash","floor":13}],"player_experience":220120,"relics_obtained":[{"floor":6,"key":"Pen Nib"},{"floor":9,"key":"Regal Pillow"},{"floor":13,"key":"Eternal Feather"},{"floor":14,"key":"Bag of Marbles"}],"event_choices":[{"cards_removed":["Strike_P"],"damage_healed":0,"gold_gain":0,"player_choice":"Offered Basic","damage_taken":0,"max_hp_gain":0,"max_hp_loss":0,"event_name":"Bonfire Elementals","floor":5,"gold_loss":0},{"damage_healed":0,"gold_gain":0,"cards_transformed":["Conclude"],"player_choice":"Change","damage_taken":0,"max_hp_gain":0,"max_hp_loss":0,"event_name":"Living Wall","floor":11,"gold_loss":0,"cards_obtained":["Tantrum"]},{"damage_healed":0,"gold_gain":30,"player_choice":"Searched \u00272\u0027 times","damage_taken":0,"max_hp_gain":0,"max_hp_loss":0,"event_name":"Dead Adventurer","floor":13,"gold_loss":0}],"is_beta":false,"boss_relics":[],"items_purged_floors":[],"is_endless":false,"potions_floor_spawned":[6,8,10,12],"killed_by":"The Guardian","ascension_level":1}}