{"host":"bvr4vhlu71s3njyz","time":1609378949,"event":{"mods":["2.2 Compatiblity","AchievementEnabler","Act Like it!","Aspiration","Astrologer","Bard","BaseMod","Beaked The Cultist","Better Altar","Better Match","Better Note","Better Sensory Stone","Better Skull","Better Third Choice","CCEM","Conjunction","Downfall","Fiend Mod","Friendly Minions","Gremlin Mod","Hallownest","Hermit","Hubris","Infinite Spire","Jorbs\u0027s Wanderer Trilogy","Mad Scientist","Mimic Mod","Minty Spire (QoL Compilation)","Potionbrewer","Quarter Circle Forward PUNCH!","QueenMod","Replay The Spire","Robot Space Explorer","Shade Mod","Shedinja","Slumbering Mod","StSLib","The Blackbeard","The Bladedancer","The Bug Knight","The Caster","The Clintock","The Construct","The Cursed","The Dragon Tamer","The Exalted","The Forsaken","The Hayseed","The Hierophant","The Judge","The Mystic","The Necromancer","The Poker Player","The Runesmith","The Sage","The Showman","TheArtist","TheFirefly","TheLocksmith","Trackpad","Wandering Minibosses","thorton","vexMod"],"gold_per_floor":[113,113,125,141,6,6,36,36,60,60,60,60,79,91,91,190,190,202,202,202,202,202],"floor_reached":21,"playtime":1571,"items_purged":[],"score":177,"play_id":"7b4ee61e-36ee-44ac-870b-ef19e9a2ea3d","local_time":"20201230204229","is_ascension_mode":false,"campfire_choices":[{"data":"caster:NaturalChaos","floor":6,"key":"SMITH"},{"floor":10,"key":"REST"},{"data":"caster:DiamondDust","floor":12,"key":"SMITH"},{"floor":15,"key":"REST"}],"circlet_count":0,"master_deck":["caster:Meteor","caster:DivertFocus","caster:strike","caster:strike","caster:strike","caster:strike","caster:defend","caster:defend","caster:defend","caster:defend","caster:defend","caster:Unearth+1","caster:MagicResonance","caster:DiamondDust+1","caster:NaturalChaos+1","caster:Sleet","caster:DiablosFlame","caster:Fira+1","caster:Inferno","caster:MeteorStorm","caster:SunGoddessAmaterasu","caster:FrostDriver+1"],"relics":["caster:MagicBook","The Courier","qcfpunch:Red_Headband","Juzu Bracelet","vexMod:EndlessSickness","Bloody Idol"],"acts_visited":["Exordium","TheCity"],"potions_floor_usage":[],"damage_taken":[{"damage":0,"enemies":"theSlumbering:NewCultist","floor":1,"turns":7},{"damage":2,"enemies":"infinitespire:Voidling","floor":3,"turns":5},{"damage":0,"enemies":"Cultist","floor":4,"turns":4},{"damage":25,"enemies":"Replay:BlueRogue","floor":7,"turns":9},{"damage":0,"enemies":"Blue Slaver","floor":13,"turns":3},{"damage":43,"enemies":"3 Louse","floor":14,"turns":6},{"damage":27,"enemies":"The Guardian","floor":16,"turns":11},{"damage":41,"enemies":"Chosen","floor":18,"turns":8},{"damage":30,"enemies":"Spheric Guardian","floor":21,"turns":5}],"seed_played":"8946947786539511842","potions_obtained":[{"floor":3,"key":"DistilledChaos"},{"floor":4,"key":"FairyPotion"},{"floor":7,"key":"Reflective Coating"},{"floor":13,"key":"CultistPotion"}],"is_trial":false,"path_per_floor":["M","?","M","M","$","R","E","?","T","R","?","R","M","M","R","B",null,"M","?","?","M"],"character_chosen":"THE_CASTER","items_purchased":["caster:NaturalChaos","caster:Sleet"],"campfire_rested":2,"item_purchase_floors":[5,5],"current_hp_per_floor":[70,70,68,68,68,68,47,47,47,68,68,68,70,33,54,31,70,32,32,21,0,0],"gold":202,"neow_bonus":"TEN_PERCENT_HP_BONUS","is_daily":false,"chose_seed":false,"campfire_upgraded":2,"win_rate":0.0,"timestamp":1609378949,"path_taken":["M","?","?","M","?","R","E","?","T","R","?","R","M","M","R","BOSS","M","?","?","M"],"items_purchased_type":["Card","Card"],"build_version":"2020-12-22","purchased_purges":0,"victory":false,"max_hp_per_floor":[70,70,70,70,70,70,70,70,70,70,70,70,70,70,70,70,70,70,70,70,70,70],"card_choices":[{"not_picked":["caster:MegaloSpark","caster:LAZER"],"picked":"caster:Unearth","floor":1},{"not_picked":["caster:FlashSpeed","caster:LAZER"],"picked":"caster:MagicResonance","floor":3},{"not_picked":["caster:JupitelThunder","caster:Cryogenesis"],"picked":"caster:DiamondDust","floor":4},{"not_picked":["caster:FireWall","caster:BookThrow"],"picked":"caster:DiablosFlame","floor":7},{"not_picked":["caster:Tundra","caster:MagicWeapon"],"picked":"caster:Inferno","floor":13},{"not_picked":["caster:WallOfAsh","caster:SpontaneousCombustion"],"picked":"caster:MeteorStorm","floor":14},{"not_picked":["caster:StormGust","caster:EchoingVoice"],"picked":"caster:SunGoddessAmaterasu","floor":16},{"not_picked":["caster:Sultry","caster:MagicResonance+1"],"picked":"caster:FrostDriver+1","floor":18}],"player_experience":1251258,"relics_obtained":[{"floor":7,"key":"The Courier"},{"floor":9,"key":"qcfpunch:Red_Headband"}],"event_choices":[{"damage_healed":0,"gold_gain":0,"player_choice":"Upgraded","damage_taken":0,"max_hp_gain":0,"max_hp_loss":0,"event_name":"Upgrade Shrine","floor":2,"gold_loss":0,"cards_upgraded":["caster:Unearth"]},{"damage_healed":0,"gold_gain":0,"player_choice":"Ignored","damage_taken":0,"max_hp_gain":0,"max_hp_loss":0,"event_name":"betterNote:BetterNote","floor":19,"gold_loss":0,"cards_obtained":["Iron Wave"]},{"damage_healed":0,"gold_gain":0,"player_choice":" Idol ","damage_taken":35,"relics_obtained":["Bloody Idol"],"max_hp_gain":32,"max_hp_loss":21,"event_name":"betterAltar:BetterAltar","floor":20,"potions_obtained":[],"relics_lost":[],"gold_loss":0}],"is_beta":false,"boss_relics":[{"not_picked":["Coffee Dripper","vexMod:FluxCapacitor"],"picked":"vexMod:EndlessSickness"}],"items_purged_floors":[],"is_endless":false,"potions_floor_spawned":[3,4,7,13,18],"killed_by":"Spheric Guardian","ascension_level":0}}