{"host":"x1qj4d8ympd5jdqh","time":1609400735,"event":{"mods":["AchievementEnabler","AlwaysNeverKeys","BaseMod","Colored Map","Custom Start","DeckTracker","Highlight Path","Minty Spire (QoL Compilation)","StSLib","SuperFastMode"],"gold_per_floor":[119,135,150,55,65,92,167,167,191,191,222,222,222,251,251,331,331,356,383,392,405,56,56,94,94,118,138,168,36,52,71,71,152,152,172,187,187,207,207,234,234,263,263,263,263],"floor_reached":44,"playtime":1371,"items_purged":["Strike_R","Strike_R"],"score":1232,"play_id":"722b3341-7ef2-4376-8b3f-b542ef33e536","local_time":"20201231164535","is_ascension_mode":true,"campfire_choices":[{"floor":8.0,"key":"REST"},{"data":"Fiend Fire","floor":10.0,"key":"SMITH"},{"data":"Inflame","floor":13.0,"key":"SMITH"},{"data":"Sword Boomerang","floor":15.0,"key":"SMITH"},{"data":"Ghostly","floor":23.0,"key":"SMITH"},{"data":"Limit Break","floor":25.0,"key":"SMITH"},{"data":"Ghostly","floor":32.0,"key":"SMITH"},{"data":"Ghostly","floor":41,"key":"SMITH"}],"circlet_count":0,"master_deck":["AscendersBane","Strike_R","Strike_R","Strike_R","Defend_R","Defend_R","Defend_R","Defend_R","Bash","Wild Strike","Shrug It Off","Inflame+1","Evolve","Anger","Pummel","Fiend Fire+1","Sword Boomerang+1","Offering","Shrug It Off+1","Ghostly+1","Ghostly+1","Ghostly+1","Offering","Limit Break+1","Shockwave","Reaper","True Grit+1"],"relics":["Burning Blood","Red Skull","Bag of Marbles","CeramicFish","Matryoshka","Runic Pyramid","Sling","Dream Catcher","Art of War","Centennial Puzzle","Self Forming Clay","Philosopher\u0027s Stone","Strawberry","Bottled Lightning","Gambling Chip","Peace Pipe","InkBottle"],"acts_visited":["Exordium","TheCity","TheBeyond"],"potions_floor_usage":[],"damage_taken":[{"damage":7.0,"enemies":"2 Louse","floor":1.0,"turns":3.0},{"damage":9.0,"enemies":"Jaw Worm","floor":2.0,"turns":4.0},{"damage":4.0,"enemies":"Small Slimes","floor":3.0,"turns":3.0},{"damage":30.0,"enemies":"Exordium Thugs","floor":5.0,"turns":5.0},{"damage":32.0,"enemies":"3 Sentries","floor":6.0,"turns":8.0},{"damage":0.0,"enemies":"Lagavulin","floor":11.0,"turns":1.0},{"damage":9.0,"enemies":"2 Fungi Beasts","floor":14.0,"turns":2.0},{"damage":19.0,"enemies":"Hexaghost","floor":16.0,"turns":6.0},{"damage":6.0,"enemies":"Shell Parasite","floor":18.0,"turns":1.0},{"damage":8.0,"enemies":"2 Thieves","floor":21.0,"turns":4.0},{"damage":9.0,"enemies":"Slavers","floor":24.0,"turns":3.0},{"damage":12.0,"enemies":"Snecko","floor":27.0,"turns":1.0},{"damage":6.0,"enemies":"Book of Stabbing","floor":28.0,"turns":4.0},{"damage":2.0,"enemies":"Centurion and Healer","floor":30.0,"turns":4.0},{"damage":13.0,"enemies":"Shelled Parasite and Fungi","floor":31.0,"turns":5.0},{"damage":11.0,"enemies":"Automaton","floor":33.0,"turns":6.0},{"damage":8.0,"enemies":"3 Darklings","floor":35.0,"turns":4.0},{"damage":36.0,"enemies":"3 Shapes","floor":36.0,"turns":6.0},{"damage":22.0,"enemies":"Transient","floor":38.0,"turns":6.0},{"damage":2,"enemies":"Reptomancer","floor":40,"turns":3},{"damage":7,"enemies":"Giant Head","floor":42,"turns":7}],"seed_played":"-6664577058677952922","potions_obtained":[{"floor":5.0,"key":"DistilledChaos"},{"floor":11.0,"key":"Weak Potion"},{"floor":14.0,"key":"LiquidBronze"},{"floor":27.0,"key":"SteroidPotion"},{"floor":28.0,"key":"Weak Potion"},{"floor":31.0,"key":"Weak Potion"},{"floor":36.0,"key":"EssenceOfSteel"},{"floor":38.0,"key":"Strength Potion"}],"is_trial":false,"path_per_floor":["M","M","M","$","M","E","?","R","T","R","E","T","R","M","R","B",null,"M","?","?","M","$","R","E","R","T","M","E","$","M","M","R","B",null,"M","M","?","M","T","E","R","E","T","M"],"character_chosen":"IRONCLAD","items_purchased":["Evolve","Anger","Swift Potion","Sling","Weak Potion","Shockwave"],"campfire_rested":1,"item_purchase_floors":[4,4,22,22,22,29],"current_hp_per_floor":[74,71,73,73,49,23,12,36,36,36,42,42,42,39,39,26,68,68,41,41,39,39,39,36,36,36,30,30,30,34,27,27,22,36,34,27,27,41,48,48,48,47,47,0,0],"gold":263,"neow_bonus":"TEN_PERCENT_HP_BONUS","is_daily":false,"chose_seed":false,"campfire_upgraded":7,"win_rate":0.0,"timestamp":1609400735,"path_taken":["M","M","M","$","M","E","?","R","T","R","E","?","R","M","R","BOSS","M","?","?","?","$","R","E","R","T","M","E","$","M","M","R","BOSS","M","M","?","M","?","E","R","E","T","?"],"items_purchased_type":["Card","Card","Potion","Relic","Potion","Card"],"build_version":"2020-12-22","purchased_purges":2,"victory":false,"max_hp_per_floor":[82,82,82,82,82,82,82,82,82,82,82,82,82,82,82,82,82,82,41,41,41,41,41,41,41,41,41,41,41,41,41,41,41,41,41,41,41,41,48,48,48,48,48,48,48],"card_choices":[{"not_picked":["Havoc","Headbutt"],"picked":"Wild Strike","floor":1.0},{"not_picked":["Headbutt","Clash"],"picked":"Shrug It Off","floor":2.0},{"not_picked":["Warcry","Clothesline"],"picked":"Inflame","floor":3.0},{"not_picked":["Shrug It Off","Iron Wave"],"picked":"Pummel","floor":5.0},{"not_picked":["Perfected Strike","Spot Weakness"],"picked":"Fiend Fire","floor":6.0},{"not_picked":["Havoc","Twin Strike","Wild Strike"],"picked":"SKIP","floor":11.0},{"not_picked":["Spot Weakness","Metallicize"],"picked":"Sword Boomerang","floor":14.0},{"not_picked":["Feed","Fiend Fire"],"picked":"Offering","floor":16.0},{"not_picked":["Heavy Blade","Seeing Red"],"picked":"Shrug It Off+1","floor":18.0},{"not_picked":["Sword Boomerang","Evolve","Reckless Charge"],"picked":"SKIP","floor":21.0},{"not_picked":["Cleave","Body Slam"],"picked":"Limit Break","floor":24.0},{"not_picked":["Spot Weakness","Thunderclap+1","Flex"],"picked":"SKIP","floor":27.0},{"not_picked":["Pommel Strike","Flex","Heavy Blade"],"picked":"SKIP","floor":28.0},{"not_picked":["Combust","Havoc","Body Slam"],"picked":"SKIP","floor":30.0},{"not_picked":["Perfected Strike","Pummel","Flex+1"],"picked":"SKIP","floor":31.0},{"not_picked":["Bludgeon","Immolate"],"picked":"Reaper","floor":33.0},{"not_picked":["Clothesline","Entrench"],"picked":"True Grit+1","floor":35.0},{"not_picked":["Wild Strike+1","Headbutt","Heavy Blade"],"picked":"SKIP","floor":36.0},{"not_picked":["Uppercut","Flex","Havoc+1"],"picked":"SKIP","floor":38.0},{"not_picked":["Heavy Blade","Evolve","Headbutt+1"],"picked":"SKIP","floor":40},{"not_picked":["Body Slam","Cleave","Heavy Blade"],"picked":"SKIP","floor":42}],"player_experience":1296594,"relics_obtained":[{"floor":6.0,"key":"Red Skull"},{"floor":9.0,"key":"Bag of Marbles"},{"floor":11.0,"key":"CeramicFish"},{"floor":12.0,"key":"Matryoshka"},{"floor":24.0,"key":"Dream Catcher"},{"floor":26.0,"key":"Art of War"},{"floor":26.0,"key":"Centennial Puzzle"},{"floor":28.0,"key":"Self Forming Clay"},{"floor":39,"key":"Strawberry"},{"floor":39,"key":"Bottled Lightning"},{"floor":40,"key":"Gambling Chip"},{"floor":42,"key":"Peace Pipe"},{"floor":43,"key":"InkBottle"}],"event_choices":[{"damage_healed":0.0,"max_hp_gain":0.0,"max_hp_loss":0.0,"gold_gain":75.0,"event_name":"World of Goop","player_choice":"Gather Gold","floor":7.0,"gold_loss":0.0,"damage_taken":11.0},{"damage_healed":0.0,"max_hp_gain":0.0,"max_hp_loss":41.0,"gold_gain":0.0,"event_name":"Ghosts","player_choice":"Became a Ghost","floor":19.0,"gold_loss":0.0,"damage_taken":0.0,"cards_obtained":["Ghostly","Ghostly","Ghostly"]},{"damage_healed":0.0,"max_hp_gain":0.0,"max_hp_loss":0.0,"gold_gain":0.0,"event_name":"Duplicator","player_choice":"Copied","floor":20.0,"gold_loss":0.0,"damage_taken":0.0,"cards_obtained":["Offering"]},{"damage_healed":0.0,"max_hp_gain":0.0,"max_hp_loss":0.0,"gold_gain":0.0,"event_name":"SensoryStone","player_choice":"Memory 1","floor":37.0,"gold_loss":0.0,"damage_taken":0.0}],"is_beta":false,"boss_relics":[{"not_picked":["Cursed Key","Tiny House"],"picked":"Runic Pyramid"},{"not_picked":["Snecko Eye","Busted Crown"],"picked":"Philosopher\u0027s Stone"}],"items_purged_floors":[22,29],"is_endless":false,"potions_floor_spawned":[5,11,14,27,28,31,36,38],"killed_by":"4 Shapes","ascension_level":20}}