{"host":"k7udt7atmcuzf6l0","time":1609403092,"event":{"mods":["AchievementEnabler","BaseMod","Colored Map","Colored Powertips","Highlight Path","Minty Spire (QoL Compilation)","Quick Restart","Rare Cards Sparkle","StSLib","UnlockEverythingMod"],"gold_per_floor":[115,126,136,136,146,146,146,146,146,179,198,198,217,234,234,234,234],"floor_reached":16,"playtime":262,"items_purged":[],"score":104,"play_id":"93b62462-a982-4732-bb0d-0eeac77c4079","local_time":"20201231162452","is_ascension_mode":false,"campfire_choices":[{"data":"Infernal Blade","floor":6,"key":"SMITH"},{"data":"Spot Weakness","floor":8,"key":"SMITH"},{"data":"Pommel Strike","floor":12,"key":"SMITH"},{"data":"Dropkick","floor":15,"key":"SMITH"}],"circlet_count":0,"master_deck":["Strike_R","Strike_R","Strike_R","Strike_R","Strike_R","Defend_R","Defend_R","Defend_R","Defend_R","Bash","Dropkick+1","Headbutt","Infernal Blade+1","Regret","Spot Weakness+1","Pommel Strike+1"],"relics":["Burning Blood","NeowsBlessing","Mercury Hourglass","Letter Opener","HornCleat"],"acts_visited":["Exordium"],"potions_floor_usage":[5,10],"damage_taken":[{"damage":0,"enemies":"Jaw Worm","floor":1,"turns":1},{"damage":0,"enemies":"2 Louse","floor":2,"turns":1},{"damage":0,"enemies":"Cultist","floor":3,"turns":1},{"damage":13,"enemies":"Large Slime","floor":5,"turns":4},{"damage":40,"enemies":"Gremlin Nob","floor":10,"turns":5},{"damage":17,"enemies":"3 Louse","floor":11,"turns":2},{"damage":2,"enemies":"2 Fungi Beasts","floor":13,"turns":2},{"damage":10,"enemies":"Looter","floor":14,"turns":2},{"damage":0,"enemies":"Hexaghost","floor":16,"turns":2}],"seed_played":"5977134685192506398","potions_obtained":[{"floor":1,"key":"BloodPotion"},{"floor":3,"key":"Regen Potion"},{"floor":13,"key":"SpeedPotion"}],"is_trial":false,"path_per_floor":["M","M","M","?","M","R","$","R","T","E","M","R","M","M","R","B"],"character_chosen":"IRONCLAD","items_purchased":[],"campfire_rested":0,"item_purchase_floors":[],"current_hp_per_floor":[80,80,80,80,79,79,79,79,79,59,48,48,52,48,48,48,48],"gold":234,"neow_bonus":"THREE_ENEMY_KILL","is_daily":false,"chose_seed":false,"campfire_upgraded":4,"win_rate":0.0,"timestamp":1609403092,"path_taken":["M","M","M","?","M","R","$","R","T","E","M","R","M","M","R","BOSS"],"items_purchased_type":[],"build_version":"2020-12-22","purchased_purges":0,"victory":false,"max_hp_per_floor":[80,80,80,80,80,80,80,80,80,80,80,80,80,80,80,80,80],"card_choices":[{"not_picked":["Ghostly Armor","Shrug It Off"],"picked":"Dropkick","floor":1},{"not_picked":["Rupture","Flame Barrier"],"picked":"Headbutt","floor":2},{"not_picked":["True Grit","Armaments"],"picked":"Infernal Blade","floor":3},{"not_picked":["Pommel Strike","Power Through"],"picked":"Spot Weakness","floor":5},{"not_picked":["Havoc","Ghostly Armor"],"picked":"Pommel Strike","floor":10},{"not_picked":["Power Through","Evolve","Disarm"],"picked":"SKIP","floor":11},{"not_picked":["Flame Barrier","Impervious","Shrug It Off"],"picked":"SKIP","floor":13},{"not_picked":["Shrug It Off","Havoc","Second Wind"],"picked":"SKIP","floor":14}],"player_experience":34444,"relics_obtained":[{"floor":9,"key":"Letter Opener"},{"floor":10,"key":"HornCleat"}],"event_choices":[{"damage_healed":0,"gold_gain":0,"player_choice":"Box","damage_taken":0,"relics_obtained":["Mercury Hourglass"],"max_hp_gain":0,"max_hp_loss":0,"event_name":"Big Fish","floor":4,"gold_loss":0,"cards_obtained":["Regret"]}],"is_beta":false,"boss_relics":[],"items_purged_floors":[],"is_endless":false,"potions_floor_spawned":[1,3,13],"killed_by":"Hexaghost","ascension_level":0}}