{"host":"na09lpbrez4gbfiz","time":1609454996,"event":{"mods":["Act Like it!","BaseMod","BetterRewards","Colored Map","Colored Powertips","DeckTracker","Googly Eyes","Highlight Path","Minty Spire (QoL Compilation)","Quick Restart","Spicy Shops","StSLib","SuperFastMode","Synergy Search"],"gold_per_floor":[115,133,133,10,33,33,48,48,48,48,92,116,116,129,129,249,249,262,262,262],"floor_reached":19,"playtime":729,"items_purged":["Strike_R"],"score":262,"play_id":"4abb64b7-d556-41cf-987e-2ab00b3f5482","local_time":"20201231234956","is_ascension_mode":true,"campfire_choices":[{"data":"True Grit","floor":6,"key":"SMITH"},{"data":"Shrug It Off","floor":8,"key":"SMITH"},{"data":"Dropkick","floor":10,"key":"SMITH"},{"floor":13,"key":"REST"},{"floor":15,"key":"REST"}],"circlet_count":0,"master_deck":["AscendersBane","Strike_R","Strike_R","Strike_R","Defend_R","Defend_R","Defend_R","Bash","Intimidate","Dropkick+1","Shrug It Off+1","True Grit+1","Offering","Havoc","Offering"],"relics":["Burning Blood","Golden Idol","Peace Pipe","Dead Branch","SlaversCollar"],"acts_visited":["Exordium","TheCity"],"potions_floor_usage":[11,11,16,19],"damage_taken":[{"damage":3,"enemies":"Jaw Worm","floor":1,"turns":5},{"damage":9,"enemies":"2 Louse","floor":2,"turns":3},{"damage":7,"enemies":"Small Slimes","floor":5,"turns":5},{"damage":4,"enemies":"2 Fungi Beasts","floor":7,"turns":4},{"damage":24,"enemies":"Gremlin Nob","floor":11,"turns":4},{"damage":3,"enemies":"Blue Slaver","floor":12,"turns":4},{"damage":18,"enemies":"Large Slime","floor":14,"turns":4},{"damage":56,"enemies":"Slime Boss","floor":16,"turns":9},{"damage":18,"enemies":"Spheric Guardian","floor":18,"turns":3},{"damage":47,"enemies":"Masked Bandits","floor":19,"turns":3}],"seed_played":"-5736309448638290485","potions_obtained":[{"floor":1,"key":"Strength Potion"},{"floor":7,"key":"FearPotion"},{"floor":11,"key":"Dexterity Potion"},{"floor":16,"key":"ElixirPotion"}],"is_trial":false,"path_per_floor":["M","M","?","$","M","R","M","R","T","R","E","M","R","M","R","B",null,"M","?"],"character_chosen":"IRONCLAD","items_purchased":["Shrug It Off"],"campfire_rested":2,"item_purchase_floors":[4],"current_hp_per_floor":[72,69,51,51,50,50,52,52,52,52,34,37,58,46,67,17,58,46,0,0],"gold":262,"neow_bonus":"REMOVE_TWO","is_daily":false,"chose_seed":false,"campfire_upgraded":3,"win_rate":0.0,"timestamp":1609454996,"path_taken":["M","M","?","$","M","R","M","R","T","R","E","M","R","M","R","BOSS","M","?"],"items_purchased_type":["Card"],"build_version":"2020-12-22","purchased_purges":1,"victory":false,"max_hp_per_floor":[72,72,72,72,72,72,72,72,72,72,72,72,72,72,72,72,72,72,72,72],"card_choices":[{"not_picked":["Sword Boomerang","Thunderclap"],"picked":"Intimidate","floor":1},{"not_picked":["Iron Wave","Pummel"],"picked":"Dropkick","floor":2},{"not_picked":["Warcry","Flex"],"picked":"True Grit","floor":5},{"not_picked":["Power Through","Clothesline","Anger"],"picked":"SKIP","floor":7},{"not_picked":["Wild Strike","Heavy Blade","Pommel Strike"],"picked":"SKIP","floor":11},{"not_picked":["Sword Boomerang","Havoc"],"picked":"Offering","floor":12},{"not_picked":["Armaments","Carnage"],"picked":"Havoc","floor":14},{"not_picked":["Juggernaut","Impervious"],"picked":"Offering","floor":16},{"not_picked":["Pommel Strike","Sentinel","Uppercut"],"picked":"SKIP","floor":18}],"player_experience":251046,"relics_obtained":[{"floor":9,"key":"Peace Pipe"},{"floor":11,"key":"Dead Branch"}],"event_choices":[{"damage_healed":0,"gold_gain":0,"player_choice":"Take Damage","damage_taken":18,"relics_obtained":["Golden Idol"],"max_hp_gain":0,"max_hp_loss":0,"event_name":"Golden Idol","floor":3,"gold_loss":0},{"damage_healed":0,"gold_gain":0,"player_choice":"Fought Bandits","damage_taken":0,"max_hp_gain":0,"max_hp_loss":0,"event_name":"Masked Bandits","floor":19,"gold_loss":0}],"is_beta":false,"boss_relics":[{"not_picked":["Pandora\u0027s Box","SacredBark"],"picked":"SlaversCollar"}],"items_purged_floors":[4],"is_endless":false,"potions_floor_spawned":[1,7,11,16],"killed_by":"Masked Bandits","ascension_level":11}}