{"host":"klzxa3457b6fcx00","time":1609417719,"event":{"mods":["AchievementEnabler","BaseMod","Downfall","Minty Spire (QoL Compilation)","Replay The Spire","StSLib"],"gold_per_floor":[119,119,119,194,13,13,47,68,68,107,125,125,140,154,264,393,493,509,530,545,236,249,249,265,280,280,316,331,331,345,270,270,400,400,425,450,305,326,350,386,386,402,402,422,453,471,471,471,471,471],"floor_reached":51,"playtime":2165,"items_purged":["Guardian:Aged"],"score":995,"play_id":"487a6a24-1b06-4f7a-9542-7f958848a504","local_time":"20201231192839","is_ascension_mode":false,"campfire_choices":[{"floor":6,"key":"REST"},{"floor":12,"key":"REST"},{"floor":23,"key":"REST"},{"data":"Bash","floor":32,"key":"SMITH"},{"floor":41,"key":"REST"},{"floor":49,"key":"REST"}],"circlet_count":0,"master_deck":["Strike_R+1","Strike_R","Strike_R","Strike_R","Strike_R","Defend_R+1","Defend_R","Defend_R","Defend_R+2","Bash+1","Blood for Blood+1","Sword Boomerang+1","Perfected Strike+1","Shrug It Off","Cleave+1","ReplayTheSpireMod:LeadingStrike+1","Bludgeon+1","Uppercut+1","Shrug It Off+1","Sever Soul+1","Massacre+1","Whirlwind+1","Reckless Charge+1","Replay:Undeath\u0027s Touch+1","Wild Strike+1","Run Through+1","Flex+1","Anger+1","Wild Strike+1","Anger+1","Perfected Strike+1","Bludgeon+1","Delirium"],"relics":["Burning Blood","Lantern","Golden Idol","Molten Egg 2","Vajra","Shuriken","Replay:Bottled Flurry","Mercury Hourglass","Replay:Wanted Poster","Brimstone","Pet Ghost","Simple Rune","War Paint","Meat on the Bone","SlaversCollar","Potion Belt","Bag of Marbles","ReplayTheSpireMod:Shallot","ReplayTheSpireMod:Ring of Addiction","SacredBark","Toy Ornithopter","Ring of Hypnosis"],"acts_visited":["Exordium","TheCity","TheBeyond"],"potions_floor_usage":[19,33,40,44,50,50,50],"damage_taken":[{"damage":3,"enemies":"2 Louse","floor":1,"turns":2},{"damage":17,"enemies":"Replay:BlueRogue","floor":7,"turns":6},{"damage":11,"enemies":"Jaw Worm","floor":8,"turns":2},{"damage":14,"enemies":"Gremlin Nob","floor":10,"turns":3},{"damage":0,"enemies":"Cultist","floor":11,"turns":2},{"damage":16,"enemies":"Gremlin Gang","floor":13,"turns":3},{"damage":6,"enemies":"Exordium Wildlife","floor":14,"turns":2},{"damage":30,"enemies":"Hexaghost","floor":16,"turns":7},{"damage":9,"enemies":"3 Byrds","floor":18,"turns":3},{"damage":12,"enemies":"Shell Parasite","floor":19,"turns":2},{"damage":18,"enemies":"Centurion and Healer","floor":20,"turns":3},{"damage":15,"enemies":"Sentry and Sphere","floor":22,"turns":3},{"damage":2,"enemies":"3 Cultists","floor":24,"turns":2},{"damage":5,"enemies":"Centurion and Healer","floor":25,"turns":2},{"damage":21,"enemies":"Gremlin Leader","floor":27,"turns":3},{"damage":0,"enemies":"Snecko","floor":28,"turns":2},{"damage":0,"enemies":"Snake Plant","floor":30,"turns":2},{"damage":73,"enemies":"Pondfish","floor":33,"turns":7},{"damage":11,"enemies":"3 Shapes","floor":35,"turns":2},{"damage":0,"enemies":"3 Darklings","floor":36,"turns":1},{"damage":26,"enemies":"4 Shapes","floor":38,"turns":2},{"damage":36,"enemies":"Writhing Mass","floor":39,"turns":3},{"damage":35,"enemies":"Reptomancer","floor":40,"turns":3},{"damage":0,"enemies":"Jaw Worm Horde","floor":42,"turns":1},{"damage":0,"enemies":"Transient","floor":44,"turns":5},{"damage":9,"enemies":"R_Hoarder","floor":45,"turns":3},{"damage":3,"enemies":"Sphere and 2 Shapes","floor":46,"turns":2},{"damage":49,"enemies":"Time Eater","floor":50,"turns":5}],"seed_played":"-6182941686167901836","potions_obtained":[{"floor":1,"key":"Energy Potion"},{"floor":13,"key":"Guardian:BlockOnCardUsePotion"},{"floor":14,"key":"champ:CounterPotion"},{"floor":20,"key":"SteroidPotion"},{"floor":30,"key":"Elixir"},{"floor":39,"key":"Dexterity Potion"},{"floor":44,"key":"Weak Potion"},{"floor":45,"key":"SneckoOil"},{"floor":46,"key":"ElixirPotion"},{"floor":47,"key":"sneckomod:MuddlingPotion"}],"is_trial":false,"path_per_floor":["M","?","T","?","$","R","E","M","T","E","M","R","M","M","R","B",null,"M","M","M","$","M","R","M","M","T","E","M","?","M","$","R","B",null,"M","M","$","M","M","E","R","M","T","M","E","M","?","?","R","B",null],"character_chosen":"IRONCLAD","items_purchased":["Vajra","Blood for Blood+1","Brimstone","Pet Ghost","Potion Belt"],"campfire_rested":5,"item_purchase_floors":[5,5,21,21,37],"current_hp_per_floor":[80,60,60,49,49,73,62,57,57,49,55,79,69,69,69,45,80,77,71,59,59,50,74,78,79,79,64,70,70,76,76,76,21,80,75,80,80,60,42,25,49,55,55,61,58,61,61,61,80,47],"gold":471,"neow_bonus":"RANDOM_COMMON_RELIC","is_daily":false,"chose_seed":false,"campfire_upgraded":1,"win_rate":0.0,"timestamp":1609417719,"path_taken":["M","?","?","?","?","R","E","M","T","E","?","R","?","M","R","BOSS","M","?","M","$","M","R","M","M","T","E","M","?","M","$","R","BOSS","M","M","$","M","M","E","R","M","T","M","E","M","?","?","R","BOSS"],"items_purchased_type":["Relic","Card","Relic","Relic","Relic"],"build_version":"2020-12-22","purchased_purges":1,"victory":true,"max_hp_per_floor":[80,80,80,80,80,80,80,80,80,80,80,80,80,80,80,80,80,80,80,80,80,80,80,80,80,80,80,80,80,80,80,80,80,80,80,80,80,80,80,80,80,80,80,80,80,80,80,80,80,80],"card_choices":[{"not_picked":["Metallicize","Iron Wave","Power Through"],"picked":"SKIP","floor":1},{"not_picked":["Clash+1","Metallicize"],"picked":"Sword Boomerang+1","floor":7},{"not_picked":["Cleave+1","Limit Break"],"picked":"Perfected Strike+1","floor":8},{"not_picked":["True Grit","Dropkick+1"],"picked":"Shrug It Off","floor":10},{"not_picked":["Anger+1","ReplayTheSpireMod:Strike From Hell+1"],"picked":"Cleave+1","floor":11},{"not_picked":["Pommel Strike+1","Perfected Strike+1"],"picked":"ReplayTheSpireMod:LeadingStrike+1","floor":13},{"not_picked":["Dropkick+1","Rage","Pommel Strike+1"],"picked":"SKIP","floor":14},{"not_picked":["Demon Form","Double Tap"],"picked":"Bludgeon+1","floor":16},{"not_picked":["Sword Boomerang+1","Anger+1"],"picked":"Uppercut+1","floor":18},{"not_picked":["Feel No Pain+1","Iron Wave+1"],"picked":"Shrug It Off+1","floor":19},{"not_picked":["ReplayTheSpireMod:Corrosion Curse","Heavy Blade+1"],"picked":"Sever Soul+1","floor":20},{"not_picked":["True Grit","Rupture"],"picked":"Massacre+1","floor":22},{"not_picked":["Life Link","Twin Strike+1"],"picked":"Whirlwind+1","floor":24},{"not_picked":["Burning Pact","Entrench+1"],"picked":"Reckless Charge+1","floor":25},{"not_picked":["Entrench+1","Warcry"],"picked":"Replay:Undeath\u0027s Touch+1","floor":27},{"not_picked":["Abandon","Offering"],"picked":"Wild Strike+1","floor":28},{"not_picked":["Cleave+1","Blood for Blood+1"],"picked":"Run Through+1","floor":30},{"not_picked":["Infernal Blade+1","Headbutt+1"],"picked":"Flex+1","floor":35},{"not_picked":["Shockwave","Dark Embrace"],"picked":"Anger+1","floor":36},{"not_picked":["Cleave+1","Body Slam+1","Reaper+1"],"picked":"SKIP","floor":38},{"not_picked":["Pommel Strike+1","Warcry+1"],"picked":"Wild Strike+1","floor":39},{"not_picked":["Pommel Strike+1","Ghostly Armor"],"picked":"Anger+1","floor":40},{"not_picked":["Infernal Blade","Searing Blow+1"],"picked":"Perfected Strike+1","floor":42},{"not_picked":["Feel No Pain","Power Through"],"picked":"Bludgeon+1","floor":44},{"not_picked":["Double Tap","Burning Pact+1","Cleave+1"],"picked":"SKIP","floor":45},{"not_picked":["Shrug It Off","Power Through+1","Dual Wield"],"picked":"SKIP","floor":46}],"player_experience":223669,"relics_obtained":[{"floor":3,"key":"Molten Egg 2"},{"floor":7,"key":"Shuriken"},{"floor":9,"key":"Replay:Bottled Flurry"},{"floor":10,"key":"Mercury Hourglass"},{"floor":26,"key":"Simple Rune"},{"floor":27,"key":"War Paint"},{"floor":40,"key":"Bag of Marbles"},{"floor":45,"key":"ReplayTheSpireMod:Shallot"},{"floor":47,"key":"ReplayTheSpireMod:Ring of Addiction"},{"floor":47,"key":"SacredBark"},{"floor":47,"key":"Toy Ornithopter"},{"floor":47,"key":"Ring of Hypnosis"}],"event_choices":[{"damage_healed":0,"gold_gain":0,"player_choice":"Take Damage","damage_taken":20,"relics_obtained":["Golden Idol"],"max_hp_gain":0,"max_hp_loss":0,"event_name":"Golden Idol","floor":2,"gold_loss":0},{"damage_healed":0,"gold_gain":75,"player_choice":"Gather Gold","damage_taken":11,"max_hp_gain":0,"max_hp_loss":0,"event_name":"World of Goop","floor":4,"gold_loss":0},{"damage_healed":0,"gold_gain":0,"player_choice":"Ignored","damage_taken":0,"max_hp_gain":0,"max_hp_loss":0,"event_name":"Tomb of Lord Red Mask","floor":48,"gold_loss":0}],"is_beta":false,"boss_relics":[{"not_picked":["Replay:Drink Me","Kintsugi"],"picked":"Replay:Wanted Poster"},{"not_picked":["Cursed Key","ChewingGum"],"picked":"SlaversCollar"}],"items_purged_floors":[31],"is_endless":false,"potions_floor_spawned":[1,13,14,18,20,24,30,39,44,45,46],"ascension_level":0}}