{"host":"lix655q3qm1o3wym","time":1609406190,"event":{"mods":["Act Like it!","BaseMod","Colored Powertips","Downfall","Minty Spire (QoL Compilation)","StSLib"],"gold_per_floor":[119,133,147,166,144,184,184,184,184,217,261,261,15,62,62,197,197,221,266,191,209,209,209,209,209],"floor_reached":24,"playtime":1727,"items_purged":[],"score":313,"play_id":"324a913a-0c82-4dd6-b44c-ec33d32d0258","local_time":"20201231021630","is_ascension_mode":true,"campfire_choices":[{"data":"Ragnarok","floor":12,"key":"SMITH"},{"floor":15,"key":"REST"},{"data":"Study","floor":23,"key":"SMITH"}],"circlet_count":0,"master_deck":["Defend_P","Defend_P","Defend_P","Eruption+1","Vigilance","Indignation","Consecrate","Scrawl","Evaluate","Worship","Ragnarok+1","Collect","Study+1","Collect","Devotion","FearNoEvil","Bite","Bite","Bite","Bite","Alpha","LikeWater"],"relics":["PureWater","CeramicFish","Golden Idol","Question Card","Guardian:GemstoneGun","Regal Pillow","Akabeko","Busted Crown"],"acts_visited":["Exordium","TheCity"],"potions_floor_usage":[6,6,6,16],"damage_taken":[{"damage":8,"enemies":"2 Louse","floor":1,"turns":2},{"damage":0,"enemies":"Small Slimes","floor":2,"turns":2},{"damage":0,"enemies":"Jaw Worm","floor":3,"turns":1},{"damage":13,"enemies":"Blue Slaver","floor":4,"turns":3},{"damage":0,"enemies":"Gremlin Nob","floor":6,"turns":2},{"damage":5,"enemies":"2 Fungi Beasts","floor":10,"turns":3},{"damage":17,"enemies":"Lagavulin","floor":11,"turns":7},{"damage":0,"enemies":"Gremlin Nob","floor":14,"turns":1},{"damage":36,"enemies":"Hexaghost","floor":16,"turns":7},{"damage":6,"enemies":"3 Byrds","floor":18,"turns":3},{"damage":56,"enemies":"Gremlin Leader","floor":24,"turns":4}],"seed_played":"68894710264574857","potions_obtained":[{"floor":1,"key":"Regen Potion"},{"floor":2,"key":"Guardian:BlockOnCardUsePotion"},{"floor":3,"key":"Strength Potion"},{"floor":6,"key":"SpeedPotion"},{"floor":11,"key":"Fire Potion"}],"is_trial":false,"path_per_floor":["M","M","M","M","?","E","?","?","T","M","E","R","$","E","R","B",null,"M","?","?","?","?","R","E"],"character_chosen":"WATCHER","items_purchased":["Collect","Regal Pillow","Study"],"campfire_rested":1,"item_purchase_floors":[13,13,13],"current_hp_per_floor":[64,64,64,51,51,56,49,49,49,44,27,27,27,27,62,26,67,61,46,46,46,46,46,0,0],"gold":209,"neow_bonus":"UPGRADE_CARD","is_daily":false,"chose_seed":false,"campfire_upgraded":2,"win_rate":0.0,"timestamp":1609406190,"path_taken":["M","M","M","M","?","E","?","?","T","M","E","R","?","E","R","BOSS","M","?","?","?","?","R","E"],"items_purchased_type":["Card","Relic","Card"],"build_version":"2020-12-22","purchased_purges":0,"victory":false,"max_hp_per_floor":[72,72,72,72,72,72,72,67,67,67,67,67,67,67,67,67,67,67,46,46,46,46,46,46,46],"card_choices":[{"not_picked":["BowlingBash","EmptyBody"],"picked":"Indignation","floor":1},{"not_picked":["TalkToTheHand","FlurryOfBlows"],"picked":"FlyingSleeves","floor":2},{"not_picked":["CarveReality","CutThroughFate"],"picked":"Consecrate","floor":3},{"not_picked":["ThirdEye","Consecrate"],"picked":"Scrawl","floor":4},{"not_picked":["FlurryOfBlows","Adaptation"],"picked":"Evaluate","floor":6},{"not_picked":["ThirdEye","SashWhip","Crescendo"],"picked":"Worship","floor":10},{"not_picked":["JustLucky","BattleHymn","PathToVictory"],"picked":"Ragnarok","floor":11},{"not_picked":["Prostrate","ReachHeaven","Nirvana"],"picked":"Collect","floor":14},{"not_picked":["Alpha","SpiritShield","DevaForm"],"picked":"Devotion","floor":16},{"not_picked":["Fasting2"],"picked":"FearNoEvil","floor":18}],"player_experience":584193,"relics_obtained":[{"floor":6,"key":"CeramicFish"},{"floor":9,"key":"Question Card"},{"floor":11,"key":"Guardian:GemstoneGun"},{"floor":14,"key":"Akabeko"}],"event_choices":[{"damage_healed":0,"gold_gain":0,"player_choice":"Left Gold","damage_taken":0,"max_hp_gain":0,"max_hp_loss":0,"event_name":"World of Goop","floor":5,"gold_loss":22},{"cards_removed":["Strike_P"],"damage_healed":0,"gold_gain":0,"player_choice":"Card Removal","damage_taken":7,"max_hp_gain":0,"max_hp_loss":0,"event_name":"Golden Wing","floor":7,"gold_loss":0},{"damage_healed":0,"gold_gain":0,"player_choice":"Lose Max HP","damage_taken":0,"relics_obtained":["Golden Idol"],"max_hp_gain":0,"max_hp_loss":5,"event_name":"Golden Idol","floor":8,"gold_loss":0},{"damage_healed":0,"gold_gain":0,"player_choice":"Became a vampire","damage_taken":0,"max_hp_gain":0,"max_hp_loss":21,"event_name":"Vampires","floor":19,"gold_loss":0,"cards_obtained":["Bite","Bite","Bite","Bite","Bite"]},{"cards_removed":["Bite"],"damage_healed":0,"gold_gain":0,"player_choice":"Gave Gold","damage_taken":0,"max_hp_gain":0,"max_hp_loss":0,"event_name":"Beggar","floor":20,"gold_loss":75},{"damage_healed":0,"gold_gain":0,"cards_transformed":["FlyingSleeves","Defend_P"],"player_choice":"Became Test Subject","damage_taken":0,"max_hp_gain":0,"max_hp_loss":0,"event_name":"Drug Dealer","floor":21,"gold_loss":0,"cards_obtained":["Alpha","LikeWater"]},{"damage_healed":0,"gold_gain":0,"player_choice":"Ignored","damage_taken":0,"max_hp_gain":0,"max_hp_loss":0,"event_name":"Ghosts","floor":22,"gold_loss":0}],"is_beta":false,"boss_relics":[{"not_picked":["Fusion Hammer","Ectoplasm"],"picked":"Busted Crown"}],"items_purged_floors":[],"is_endless":false,"potions_floor_spawned":[1,2,3,6,11],"killed_by":"Gremlin Leader","ascension_level":2}}