{"host":"9tch52zpouts7b2p","time":1609393548,"event":{"mods":["BaseMod","Colored Map","Minty Spire (QoL Compilation)","StSLib","UnlockEverythingMod"],"gold_per_floor":[13,13,13,188,188,188,188,209,254,204,204,62,62,82,82,210,210,233,158,158,8,8,8,8,8],"floor_reached":24,"playtime":1302,"items_purged":["Injury"],"score":203,"play_id":"bdce5b20-55c0-489f-b8ce-1a18d6eb25ad","local_time":"20201231134548","is_ascension_mode":false,"campfire_choices":[{"data":"Magnetism","floor":6,"key":"SMITH"},{"data":"Zap","floor":7,"key":"SMITH"},{"data":"Coolheaded","floor":11,"key":"SMITH"},{"floor":15,"key":"REST"},{"data":"Defragment","floor":23,"key":"SMITH"}],"circlet_count":0,"master_deck":["Defend_B","Defend_B","Defend_B","Defend_B","Zap+1","Dualcast","Magnetism+1","Coolheaded+1","Loop","Skim","Seek","Capacitor+1","Defragment","Defragment+1","Aggregate","Bite","Bite","Bite","Bite","Bite"],"relics":["Cracked Core","Golden Idol","WingedGreaves","Lantern","SlaversCollar"],"acts_visited":["Exordium","TheCity"],"potions_floor_usage":[16,16,16,24],"damage_taken":[{"damage":3,"enemies":"Cultist","floor":1,"turns":5},{"damage":0,"enemies":"2 Louse","floor":8,"turns":4},{"damage":5,"enemies":"Small Slimes","floor":14,"turns":3},{"damage":45,"enemies":"Hexaghost","floor":16,"turns":12},{"damage":34,"enemies":"Shell Parasite","floor":18,"turns":8},{"damage":25,"enemies":"Book of Stabbing","floor":24,"turns":3}],"seed_played":"5179684888887192584","potions_obtained":[{"floor":8,"key":"ColorlessPotion"},{"floor":13,"key":"Regen Potion"},{"floor":13,"key":"LiquidBronze"},{"floor":16,"key":"SkillPotion"}],"is_trial":false,"path_per_floor":["M","?","?","?","?","R","R","M","T","?","R","$","?","M","R","B",null,"M","?","?","$","?","R","E"],"character_chosen":"DEFECT","items_purchased":["Loop","Defragment","Aggregate"],"campfire_rested":1,"item_purchase_floors":[12,21,21],"current_hp_per_floor":[72,72,60,60,60,60,60,60,60,60,60,60,60,55,75,45,75,41,41,41,41,41,41,16,16],"gold":8,"neow_bonus":"RANDOM_COLORLESS_2","is_daily":false,"chose_seed":false,"campfire_upgraded":4,"win_rate":0.0,"timestamp":1609393548,"path_taken":["M","?","?","?","?","R","R","?","T","?","R","$","?","?","R","BOSS","M","?","?","$","?","R","E"],"items_purchased_type":["Card","Card","Card"],"build_version":"2020-12-22","purchased_purges":1,"victory":false,"max_hp_per_floor":[75,75,75,75,75,75,75,75,75,75,75,75,75,75,75,75,75,75,75,75,75,52,52,52,52],"card_choices":[{"not_picked":["The Bomb","Transmutation"],"picked":"Magnetism","floor":0},{"not_picked":["FTL","Redo"],"picked":"Coolheaded","floor":1},{"not_picked":["Gash","Coolheaded","Steam"],"picked":"SKIP","floor":8},{"not_picked":["Cold Snap","Barrage"],"picked":"Skim","floor":14},{"not_picked":["Thunder Strike","All For One"],"picked":"Seek","floor":16},{"not_picked":["Steam","Ball Lightning"],"picked":"Capacitor+1","floor":18}],"player_experience":81533,"relics_obtained":[{"floor":9,"key":"Lantern"}],"event_choices":[{"damage_healed":0,"gold_gain":0,"player_choice":"Take Wound","damage_taken":0,"relics_obtained":["Golden Idol"],"max_hp_gain":0,"max_hp_loss":0,"event_name":"Golden Idol","floor":2,"gold_loss":0,"cards_obtained":["Injury"]},{"damage_healed":0,"gold_gain":0,"player_choice":"Success","damage_taken":12,"relics_obtained":["WingedGreaves"],"max_hp_gain":0,"max_hp_loss":0,"event_name":"Scrap Ooze","floor":3,"gold_loss":0},{"damage_healed":0,"gold_gain":175,"player_choice":"AGREE","damage_taken":0,"max_hp_gain":0,"max_hp_loss":0,"event_name":"Liars Game","floor":4,"gold_loss":0,"cards_obtained":["Doubt"]},{"damage_healed":0,"gold_gain":0,"player_choice":"Ignored","damage_taken":0,"max_hp_gain":0,"max_hp_loss":0,"event_name":"WeMeetAgain","floor":5,"gold_loss":0},{"cards_removed":["Doubt"],"damage_healed":0,"gold_gain":0,"player_choice":"Card Removal","damage_taken":0,"max_hp_gain":0,"max_hp_loss":0,"event_name":"The Cleric","floor":10,"gold_loss":50},{"damage_healed":0,"gold_gain":0,"player_choice":"Got Potions","damage_taken":0,"max_hp_gain":0,"max_hp_loss":0,"event_name":"Lab","floor":13,"gold_loss":0},{"cards_removed":["Strike_B"],"damage_healed":0,"gold_gain":0,"player_choice":"Gave Gold","damage_taken":0,"max_hp_gain":0,"max_hp_loss":0,"event_name":"Beggar","floor":19,"gold_loss":75},{"damage_healed":0,"gold_gain":0,"player_choice":"Read","damage_taken":0,"max_hp_gain":0,"max_hp_loss":0,"event_name":"The Library","floor":20,"gold_loss":0,"cards_obtained":["Defragment"]},{"damage_healed":0,"gold_gain":0,"player_choice":"Became a vampire","damage_taken":0,"max_hp_gain":0,"max_hp_loss":23,"event_name":"Vampires","floor":22,"gold_loss":0,"cards_obtained":["Bite","Bite","Bite","Bite","Bite"]}],"is_beta":false,"boss_relics":[{"not_picked":["Busted Crown","Ectoplasm"],"picked":"SlaversCollar"}],"items_purged_floors":[12],"is_endless":false,"potions_floor_spawned":[8,16],"killed_by":"Book of Stabbing","ascension_level":0}}