{"host":"va54hb6vb0xjmjwj","time":1609394721,"event":{"mods":["BaseMod","Highlight Path","Minty Spire (QoL Compilation)","Replay The Spire","StSLib","The Bug Knight"],"gold_per_floor":[210,54,74,85,97,97,117,117,117,168,168,188,203,235,235,332,332,343,343,343,343,360,392,265,265,265,294,294,294,294,311,311,406,406,426,440,271,271,321,321,348,368,444,468,485,493,493],"floor_reached":46,"playtime":3463,"items_purged":["Strike_B","Writhe"],"score":515,"play_id":"c1dc6189-af88-43cd-a4ad-f070a5d4eed3","local_time":"20201231010521","is_ascension_mode":false,"campfire_choices":[{"floor":6,"key":"REST"},{"data":"Chill","floor":11,"key":"SMITH"},{"floor":15,"key":"REST"},{"floor":25,"key":"REST"},{"data":"Biased Cognition","floor":28,"key":"SMITH"},{"data":"Streamline","floor":32,"key":"SMITH"},{"data":"ReplayTheSpireMod:Fabricate Wheel","floor":40,"key":"SMITH"}],"circlet_count":0,"master_deck":["Strike_B","Defend_B","Defend_B","Defend_B","Defend_B","Zap","Dualcast","Cold Snap","Gash","Streamline+1","ReplayTheSpireMod:Repulse","Chill+1","ReplayTheSpireMod:Splinters","Conserve Battery","Biased Cognition+1","Steam","Compile Driver","ReplayTheSpireMod:Omega Cannon","Redo","RitualDagger","Capacitor","ReplayTheSpireMod:Reroute Power","Storm+1","Hello World","Hello World","ReplayTheSpireMod:Calculation Training","Chill+1","Ball Lightning","Panic Button","Storm","Sickly","All For One","Rainbow","Redo","Consume","Ball Lightning","Hologram+1","Melter+1","Ball Lightning+1","Storm"],"relics":["Cracked Core","HollowMod:PaleOreRelic","Bird Faced Urn","Replay:Wax Seal","Mercury Hourglass","Ornamental Fan","Nuclear Battery","Eternal Feather","Unceasing Top","ReplayTheSpireMod:Ninjato","Pen Nib","InkBottle","Empty Cage","Ring of Panic","ReplayTheSpireMod:Ring of Exchange","Durian","Prayer Wheel","Replay:Bandana","Garlic"],"acts_visited":["Exordium","TheCity","TheBeyond"],"potions_floor_usage":[27,39],"damage_taken":[{"damage":1,"enemies":"Cultist","floor":1,"turns":3},{"damage":8,"enemies":"Small Slimes","floor":3,"turns":2},{"damage":9,"enemies":"Jaw Worm","floor":4,"turns":2},{"damage":18,"enemies":"Exordium Thugs","floor":5,"turns":4},{"damage":12,"enemies":"Blue Slaver","floor":7,"turns":2},{"damage":11,"enemies":"Looter","floor":12,"turns":3},{"damage":0,"enemies":"Large Slime","floor":13,"turns":4},{"damage":14,"enemies":"Lagavulin","floor":14,"turns":6},{"damage":35,"enemies":"Slime Boss","floor":16,"turns":10},{"damage":1,"enemies":"3 Byrds","floor":18,"turns":4},{"damage":12,"enemies":"2 Thieves","floor":22,"turns":4},{"damage":37,"enemies":"Slavers","floor":23,"turns":5},{"damage":28,"enemies":"Gremlin Leader","floor":27,"turns":6},{"damage":1,"enemies":"Shelled Parasite and Fungi","floor":31,"turns":3},{"damage":41,"enemies":"Collector","floor":33,"turns":8},{"damage":7,"enemies":"3 Shapes","floor":35,"turns":5},{"damage":6,"enemies":"Orb Walker","floor":36,"turns":4},{"damage":24,"enemies":"Mind Bloom Boss Battle","floor":39,"turns":6},{"damage":16,"enemies":"R_Hoarder","floor":41,"turns":4},{"damage":11,"enemies":"Spire Growth","floor":42,"turns":4},{"damage":0,"enemies":"Maw","floor":44,"turns":6},{"damage":23,"enemies":"Spire Growth","floor":45,"turns":5},{"damage":76,"enemies":"Reptomancer","floor":46,"turns":4}],"seed_played":"-8419323017370819534","potions_obtained":[{"floor":5,"key":"Flashbang"},{"floor":10,"key":"Elixir"},{"floor":12,"key":"SkillPotion"},{"floor":33,"key":"Doom Potion"},{"floor":39,"key":"GamblersBrew"}],"is_trial":false,"path_per_floor":["M","$","M","M","M","R","M","T","T","?","R","M","M","E","R","B",null,"M","?","T","?","M","E","$","R","T","E","R","?","?","M","R","B",null,"M","M","$","?","?","R","E","M","T","M","M","E"],"character_chosen":"DEFECT","items_purchased":["HollowMod:PaleOreRelic","Hello World","Storm"],"campfire_rested":3,"item_purchase_floors":[2,24,37],"current_hp_per_floor":[74,74,66,57,39,61,49,49,49,49,49,38,40,28,50,17,75,74,68,68,68,58,25,25,62,62,44,59,59,59,62,75,38,75,70,72,72,72,60,78,72,69,69,77,63,0,0],"gold":493,"neow_bonus":"HUNDRED_GOLD","is_daily":false,"chose_seed":false,"campfire_upgraded":4,"win_rate":0.0,"timestamp":1609394721,"path_taken":["M","$","?","M","M","R","M","?","T","?","R","?","M","E","R","BOSS","M","?","?","?","M","E","$","R","T","E","R","?","?","M","R","BOSS","M","M","$","?","?","R","E","M","T","M","M","E"],"items_purchased_type":["Relic","Card","Card"],"build_version":"2020-12-22","purchased_purges":2,"victory":false,"max_hp_per_floor":[75,75,75,75,75,75,75,75,75,75,75,75,75,75,75,75,75,75,75,75,75,75,75,75,75,75,75,75,75,75,75,75,75,75,75,75,75,75,80,80,80,80,80,80,80,80,80],"card_choices":[{"not_picked":["Go for the Eyes","Ball Lightning"],"picked":"Cold Snap","floor":1},{"not_picked":["Stack","Turbo"],"picked":"Gash","floor":3},{"not_picked":["Sweeping Beam","Chaos"],"picked":"Streamline","floor":4},{"not_picked":["Rebound","ReplaySolidLightProjector"],"picked":"ReplayTheSpireMod:Repulse","floor":5},{"not_picked":["Steam","Double Energy"],"picked":"Chill","floor":7},{"not_picked":["Turbo","Redo"],"picked":"Conserve Battery","floor":10},{"not_picked":["Genetic Algorithm","Stack"],"picked":"Biased Cognition","floor":12},{"not_picked":["Aggregate","Streamline"],"picked":"Steam","floor":13},{"not_picked":["Rebound","Coolheaded"],"picked":"Compile Driver","floor":14},{"not_picked":["Machine Learning","Buffer"],"picked":"ReplayTheSpireMod:Omega Cannon","floor":16},{"not_picked":["Steam Power","Ball Lightning"],"picked":"Redo","floor":18},{"not_picked":["Hologram+1","ReplayGash"],"picked":"ReplayTheSpireMod:Reroute Power","floor":22},{"not_picked":["Cold Snap","Leap"],"picked":"Storm+1","floor":23},{"not_picked":["Tempest+1","White Noise"],"picked":"ReplayTheSpireMod:Calculation Training","floor":27},{"not_picked":["Go for the Eyes","Coolheaded"],"picked":"Chill+1","floor":31},{"not_picked":["ReplayTheSpireMod:Omega Cannon","Meteor Strike"],"picked":"ReplayTheSpireMod:Fabricate Wheel","floor":33},{"not_picked":["Scrape+1","Conserve Battery"],"picked":"Ball Lightning","floor":35},{"not_picked":["Compile Driver+1","Steam"],"picked":"Panic Button","floor":36},{"not_picked":["Steam","Cold Snap"],"picked":"All For One","floor":39},{"not_picked":["Panic Button","FTL+1"],"picked":"Redo","floor":41},{"not_picked":["Steam","BasicCrystalCard"],"picked":"Consume","floor":42},{"not_picked":["Cold Snap+1","Seek"],"picked":"Ball Lightning","floor":42},{"not_picked":["ReplaySort+1","Barrage"],"picked":"Hologram+1","floor":44},{"not_picked":["Darkness","Panic Button"],"picked":"Melter+1","floor":44},{"not_picked":["Beam Cell","Go for the Eyes"],"picked":"Ball Lightning+1","floor":45},{"not_picked":["Chaos","Ball Lightning"],"picked":"Storm","floor":45}],"player_experience":206807,"relics_obtained":[{"floor":8,"key":"Bird Faced Urn"},{"floor":9,"key":"Replay:Wax Seal"},{"floor":10,"key":"Mercury Hourglass"},{"floor":14,"key":"Ornamental Fan"},{"floor":20,"key":"Eternal Feather"},{"floor":23,"key":"Unceasing Top"},{"floor":26,"key":"ReplayTheSpireMod:Ninjato"},{"floor":27,"key":"Pen Nib"},{"floor":38,"key":"Ring of Panic"},{"floor":38,"key":"ReplayTheSpireMod:Ring of Exchange"},{"floor":39,"key":"Durian"},{"floor":41,"key":"Replay:Bandana"},{"floor":43,"key":"Garlic"}],"event_choices":[{"damage_healed":0,"gold_gain":0,"player_choice":"Joined the Cult","damage_taken":6,"max_hp_gain":0,"max_hp_loss":0,"event_name":"Nest","floor":19,"gold_loss":0,"cards_obtained":["RitualDagger"]},{"damage_healed":0,"gold_gain":0,"player_choice":"Read","damage_taken":0,"max_hp_gain":0,"max_hp_loss":0,"event_name":"The Library","floor":21,"gold_loss":0,"cards_obtained":["Capacitor"]},{"damage_healed":0,"gold_gain":0,"player_choice":"Opened","damage_taken":0,"relics_obtained":["InkBottle"],"max_hp_gain":0,"max_hp_loss":0,"event_name":"The Mausoleum","floor":30,"gold_loss":0,"cards_obtained":["Writhe"]},{"damage_healed":0,"gold_gain":0,"player_choice":"Fight","damage_taken":0,"max_hp_gain":0,"max_hp_loss":0,"event_name":"MindBloom","floor":39,"gold_loss":0}],"is_beta":false,"boss_relics":[{"not_picked":["Ring of Chaos","Tiny House"],"picked":"Nuclear Battery"},{"not_picked":["Busted Crown","SacredBark"],"picked":"Empty Cage"}],"items_purged_floors":[24,37],"is_endless":false,"potions_floor_spawned":[5,12,14,16,18,33,39,44],"killed_by":"Reptomancer","ascension_level":0}}