{"host":"pfy6u49v5s5r680p","time":1609427010,"event":{"mods":["BaseMod","Colored Map","DeckTracker","Highlight Path","Keyboard Shortcuts","Minty Spire (QoL Compilation)","Permanent Neow","Quick Restart","StSLib","SuperFastMode","everything is the same but u backflip on backflip"],"gold_per_floor":[366,366,366,376,392,392,402,402,402,422,422,433,433,447,447,551,551,561,334,350,364,381,381,381,381,456,456,468,468,468],"floor_reached":29,"playtime":1166,"items_purged":["Strike_R"],"score":285,"play_id":"67a1dab8-0a21-4f36-b1d2-dc7289030967","local_time":"20210101000330","is_ascension_mode":true,"campfire_choices":[{"data":"Body Slam","floor":6.0,"key":"SMITH"},{"data":"Dark Embrace","floor":8.0,"key":"SMITH"},{"data":"Armaments","floor":11.0,"key":"SMITH"},{"data":"Pommel Strike","floor":15.0,"key":"SMITH"},{"data":"Dual Wield","floor":23.0,"key":"SMITH"},{"data":"True Grit","floor":25.0,"key":"SMITH"},{"data":"Bash","floor":27.0,"key":"SMITH"}],"circlet_count":0,"master_deck":["Strike_R","Strike_R","Strike_R","Defend_R","Defend_R","Defend_R","Defend_R","Bash+1","Body Slam+1","Second Wind","Dropkick","Dark Embrace+1","Pommel Strike+1","Armaments+1","Dual Wield+1","Cleave","Dropkick","Shrug It Off","Fiend Fire","Thunderclap+1","True Grit+1"],"relics":["Black Blood","Red Skull","Sundial","Prayer Wheel","Bag of Preparation","Meat on the Bone"],"acts_visited":["Exordium","TheCity"],"potions_floor_usage":[],"damage_taken":[{"damage":13.0,"enemies":"2 Louse","floor":1.0,"turns":2.0},{"damage":11.0,"enemies":"Jaw Worm","floor":4.0,"turns":5.0},{"damage":0.0,"enemies":"Small Slimes","floor":5.0,"turns":3.0},{"damage":5.0,"enemies":"2 Fungi Beasts","floor":7.0,"turns":4.0},{"damage":11.0,"enemies":"Looter","floor":10.0,"turns":4.0},{"damage":27.0,"enemies":"Exordium Thugs","floor":12.0,"turns":5.0},{"damage":22.0,"enemies":"Lots of Slimes","floor":14.0,"turns":3.0},{"damage":23.0,"enemies":"Hexaghost","floor":16.0,"turns":9.0},{"damage":17.0,"enemies":"Shell Parasite","floor":18.0,"turns":5.0},{"damage":18.0,"enemies":"2 Thieves","floor":20.0,"turns":3.0},{"damage":16.0,"enemies":"3 Cultists","floor":21.0,"turns":4.0},{"damage":10.0,"enemies":"Cultist and Chosen","floor":22.0,"turns":5.0},{"damage":58.0,"enemies":"Sentry and Sphere","floor":28.0,"turns":7.0},{"damage":36,"enemies":"3 Cultists","floor":29,"turns":4}],"seed_played":"-5262602295755175655","potions_obtained":[{"floor":7.0,"key":"BloodPotion"},{"floor":14.0,"key":"Fruit Juice"},{"floor":16.0,"key":"SteroidPotion"},{"floor":18.0,"key":"EssenceOfSteel"},{"floor":22.0,"key":"BloodPotion"}],"is_trial":false,"path_per_floor":["M","?","T","M","M","R","M","R","T","M","R","M","?","M","R","B",null,"M","$","M","M","M","R","?","R","T","R","M","M"],"character_chosen":"IRONCLAD","items_purchased":["Bag of Preparation"],"campfire_rested":0,"item_purchase_floors":[19],"current_hp_per_floor":[65,58,58,53,59,59,60,60,60,55,55,34,27,25,25,13,61,56,56,50,46,48,48,48,48,48,48,29,0,0],"gold":468,"neow_bonus":"TWO_FIFTY_GOLD","is_daily":false,"chose_seed":false,"campfire_upgraded":7,"win_rate":0.0,"timestamp":1609427010,"path_taken":["M","?","?","M","M","R","M","R","T","M","R","M","?","M","R","BOSS","M","$","M","M","M","R","?","R","T","R","M","M"],"items_purchased_type":["Relic"],"build_version":"2020-12-22","purchased_purges":1,"victory":false,"max_hp_per_floor":[72,72,72,72,72,72,72,72,72,72,72,72,72,72,72,77,77,77,77,77,77,77,77,77,77,77,77,77,77,77],"card_choices":[{"not_picked":["Anger","Clash"],"picked":"Body Slam","floor":1.0},{"not_picked":["Wild Strike","Havoc"],"picked":"Second Wind","floor":4.0},{"not_picked":["Intimidate","Infernal Blade"],"picked":"Dropkick","floor":5.0},{"not_picked":["Heavy Blade","Body Slam"],"picked":"Dark Embrace","floor":7.0},{"not_picked":["Wild Strike","Intimidate"],"picked":"Pommel Strike","floor":10.0},{"not_picked":["Disarm","Clash"],"picked":"Armaments","floor":10.0},{"not_picked":["Rupture","Carnage"],"picked":"Dual Wield","floor":12.0},{"not_picked":["Perfected Strike","Blood for Blood"],"picked":"Cleave","floor":12.0},{"not_picked":["Combust","Heavy Blade"],"picked":"Dropkick","floor":14.0},{"not_picked":["Second Wind","Iron Wave"],"picked":"Shrug It Off","floor":14.0},{"not_picked":["Barricade","Demon Form"],"picked":"Fiend Fire","floor":16.0},{"not_picked":["Whirlwind","Intimidate"],"picked":"Thunderclap+1","floor":18.0},{"not_picked":["Shrug It Off","Metallicize","Clothesline+1"],"picked":"SKIP","floor":18.0},{"not_picked":["Bloodletting","Evolve","Clothesline"],"picked":"SKIP","floor":20.0},{"not_picked":["Body Slam","Infernal Blade","Reckless Charge"],"picked":"SKIP","floor":20.0},{"not_picked":["Clash+1","Headbutt","Iron Wave+1"],"picked":"SKIP","floor":21.0},{"not_picked":["Havoc","Rage","Fire Breathing+1"],"picked":"SKIP","floor":21.0},{"not_picked":["Anger","Headbutt","Metallicize+1"],"picked":"SKIP","floor":22.0},{"not_picked":["Flame Barrier","Warcry+1","Heavy Blade"],"picked":"SKIP","floor":22.0},{"not_picked":["Armaments","Anger","Double Tap"],"picked":"SKIP","floor":28.0},{"not_picked":["Body Slam","Evolve","Fire Breathing+1"],"picked":"SKIP","floor":28.0}],"player_experience":73538,"relics_obtained":[{"floor":3.0,"key":"Sundial"},{"floor":9.0,"key":"Prayer Wheel"},{"floor":26.0,"key":"Meat on the Bone"}],"event_choices":[{"damage_healed":0.0,"max_hp_gain":0.0,"max_hp_loss":0.0,"gold_gain":0.0,"event_name":"Scrap Ooze","player_choice":"Success","floor":2.0,"gold_loss":0.0,"damage_taken":7.0,"relics_obtained":["Red Skull"]},{"cards_removed":["Strike_R"],"damage_healed":0.0,"max_hp_gain":0.0,"max_hp_loss":0.0,"gold_gain":0.0,"event_name":"Golden Wing","player_choice":"Card Removal","floor":13.0,"gold_loss":0.0,"damage_taken":7.0},{"damage_healed":0.0,"max_hp_gain":0.0,"max_hp_loss":0.0,"gold_gain":0.0,"event_name":"The Library","player_choice":"Read","floor":24.0,"gold_loss":0.0,"damage_taken":0.0,"cards_obtained":["True Grit"]}],"is_beta":false,"boss_relics":[{"not_picked":["SlaversCollar","Black Star"],"picked":"Black Blood"}],"items_purged_floors":[19],"is_endless":false,"potions_floor_spawned":[7,14,16,18,22],"killed_by":"3 Cultists","ascension_level":6}}