{"host":"8hlq24ta5nit70vz","time":1609380538,"event":{"mods":["Act Like it!","BaseMod","Better Skull","Better Third Choice","Friendly Minions","Highlight Path","Minty Spire (QoL Compilation)","Relic Stats","Replay The Spire","Shop Mod","Spicy Shops","StSLib","The Dragon Tamer","The Servant 0.9.4"],"gold_per_floor":[114,114,114,129,140,140,166,166,191,366,384,414,414,434,354,455,455,472,483,493,493,547,577,590,590,590,590,608,638,638,664,664,763,763,849,873,873,269,396,513,513,62,88,88,88,196,294,398,398,412,412,412,71,195,201],"floor_reached":56,"playtime":9074,"items_purged":["Doubt","Hallucinations","Overencumbered"],"score":1366,"play_id":"3edc7ca4-f676-44be-b5ab-6f3ea02a296b","local_time":"20201231030858","is_ascension_mode":false,"metric_token":915,"campfire_choices":[{"floor":6,"key":"RECALL"},{"data":"DTMod:Shift","floor":8,"key":"SMITH"},{"floor":25,"key":"REST"},{"floor":27,"key":"REST"},{"data":"DTMod:ForkedFire","floor":32,"key":"SMITH"},{"data":"Jack Of All Trades","floor":32,"key":"SMITH"},{"floor":41,"key":"REST"},{"data":"ReplayTheSpireMod:Brewmster","floor":49,"key":"SMITH"},{"data":"DTMod:RunningTactic","floor":49,"key":"SMITH"},{"data":"DTMod:RunningTactic","floor":52,"key":"SMITH"},{"data":"Secret Weapon","floor":52,"key":"SMITH"}],"dtmod_dragon_data":[31,50,1,4,12,1],"circlet_count":0,"master_deck":["DTMod:Strike+1","DTMod:Strike+1","DTMod:Strike+1","DTMod:Strike+1","DTMod:DoubleHit","DTMod:TargetDefense+1","DTMod:TargetDefense+1","DTMod:TargetDefense+1","DTMod:TargetDefense+1","DTMod:SwitchingTactic+1","DTMod:TagTeam","DTMod:SwitchingTactic+1","Jack Of All Trades+1","DTMod:LastStand","DTMod:Shift+1","DTMod:BlueScale","DTMod:FlameSlash+1","DTMod:Weaken","DTMod:BalancedStrike","DTMod:Inferno","DTMod:FlameSlash+1","DTMod:Prediction","DTMod:Cover+1","Sickly","DTMod:TauntingStrike+1","DTMod:Cover+1","DTMod:Astonish+1","DTMod:Conduct+1","DTMod:ForkedFire+1","DTMod:TriAttack","Parasite","Clumsy","CommonCold","DTMod:Conduct+1","Writhe","DTMod:WarmUp","DTMod:WarmUp","DTMod:RunningTactic+1","Impatience","The Bomb","Finesse","Secret Weapon+1","DTMod:TauntingStrike+1","ReplayTheSpireMod:Brewmster+1","DTMod:RepeatStrike","DTMod:RunningTactic+1","Replay:Hysterical Blindness","DTMod:Weaken+1","DTMod:Threaten+1","DTMod:SneakAttack+1","DTMod:Astonish+1","Parasite","DTMod:Coolant+1"],"relics":["DTMod:PactStone","Happy Flower","Gremlin Food","ReplayFunnel","Cursed Key","Philosopher\u0027s Stone","SlaversCollar","Sundial","Counterbalance","Tiny Chest","Replay:Kaleidoscope","Replay:Arrowhead","betterThird:NestCultRelic","Red Mask","Juzu Bracelet","Replay:Bottled Eggs","Gambling Chip","ReplayTheSpireMod:Lightbulb","MerchantsRug","Gremlin Horn","Replay:Bandana","Prayer Wheel","Ancient Tea Set","ReplayTheSpireMod:CursedCoin","DTMod:OddArmor","Bronze Scales","Letter Opener","Divine Protection","DTMod:SwitchButton","Lantern","Replay:Wax Seal"],"acts_visited":["Exordium","TheCity","TheBeyond","TheEnding"],"potions_floor_usage":[12,12,12,19,29,33,39,46,46,46,46,50,55,55,55,55,55,55,55,55,55,55,55,55],"damage_taken":[{"damage":0,"enemies":"Cultist","floor":1,"turns":4},{"damage":0,"enemies":"Small Slimes","floor":4,"turns":7},{"damage":0,"enemies":"Jaw Worm","floor":5,"turns":5},{"damage":1,"enemies":"Large Slime","floor":11,"turns":10},{"damage":5,"enemies":"Gremlin Nob","floor":12,"turns":6},{"damage":0,"enemies":"Lots of Slimes","floor":14,"turns":4},{"damage":42,"enemies":"Fading Forest","floor":16,"turns":11},{"damage":0,"enemies":"Chosen","floor":18,"turns":6},{"damage":0,"enemies":"2 Thieves","floor":19,"turns":4},{"damage":20,"enemies":"Centurion and Healer","floor":20,"turns":5},{"damage":0,"enemies":"Slavers","floor":23,"turns":3},{"damage":0,"enemies":"Snecko","floor":24,"turns":6},{"damage":0,"enemies":"Snake Plant","floor":28,"turns":4},{"damage":0,"enemies":"Book of Stabbing","floor":29,"turns":6},{"damage":0,"enemies":"Masked Bandits","floor":31,"turns":2},{"damage":6,"enemies":"Collector","floor":33,"turns":10},{"damage":0,"enemies":"Orb Walker","floor":35,"turns":4},{"damage":12,"enemies":"2 Orb Walkers","floor":39,"turns":4},{"damage":0,"enemies":"R_Hoarder","floor":40,"turns":4},{"damage":0,"enemies":"Nemesis","floor":46,"turns":3},{"damage":0,"enemies":"3 Darklings","floor":47,"turns":2},{"damage":0,"enemies":"4 Shapes","floor":48,"turns":1},{"damage":9,"enemies":"Replay:Hell Engine","floor":50,"turns":7},{"damage":0,"enemies":"Shield and Spear","floor":54,"turns":3},{"damage":16,"enemies":"The Heart","floor":55,"turns":11}],"seed_played":"-5253402155372673485","potions_obtained":[{"floor":1,"key":"Adrenaline Potion"},{"floor":5,"key":"Elixir"},{"floor":11,"key":"FearPotion"},{"floor":16,"key":"EssenceOfSteel"},{"floor":18,"key":"Swift Potion"},{"floor":24,"key":"Languid Potion"},{"floor":28,"key":"SpeedPotion"},{"floor":31,"key":"Toxic Potion"},{"floor":33,"key":"SpeedPotion"},{"floor":39,"key":"Flashbang"},{"floor":40,"key":"Reflective Coating"},{"floor":47,"key":"LiquidMemories"}],"is_trial":false,"path_per_floor":["M","?","?","M","M","R","T","R","T","?","M","E","?","M","R","B",null,"M","M","M","?","T","E","M","R","T","R","M","E","?","?","R","B",null,"M","T","?","$","?","E","R","$","T","?","T","E","M","M","R","B",null,"R","$","E","B",null],"character_chosen":"THE_DT","items_purchased":["MerchantsRug","DTMod:WarmUp","DTMod:RunningTactic","Impatience","Gremlin Horn","Replay:Bandana","ReplayTheSpireMod:ShopPack","ReplayTheSpireMod:Brewmster","ReplayTheSpireMod:CursedCoin","DTMod:RepeatStrike","DTMod:RunningTactic","DTMod:OddArmor","DTMod:SwitchButton","Lantern"],"campfire_rested":3,"item_purchase_floors":[38,38,38,38,38,38,38,42,42,42,42,42,53,53],"current_hp_per_floor":[49,49,49,49,49,49,49,49,49,49,48,43,43,43,43,1,49,49,49,29,29,29,29,29,43,43,49,49,49,49,49,49,43,49,49,49,49,49,37,37,49,49,49,49,49,49,49,49,49,40,49,49,49,49,33],"gold":201,"neow_bonus":"TEN_PERCENT_HP_BONUS","is_daily":false,"chose_seed":false,"campfire_upgraded":7,"win_rate":0.0,"timestamp":1609380538,"path_taken":["M","?","?","?","M","R","?","R","T","?","M","E","?","M","R","BOSS","M","M","M","?","?","E","?","R","T","R","M","E","?","?","R","BOSS","M","?","?","$","?","E","R","$","T","?","?","E","M","M","R","BOSS","R","$","E","BOSS"],"items_purchased_type":["Relic","Card","Card","Card","Relic","Relic","Relic","Card","Relic","Card","Card","Relic","Relic","Relic"],"build_version":"2020-12-22","purchased_purges":3,"victory":true,"max_hp_per_floor":[49,49,49,49,49,49,49,49,49,49,49,49,49,49,49,49,49,49,49,49,49,49,49,49,49,49,49,49,49,49,49,49,49,49,49,49,49,49,49,49,49,49,49,49,49,49,49,49,49,49,49,49,49,49,49],"relic_stats":{"Happy Flower":[38],"Gremlin Horn":[6,7],"counters":[25,132],"Sundial":[6],"Gambling Chip":[71],"Bronze Scales":[125],"Tiny Chest":2,"Prayer Wheel":2,"Juzu Bracelet":1,"Letter Opener":[126],"Cursed Key":5,"obtain_stats":[{"ReplayFunnel":15,"Divine Protection":46,"Lantern":53,"Gremlin Horn":38,"Juzu Bracelet":34,"Cursed Key":17,"Ancient Tea Set":40,"Replay:Bandana":38,"DTMod:OddArmor":42,"Sundial":17,"Gambling Chip":34,"Philosopher\u0027s Stone":17,"Tiny Chest":23,"Prayer Wheel":39,"Red Mask":31,"Replay:Bottled Eggs":34,"Replay:Wax Seal":54,"Gremlin Food":12,"Potion Belt":22,"MerchantsRug":38,"Happy Flower":7,"ReplayTheSpireMod:CursedCoin":42,"Replay:Grab Bag":17,"Counterbalance":17,"betterThird:NestCultRelic":30,"Omamori":2,"Replay:Ancient Bell":34,"Replay:Kaleidoscope":26,"Letter Opener":45,"Replay:Arrowhead":29,"Calling Bell":17,"DTMod:SwitchButton":53,"SlaversCollar":17,"Replay:Baseball":17,"DTMod:PactStone":0,"Bronze Scales":43,"ReplayTheSpireMod:Lightbulb":36,"ReplayTheSpireMod:ShopPack":38},{"ReplayFunnel":6,"Divine Protection":20,"Lantern":23,"Gremlin Horn":17,"Juzu Bracelet":16,"Cursed Key":7,"Ancient Tea Set":19,"Replay:Bandana":17,"DTMod:OddArmor":19,"Sundial":7,"Gambling Chip":16,"Philosopher\u0027s Stone":7,"Tiny Chest":11,"Prayer Wheel":18,"Red Mask":15,"Replay:Bottled Eggs":16,"Replay:Wax Seal":24,"Gremlin Food":5,"Potion Belt":10,"MerchantsRug":17,"Happy Flower":3,"ReplayTheSpireMod:CursedCoin":19,"Replay:Grab Bag":7,"Counterbalance":7,"betterThird:NestCultRelic":14,"Omamori":1,"Replay:Ancient Bell":16,"Replay:Kaleidoscope":12,"Letter Opener":19,"Replay:Arrowhead":14,"Calling Bell":7,"DTMod:SwitchButton":23,"SlaversCollar":7,"Replay:Baseball":7,"DTMod:PactStone":0,"Bronze Scales":19,"ReplayTheSpireMod:Lightbulb":17,"ReplayTheSpireMod:ShopPack":17},{"ReplayFunnel":36,"Divine Protection":108,"Lantern":118,"Gremlin Horn":97,"Juzu Bracelet":93,"Cursed Key":47,"Ancient Tea Set":105,"Replay:Bandana":97,"DTMod:OddArmor":105,"Sundial":47,"Gambling Chip":93,"Philosopher\u0027s Stone":47,"Tiny Chest":65,"Prayer Wheel":101,"Red Mask":83,"Replay:Bottled Eggs":93,"Replay:Wax Seal":121,"Gremlin Food":32,"Potion Belt":62,"MerchantsRug":97,"Happy Flower":16,"ReplayTheSpireMod:CursedCoin":105,"Replay:Grab Bag":47,"Counterbalance":47,"betterThird:NestCultRelic":81,"Omamori":4,"Replay:Ancient Bell":93,"Replay:Kaleidoscope":71,"Letter Opener":105,"Replay:Arrowhead":81,"Calling Bell":47,"DTMod:SwitchButton":118,"SlaversCollar":47,"Replay:Baseball":47,"DTMod:PactStone":0,"Bronze Scales":105,"ReplayTheSpireMod:Lightbulb":97,"ReplayTheSpireMod:ShopPack":97}]},"card_choices":[{"not_picked":["DTMod:Overwhelm","DTMod:Observe"],"picked":"DTMod:TagTeam","floor":1},{"not_picked":["DTMod:MagicField","DTMod:CleansingStrike"],"picked":"DTMod:Shift","floor":4},{"not_picked":["DTMod:Overwhelm","DTMod:Threaten"],"picked":"DTMod:BlueScale","floor":5},{"not_picked":["DTMod:MagicField","DTMod:Weaken"],"picked":"DTMod:FlameSlash","floor":11},{"not_picked":["DTMod:Punisher","DTMod:LowKick"],"picked":"DTMod:Weaken","floor":12},{"not_picked":["DTMod:Conduct","DTMod:Punisher"],"picked":"DTMod:BalancedStrike","floor":14},{"not_picked":["DTMod:Multitask","DTMod:TriAttack"],"picked":"DTMod:Inferno","floor":16},{"not_picked":["DTMod:BalancedStrike","DTMod:BizarreTactic"],"picked":"DTMod:FlameSlash+1","floor":18},{"not_picked":["DTMod:QuickFly","DTMod:BuildUp"],"picked":"DTMod:Prediction","floor":19},{"not_picked":["DTMod:CrossStep","DTMod:BalancedStrike"],"picked":"DTMod:Cover","floor":20},{"not_picked":["DTMod:BreakAttack","DTMod:Hide"],"picked":"DTMod:TauntingStrike+1","floor":23},{"not_picked":["DTMod:CrossStep","DTMod:Weaken"],"picked":"DTMod:Cover","floor":24},{"not_picked":["DTMod:StarRain","DTMod:Weaken"],"picked":"DTMod:Astonish","floor":28},{"not_picked":["DTMod:PurifyingFlame+1","DTMod:DarkBreath"],"picked":"DTMod:Conduct+1","floor":29},{"not_picked":["DTMod:BizarreTactic","DTMod:Threaten"],"picked":"DTMod:ForkedFire","floor":31},{"not_picked":["DTMod:Outburst","DTMod:Multitask"],"picked":"DTMod:TriAttack","floor":33},{"not_picked":["ReplayTheSpireMod:Splinters","Spreading Infection"],"picked":"Parasite","floor":34},{"not_picked":["ReplayTheSpireMod:Doomed","Writhe"],"picked":"Clumsy","floor":34},{"not_picked":["ReplayTheSpireMod:Faulty Equipment","Decay"],"picked":"CommonCold","floor":34},{"not_picked":["DTMod:MagiciansMark+1","DTMod:DarkBreath"],"picked":"DTMod:Conduct+1","floor":35},{"not_picked":["Apotheosis","HandOfGreed"],"picked":"The Bomb","floor":38},{"not_picked":["Bandage Up","ReplayTheSpireMod:Necrogeddon"],"picked":"Finesse","floor":38},{"not_picked":["Replay:Bootleg Shield Generator","Mind Blast"],"picked":"Secret Weapon","floor":38},{"not_picked":["DTMod:LastStand","DTMod:CalculatedDefense"],"picked":"DTMod:TauntingStrike+1","floor":39},{"not_picked":["DTMod:HeatWave+1","DTMod:Cover+1"],"picked":"DTMod:Inferno","floor":40},{"not_picked":["DTMod:Dissolve","DTMod:BizarreTactic"],"picked":"DTMod:Weaken+1","floor":46},{"not_picked":["DTMod:GhostSkin+1","DTMod:MagicField+1"],"picked":"DTMod:Threaten+1","floor":47},{"not_picked":["DTMod:ComboAttack","DTMod:Overwhelm+1"],"picked":"DTMod:SneakAttack+1","floor":47},{"not_picked":["DTMod:Training+1","DTMod:ComboAttack"],"picked":"DTMod:Astonish+1","floor":48},{"not_picked":["DTMod:Weaken+1","DTMod:GhostSkin","DTMod:ComboAttack"],"picked":"SKIP","floor":48},{"not_picked":["DTMod:FlameSlash+1","DTMod:Weaken"],"picked":"DTMod:Coolant+1","floor":54}],"player_experience":252690,"relics_obtained":[{"floor":7,"key":"Happy Flower"},{"floor":12,"key":"Gremlin Food"},{"floor":17,"key":"Sundial"},{"floor":17,"key":"Counterbalance"},{"floor":17,"key":"Replay:Baseball"},{"floor":22,"key":"Potion Belt"},{"floor":23,"key":"Tiny Chest"},{"floor":26,"key":"Replay:Kaleidoscope"},{"floor":29,"key":"Replay:Arrowhead"},{"floor":31,"key":"Red Mask"},{"floor":36,"key":"ReplayTheSpireMod:Lightbulb"},{"floor":39,"key":"Prayer Wheel"},{"floor":40,"key":"Ancient Tea Set"},{"floor":43,"key":"Bronze Scales"},{"floor":45,"key":"Letter Opener"},{"floor":46,"key":"Divine Protection"},{"floor":54,"key":"Replay:Wax Seal"}],"event_choices":[{"damage_healed":0,"gold_gain":0,"player_choice":"Box","damage_taken":0,"relics_obtained":["Omamori"],"max_hp_gain":0,"max_hp_loss":0,"event_name":"Big Fish","floor":2,"gold_loss":0,"cards_obtained":["Regret"]},{"damage_healed":0,"gold_gain":0,"player_choice":"3 cards matched","damage_taken":0,"max_hp_gain":0,"max_hp_loss":0,"event_name":"Match and Keep!","floor":3,"gold_loss":0,"cards_obtained":["DTMod:SwitchingTactic","Jack Of All Trades","DTMod:LastStand"]},{"damage_healed":0,"gold_gain":175,"player_choice":"AGREE","damage_taken":191,"max_hp_gain":0,"max_hp_loss":0,"event_name":"betterThird:BetterSerpent","floor":10,"gold_loss":0},{"cards_removed":["Regret"],"damage_healed":0,"gold_gain":0,"player_choice":"Purged","damage_taken":0,"max_hp_gain":0,"max_hp_loss":0,"event_name":"Purifier","floor":13,"gold_loss":0},{"damage_healed":0,"gold_gain":0,"player_choice":"Paid Gold","damage_taken":0,"relics_obtained":["ReplayFunnel"],"max_hp_gain":0,"max_hp_loss":0,"event_name":"WeMeetAgain","floor":15,"gold_loss":80},{"damage_healed":0,"gold_gain":0,"player_choice":"Simplicity","damage_taken":0,"max_hp_gain":0,"max_hp_loss":8,"event_name":"betterThird:BetterWriting","floor":21,"gold_loss":0},{"damage_healed":0,"gold_gain":0,"player_choice":"Madness","damage_taken":0,"relics_obtained":["betterThird:NestCultRelic"],"max_hp_gain":0,"max_hp_loss":0,"event_name":"betterThird:BetterNest","floor":30,"gold_loss":0},{"damage_healed":0,"gold_gain":0,"player_choice":"Fought Bandits","damage_taken":0,"max_hp_gain":0,"max_hp_loss":0,"event_name":"Masked Bandits","floor":31,"gold_loss":0},{"damage_healed":0,"gold_gain":0,"player_choice":"Forge","damage_taken":0,"max_hp_gain":0,"max_hp_loss":0,"event_name":"Accursed Blacksmith","floor":37,"gold_loss":0,"cards_upgraded":["DTMod:Astonish"]},{"damage_healed":0,"gold_gain":0,"player_choice":"Fight","damage_taken":0,"max_hp_gain":0,"max_hp_loss":0,"event_name":"Mysterious Sphere","floor":39,"gold_loss":0},{"cards_removed":["DTMod:Inferno"],"damage_healed":0,"gold_gain":0,"player_choice":"Removed Attack","damage_taken":0,"max_hp_gain":0,"max_hp_loss":0,"event_name":"Falling","floor":44,"gold_loss":0}],"is_beta":false,"boss_relics":[{"not_picked":["Snecko Eye","ChewingGum"],"picked":"Replay:Grab Bag"},{"not_picked":["Velvet Choker","ReplayTheSpireMod:DimensionalGlitch"],"picked":"Cursed Key"},{"not_picked":["ReplayTheSpireMod:Onyx Gauntlets","Runic Dome"],"picked":"Philosopher\u0027s Stone"},{"not_picked":["SacredBark","Runic Pyramid"],"picked":"SlaversCollar"},{"not_picked":["Ring of Chaos","Empty Cage"],"picked":"Calling Bell"},{"not_picked":["Tiny House","Busted Crown"],"picked":"Replay:Ancient Bell"},{"not_picked":["Bag of Marbles","Replay:Mystery Machine"],"picked":"Juzu Bracelet"},{"not_picked":["Singing Bowl","Blue Candle"],"picked":"Replay:Bottled Eggs"},{"not_picked":["Shovel","DTMod:SolidMemories"],"picked":"Gambling Chip"}],"items_purged_floors":[38,42,53],"is_endless":false,"potions_floor_spawned":[1,5,11,16,18,24,28,31,33,39,40,47],"ascension_level":0}}