{"host":"2461dio7vetlq1z3","time":1609414818,"event":{"mods":["2.2 Compatiblity","AchievementEnabler","Aspiration","BaseMod","Better Third Choice","Friendly Minions","Hermit","Minty Spire (QoL Compilation)","Relic Stats","Spicy Shops","StSLib","Waifu the Spire"],"gold_per_floor":[360,360,375,59,59,98,98,81,81,81,1,1,14,55,55,146,146,171,446,18,31,46,81,81,106,175,195,195,226,226,260,260,349,349,374,390,390,413,438,438,49,74,74,93,126,145,179,238,238,238,238],"floor_reached":50,"playtime":2485,"items_purged":["Strike_G","Regret","Pride"],"score":1340,"play_id":"1209808d-887d-4f0d-8af6-f6966f1b12fd","local_time":"20201231124018","is_ascension_mode":true,"campfire_choices":[{"floor":7,"key":"REST"},{"data":"Infinite Blades","floor":10,"key":"SMITH"},{"data":"Adrenaline","floor":12,"key":"SMITH"},{"floor":15,"key":"REST"},{"data":"After Image","floor":24,"key":"SMITH"},{"data":"Burst","floor":30,"key":"SMITH"},{"floor":32,"key":"REST"},{"floor":40,"key":"REST"},{"floor":49,"key":"RECALL"}],"circlet_count":0,"master_deck":["AscendersBane","Strike_G","Strike_G","Strike_G","Strike_G","Defend_G","Defend_G","Defend_G","Defend_G","Defend_G","Survivor","Neutralize","Dagger Spray","Infinite Blades","Infinite Blades+1","Infinite Blades","Adrenaline+1","Footwork","PiercingWail","Phantasmal Killer","A Thousand Cuts+1","Backstab","Underhanded Strike","After Image+1","Blade Dance","Leg Sweep","Cloak And Dagger+1","Burst+1","Footwork+1","Malaise+1","Deflect","PiercingWail+1","Deflect+1","Finisher+1","Acrobatics+1","Deflect","Finesse","Reflex","Blur","Backflip","Calculated Gamble+1"],"relics":["Ring of the Snake","Golden Idol","Tingsha","Ginger","Kunai","aspiration:PoetsPen_weak","Shuriken","Lee\u0027s Waffle","Nunchaku","Question Card","Incense Burner","Potion Belt","HoveringKite","Orrery","Akabeko","Blood Vial","CaptainsWheel"],"acts_visited":["Exordium","TheCity","TheBeyond"],"potions_floor_usage":[6,16,16,22,23,29,36,38,45,45,47,48],"damage_taken":[{"damage":2,"enemies":"2 Louse","floor":1,"turns":4},{"damage":6,"enemies":"Cultist","floor":3,"turns":4},{"damage":24,"enemies":"Gremlin Nob","floor":6,"turns":4},{"damage":0,"enemies":"Jaw Worm","floor":13,"turns":4},{"damage":15,"enemies":"3 Sentries","floor":14,"turns":8},{"damage":23,"enemies":"Hexaghost","floor":16,"turns":10},{"damage":22,"enemies":"2 Thieves","floor":18,"turns":4},{"damage":0,"enemies":"3 Byrds","floor":21,"turns":4},{"damage":0,"enemies":"Snake Plant","floor":22,"turns":3},{"damage":3,"enemies":"Gremlin Leader","floor":23,"turns":4},{"damage":9,"enemies":"Cultist and Chosen","floor":25,"turns":3},{"damage":0,"enemies":"3 Cultists","floor":27,"turns":4},{"damage":9,"enemies":"Slavers","floor":29,"turns":3},{"damage":20,"enemies":"Book of Stabbing","floor":31,"turns":5},{"damage":0,"enemies":"Automaton","floor":33,"turns":5},{"damage":14,"enemies":"3 Shapes","floor":35,"turns":3},{"damage":11,"enemies":"3 Darklings","floor":36,"turns":3},{"damage":0,"enemies":"4 Shapes","floor":38,"turns":3},{"damage":13,"enemies":"Writhing Mass","floor":39,"turns":8},{"damage":10,"enemies":"Maw","floor":42,"turns":6},{"damage":0,"enemies":"Sphere and 2 Shapes","floor":44,"turns":3},{"damage":27,"enemies":"Reptomancer","floor":45,"turns":5},{"damage":0,"enemies":"Writhing Mass","floor":46,"turns":6},{"damage":0,"enemies":"Nemesis","floor":47,"turns":5},{"damage":9,"enemies":"2 Orb Walkers","floor":48,"turns":4},{"damage":17,"enemies":"Donu and Deca","floor":50,"turns":1}],"seed_played":"-576146989859873175","potions_obtained":[{"floor":3,"key":"BlessingOfTheForge"},{"floor":6,"key":"CunningPotion"},{"floor":13,"key":"Block Potion"},{"floor":21,"key":"Fire Potion"},{"floor":25,"key":"GamblersBrew"},{"floor":27,"key":"CunningPotion"},{"floor":36,"key":"SkillPotion"},{"floor":38,"key":"Block Potion"},{"floor":44,"key":"PowerPotion"},{"floor":45,"key":"ColorlessPotion"},{"floor":46,"key":"Swift Potion"}],"is_trial":false,"path_per_floor":["M","?","M","$","?","E","R","$","T","R","$","R","M","E","R","B",null,"M","?","$","M","M","E","R","M","T","M","?","E","R","E","R","B",null,"M","M","?","M","M","R","$","M","T","M","E","M","E","?","R","B"],"character_chosen":"THE_SILENT","items_purchased":["Infinite Blades","Adrenaline","Footwork","Shuriken","Lee\u0027s Waffle","Explosive Potion","Orrery","Finesse"],"campfire_rested":4,"item_purchase_floors":[4,8,11,20,20,20,41,41],"current_hp_per_floor":[57,62,56,56,34,10,29,29,29,29,29,29,29,14,33,10,51,29,29,72,72,72,69,69,60,60,60,60,51,51,31,52,52,67,53,42,42,42,29,50,50,40,40,40,13,13,13,6,6,0,0],"gold":238,"neow_bonus":"TWO_FIFTY_GOLD","is_daily":false,"chose_seed":false,"campfire_upgraded":4,"win_rate":0.0,"timestamp":1609414818,"path_taken":["M","?","M","$","?","E","R","$","T","R","$","R","M","E","R","BOSS","M","?","$","M","?","E","R","M","T","M","?","E","R","E","R","BOSS","M","?","?","M","?","R","$","M","T","M","E","M","E","?","R","BOSS"],"items_purchased_type":["Card","Card","Card","Relic","Relic","Potion","Relic","Card"],"build_version":"2020-12-22","purchased_purges":3,"victory":false,"max_hp_per_floor":[60,65,65,65,65,65,65,65,65,65,65,65,65,65,65,65,65,65,65,72,72,72,72,72,72,72,72,72,72,72,72,72,72,72,72,72,72,72,72,72,72,72,72,72,72,72,72,72,72,72,72],"relic_stats":{"Lee\u0027s Waffle":43,"counters":[26,116],"Golden Idol":152,"HoveringKite":[44],"Tingsha":[534],"Ginger":[11],"Question Card":19,"Blood Vial":4,"Nunchaku":[28],"Shuriken":[84],"Kunai":[98],"obtain_stats":[{"Potion Belt":31,"Lee\u0027s Waffle":20,"Golden Idol":5,"HoveringKite":34,"Tingsha":6,"aspiration:PoetsPen_weak":17,"Incense Burner":29,"Ginger":9,"Question Card":26,"Akabeko":45,"Blood Vial":47,"Nunchaku":23,"CaptainsWheel":48,"Shuriken":20,"Orrery":41,"Kunai":14,"Ring of the Snake":0},{"Potion Belt":14,"Lee\u0027s Waffle":7,"Golden Idol":2,"HoveringKite":15,"Tingsha":3,"aspiration:PoetsPen_weak":6,"Incense Burner":13,"Ginger":3,"Question Card":11,"Akabeko":22,"Blood Vial":24,"Nunchaku":10,"CaptainsWheel":25,"Shuriken":7,"Orrery":19,"Kunai":5,"Ring of the Snake":0},{"Potion Belt":64,"Lee\u0027s Waffle":38,"Golden Idol":8,"HoveringKite":69,"Tingsha":12,"aspiration:PoetsPen_weak":34,"Incense Burner":59,"Ginger":12,"Question Card":52,"Akabeko":100,"Blood Vial":111,"Nunchaku":49,"CaptainsWheel":115,"Shuriken":38,"Orrery":86,"Kunai":24,"Ring of the Snake":0}],"Ring of the Snake":[52]},"card_choices":[{"not_picked":["Sucker Punch","Cloak And Dagger"],"picked":"Dagger Spray","floor":1},{"not_picked":["PiercingWail","Calculated Gamble"],"picked":"Infinite Blades","floor":3},{"not_picked":["Heel Hook","Expertise"],"picked":"Infinite Blades","floor":6},{"not_picked":["Flying Knee","Prepared"],"picked":"PiercingWail","floor":13},{"not_picked":["All Out Attack","Deadly Poison"],"picked":"Phantasmal Killer","floor":14},{"not_picked":["Wraith Form v2","Adrenaline"],"picked":"A Thousand Cuts","floor":16},{"not_picked":["Crippling Poison","Noxious Fumes+1"],"picked":"Backstab","floor":18},{"not_picked":["Sucker Punch","Catalyst+1"],"picked":"Underhanded Strike","floor":21},{"not_picked":["Deadly Poison+1","Choke"],"picked":"After Image","floor":22},{"not_picked":["Outmaneuver+1","Bane","Blade Dance"],"picked":"SKIP","floor":23},{"not_picked":["Outmaneuver+1","Bane"],"picked":"Blade Dance","floor":23},{"not_picked":["Endless Agony","Dagger Throw"],"picked":"Leg Sweep","floor":25},{"not_picked":["Acrobatics","Backflip","Well Laid Plans"],"picked":"Cloak And Dagger+1","floor":27},{"not_picked":["Sucker Punch","All Out Attack","Dagger Spray+1"],"picked":"Burst","floor":29},{"not_picked":["Choke+1","Dagger Throw","Underhanded Strike"],"picked":"Footwork+1","floor":31},{"not_picked":["Phantasmal Killer","Doppelganger","Glass Knife"],"picked":"Malaise","floor":33},{"not_picked":["Slice+1","Caltrops","Cloak And Dagger","Dagger Spray"],"picked":"SKIP","floor":35},{"not_picked":["Blade Dance","Deadly Poison","PiercingWail"],"picked":"Deflect","floor":36},{"not_picked":["A Thousand Cuts","Slice","Quick Slash"],"picked":"PiercingWail+1","floor":38},{"not_picked":["Prepared","Sucker Punch","Slice"],"picked":"Deflect+1","floor":39},{"not_picked":["Backstab","Quick Slash","Concentrate"],"picked":"Finisher+1","floor":41},{"not_picked":["Malaise","Predator","Terror"],"picked":"Acrobatics+1","floor":41},{"not_picked":["Deadly Poison+1","Dagger Throw","Dagger Spray"],"picked":"Deflect","floor":41},{"not_picked":["Sucker Punch","Storm of Steel","Blade Dance+1"],"picked":"Reflex","floor":42},{"not_picked":["Setup","Underhanded Strike","Finisher+1"],"picked":"Blur","floor":44},{"not_picked":["Sucker Punch","Acrobatics","Masterful Stab+1"],"picked":"Backflip","floor":45},{"not_picked":["Corpse Explosion","Prepared","Dagger Throw+1","Endless Agony+1"],"picked":"SKIP","floor":46},{"not_picked":["Acrobatics","Cloak And Dagger","Bane+1","Outmaneuver"],"picked":"SKIP","floor":47},{"not_picked":["Endless Agony","Cloak And Dagger","Bane"],"picked":"Calculated Gamble+1","floor":48}],"player_experience":1029714,"relics_obtained":[{"floor":6,"key":"Tingsha"},{"floor":9,"key":"Ginger"},{"floor":14,"key":"Kunai"},{"floor":23,"key":"Nunchaku"},{"floor":26,"key":"Question Card"},{"floor":29,"key":"Incense Burner"},{"floor":31,"key":"Potion Belt"},{"floor":45,"key":"Akabeko"},{"floor":47,"key":"Blood Vial"},{"floor":48,"key":"CaptainsWheel"}],"event_choices":[{"damage_healed":0,"gold_gain":0,"player_choice":"Donut","damage_taken":0,"max_hp_gain":5,"max_hp_loss":0,"event_name":"Big Fish","floor":2,"gold_loss":0},{"damage_healed":0,"gold_gain":0,"player_choice":"Take Damage","damage_taken":22,"relics_obtained":["Golden Idol"],"max_hp_gain":0,"max_hp_loss":0,"event_name":"Golden Idol","floor":5,"gold_loss":0},{"damage_healed":0,"gold_gain":275,"player_choice":"Desecrate","damage_taken":0,"max_hp_gain":0,"max_hp_loss":0,"event_name":"Golden Shrine","floor":19,"gold_loss":0,"cards_obtained":["Regret"]},{"damage_healed":0,"gold_gain":0,"player_choice":"Upgraded","damage_taken":0,"max_hp_gain":0,"max_hp_loss":0,"event_name":"Upgrade Shrine","floor":28,"gold_loss":0,"cards_upgraded":["A Thousand Cuts"]},{"damage_healed":0,"gold_gain":0,"player_choice":"Forge","damage_taken":0,"max_hp_gain":0,"max_hp_loss":0,"event_name":"Accursed Blacksmith","floor":37,"gold_loss":0,"cards_upgraded":["Malaise"]},{"damage_healed":0,"gold_gain":0,"player_choice":"Fight","damage_taken":0,"max_hp_gain":0,"max_hp_loss":0,"event_name":"Mysterious Sphere","floor":48,"gold_loss":0}],"is_beta":false,"boss_relics":[{"not_picked":["Coffee Dripper","aspiration:SecretTechniqueScroll"],"picked":"aspiration:PoetsPen_weak"},{"not_picked":["Runic Pyramid","Tiny House"],"picked":"HoveringKite"}],"items_purged_floors":[4,20,41],"is_endless":false,"potions_floor_spawned":[3,6,13,21,25,27,36,38,44,45,46],"killed_by":"Donu and Deca","ascension_level":20}}