{"host":"ohysexhjt9sgbosk","time":1609445117,"event":{"mods":["AchievementEnabler","BaseMod","Better Altar","Better Skull","Better Third Choice","BetterRewards","Colored Map","Colored Powertips","Curses Come First","Evolution","Key Reminder","Minty Spire (QoL Compilation)","Rare Cards Sparkle","Spicy Shops","StSLib"],"gold_per_floor":[115,130,130,143,155,183,183,212,212,270,270,126,151,116,116,219,219,232,245,245,256,104,130,130,140,140,173,184,28,28,28,28,125,125,137,137,151,167,181,212,212,243,243,243,243,99,0,17,17,17,17,17,17,42,42,42],"floor_reached":55,"playtime":4809,"items_purged":[],"score":1160,"play_id":"2109e481-604c-4f6e-bc8a-31d1be214a84","local_time":"20201231130517","is_ascension_mode":true,"campfire_choices":[{"floor":7.0,"key":"RECALL"},{"data":"Fusion","floor":11.0,"key":"SMITH"},{"data":"White Noise","floor":15.0,"key":"SMITH"},{"floor":24.0,"key":"REST"},{"data":"Echo Form","floor":32.0,"key":"SMITH"},{"data":"Biased Cognition","floor":41,"key":"SMITH"},{"data":"Loop","floor":49,"key":"SMITH"},{"data":"Electrodynamics","floor":52,"key":"SMITH"}],"circlet_count":0,"master_deck":["Ball Lightning","Ball Lightning","Ball Lightning","Ball Lightning","Leap","Leap","Leap","Leap","Cold Snap","Go for the Eyes","Loop+1","Biased Cognition+1","Coolheaded","Fusion+1","White Noise+1","Steam","Rainbow","Cold Snap","Rebound","Echo Form+1","Glacier","Aggregate","Cold Snap","Redo+1","Conserve Battery","Electrodynamics+1","Reinforced Body","Bandage Up","Defragment+1","Self Repair+1","Genetic Algorithm","White Noise+1","Rainbow","Darkness+1","Darkness+1"],"relics":["Cracked Core","EVO:Axolotl","PreservedInsect","Turnip","Juzu Bracelet","Bronze Scales","Bottled Lightning","HandDrill","Bag of Marbles","Sozu","Blood Vial","Anchor","Bottled Flame","Toy Ornithopter","TheAbacus","Girya","Empty Cage","Mummified Hand","White Beast Statue","Pear","Unceasing Top","Lee\u0027s Waffle","Red Mask","Ornamental Fan"],"acts_visited":["Exordium","TheCity","TheBeyond","TheEnding"],"potions_floor_usage":[],"damage_taken":[{"damage":0.0,"enemies":"2 Louse","floor":1.0,"turns":2.0},{"damage":0.0,"enemies":"Cultist","floor":2.0,"turns":3.0},{"damage":8.0,"enemies":"Jaw Worm","floor":4.0,"turns":2.0},{"damage":0.0,"enemies":"Blue Slaver","floor":5.0,"turns":3.0},{"damage":0.0,"enemies":"Gremlin Nob","floor":6.0,"turns":2.0},{"damage":7.0,"enemies":"3 Sentries","floor":8.0,"turns":3.0},{"damage":8.0,"enemies":"Lagavulin Event","floor":10.0,"turns":4.0},{"damage":0.0,"enemies":"Gremlin Nob","floor":13.0,"turns":3.0},{"damage":20.0,"enemies":"Hexaghost","floor":16.0,"turns":7.0},{"damage":9.0,"enemies":"2 Thieves","floor":18.0,"turns":4.0},{"damage":0.0,"enemies":"Shell Parasite","floor":19.0,"turns":3.0},{"damage":14.0,"enemies":"Shelled Parasite and Fungi","floor":21.0,"turns":4.0},{"damage":10.0,"enemies":"Gremlin Leader","floor":23.0,"turns":5.0},{"damage":0.0,"enemies":"Snake Plant","floor":25.0,"turns":4.0},{"damage":0.0,"enemies":"Book of Stabbing","floor":27.0,"turns":4.0},{"damage":0.0,"enemies":"Centurion and Healer","floor":28.0,"turns":5.0},{"damage":34.0,"enemies":"Automaton","floor":33.0,"turns":13.0},{"damage":0,"enemies":"Orb Walker","floor":35,"turns":4},{"damage":2,"enemies":"3 Shapes","floor":37,"turns":5},{"damage":7,"enemies":"3 Darklings","floor":38,"turns":5},{"damage":0,"enemies":"Jaw Worm Horde","floor":39,"turns":3},{"damage":2,"enemies":"Reptomancer","floor":40,"turns":6},{"damage":15,"enemies":"Giant Head","floor":42,"turns":7},{"damage":15,"enemies":"Spire Growth","floor":48,"turns":4},{"damage":17,"enemies":"Donu and Deca","floor":50,"turns":9},{"damage":0,"enemies":"Shield and Spear","floor":54,"turns":4},{"damage":101,"enemies":"The Heart","floor":55,"turns":6}],"seed_played":"6086849656505692201","potions_obtained":[{"floor":1.0,"key":"Explosive Potion"},{"floor":8.0,"key":"BlessingOfTheForge"},{"floor":10.0,"key":"AttackPotion"},{"floor":13.0,"key":"BlessingOfTheForge"}],"is_trial":false,"path_per_floor":["M","M","?","M","M","E","R","E","T","?","R","$","E","?","R","B",null,"M","M","?","M","$","E","R","M","T","E","M","$","?","?","R","B",null,"M","?","M","M","M","E","R","E","T","?","?","$","?","M","R","B",null,"R","$","E","B"],"character_chosen":"DEFECT","items_purchased":["PreservedInsect","HandDrill","Blood Vial","TheAbacus","Lee\u0027s Waffle"],"campfire_rested":1,"item_purchase_floors":[0,12,22,29,46],"current_hp_per_floor":[70,70,70,62,62,62,62,55,55,47,47,47,47,64,64,44,70,61,61,61,47,47,39,60,62,62,64,66,66,66,66,66,34,70,70,60,64,67,70,68,68,69,79,79,79,87,87,84,84,80,87,87,87,87,0,0],"gold":42,"neow_bonus":"","is_daily":false,"chose_seed":false,"campfire_upgraded":6,"win_rate":0.0,"timestamp":1609445117,"path_taken":["M","M","?","M","M","E","R","E","T","?","R","$","E","?","R","BOSS","M","M","?","M","$","E","R","M","T","E","M","$","?","?","R","BOSS","M","?","M","M","M","E","R","E","T","?","?","$","?","M","R","BOSS","R","$","E","BOSS"],"items_purchased_type":["Relic","Relic","Relic","Relic","Relic"],"build_version":"2020-12-22","purchased_purges":0,"victory":false,"max_hp_per_floor":[70,70,70,70,70,70,70,70,70,70,70,70,70,70,70,70,70,70,70,70,70,70,70,70,70,70,70,70,70,70,70,70,70,70,70,70,70,70,70,70,70,70,80,80,80,87,87,87,87,87,87,87,87,87,87,87],"card_choices":[{"not_picked":["Stack","Consume"],"picked":"Cold Snap","floor":1.0},{"not_picked":["Barrage","Lockon"],"picked":"Go for the Eyes","floor":2.0},{"not_picked":["Recycle","Aggregate"],"picked":"Loop","floor":4.0},{"not_picked":["Streamline","Cold Snap"],"picked":"Biased Cognition","floor":5.0},{"not_picked":["Force Field","Reinforced Body"],"picked":"Coolheaded","floor":6.0},{"not_picked":["Auto Shields","Reinforced Body"],"picked":"Fusion","floor":8.0},{"not_picked":["Rebound","Gash"],"picked":"White Noise","floor":10.0},{"not_picked":["Sweeping Beam","Compile Driver"],"picked":"Steam","floor":13.0},{"not_picked":["Multi-Cast","Fission"],"picked":"Rainbow","floor":16.0},{"not_picked":["Gash+1","Coolheaded"],"picked":"Cold Snap","floor":18.0},{"not_picked":["Steam","Beam Cell"],"picked":"Rebound","floor":19.0},{"not_picked":["Coolheaded+1","Go for the Eyes"],"picked":"Glacier","floor":21.0},{"not_picked":["Reprogram","Fusion"],"picked":"Aggregate","floor":23.0},{"not_picked":["Compile Driver","Turbo"],"picked":"Cold Snap","floor":25.0},{"not_picked":["Go for the Eyes","Turbo"],"picked":"Redo+1","floor":27.0},{"not_picked":["Streamline","Beam Cell"],"picked":"Conserve Battery","floor":28.0},{"not_picked":["Biased Cognition","Rainbow"],"picked":"Electrodynamics","floor":33.0},{"not_picked":["Gash+1","Tempest"],"picked":"Reinforced Body","floor":35},{"not_picked":["Secret Weapon","Chrysalis"],"picked":"Bandage Up","floor":36},{"not_picked":["Trip","Madness"],"picked":"Master of Strategy","floor":36},{"not_picked":["Leap","Lockon+1"],"picked":"Defragment+1","floor":37},{"not_picked":["Undo+1","Reinforced Body"],"picked":"Self Repair+1","floor":38},{"not_picked":["Fusion+1","Consume"],"picked":"Genetic Algorithm","floor":39},{"not_picked":["Reprogram+1","Undo"],"picked":"White Noise+1","floor":40},{"not_picked":["Streamline+1","Rebound+1"],"picked":"Rainbow","floor":42},{"not_picked":["Streamline","Gash+1"],"picked":"Darkness+1","floor":48},{"not_picked":["Redo","Melter"],"picked":"Darkness+1","floor":54}],"player_experience":98672,"relics_obtained":[{"floor":6.0,"key":"Juzu Bracelet"},{"floor":8.0,"key":"Bronze Scales"},{"floor":10.0,"key":"Bottled Lightning"},{"floor":13.0,"key":"Bag of Marbles"},{"floor":23.0,"key":"Anchor"},{"floor":26.0,"key":"Bottled Flame"},{"floor":27.0,"key":"Toy Ornithopter"},{"floor":40,"key":"Mummified Hand"},{"floor":42,"key":"White Beast Statue"},{"floor":43,"key":"Pear"},{"floor":54,"key":"Ornamental Fan"}],"event_choices":[{"cards_removed":["Dualcast"],"damage_healed":0.0,"max_hp_gain":0.0,"max_hp_loss":0.0,"gold_gain":0.0,"event_name":"NoteForYourself","player_choice":"Took Card","floor":3.0,"gold_loss":0.0,"damage_taken":0.0,"cards_obtained":["Iron Wave"]},{"damage_healed":0.0,"max_hp_gain":0.0,"max_hp_loss":0.0,"gold_gain":0.0,"event_name":"Dead Adventurer","player_choice":"Searched \u00271\u0027 times","floor":10.0,"gold_loss":0.0,"damage_taken":0.0},{"damage_healed":17.0,"max_hp_gain":0.0,"max_hp_loss":0.0,"gold_gain":0.0,"event_name":"The Cleric","player_choice":"Healed","floor":14.0,"gold_loss":35.0,"damage_taken":0.0},{"damage_healed":0.0,"max_hp_gain":0.0,"max_hp_loss":0.0,"gold_gain":0.0,"event_name":"The Library","player_choice":"Read","floor":20.0,"gold_loss":0.0,"damage_taken":0.0,"cards_obtained":["Echo Form"]},{"damage_healed":0.0,"max_hp_gain":0.0,"max_hp_loss":0.0,"gold_gain":0.0,"event_name":"Vampires","player_choice":"Ignored","floor":30.0,"gold_loss":0.0,"damage_taken":0.0},{"damage_healed":0.0,"max_hp_gain":0.0,"max_hp_loss":0.0,"gold_gain":0.0,"event_name":"The Mausoleum","player_choice":"Opened","floor":31.0,"gold_loss":0.0,"damage_taken":0.0,"relics_obtained":["Girya"],"cards_obtained":["Writhe"]},{"damage_healed":0,"gold_gain":0,"player_choice":"Memory 3","damage_taken":10,"max_hp_gain":0,"max_hp_loss":0,"event_name":"SensoryStone","floor":36,"gold_loss":0},{"cards_removed":["Master of Strategy"],"damage_healed":0,"gold_gain":0,"player_choice":"Gave Card","damage_taken":0,"relics_obtained":["Unceasing Top"],"max_hp_gain":0,"max_hp_loss":0,"event_name":"WeMeetAgain","floor":44,"gold_loss":0},{"cards_removed":["Iron Wave"],"damage_healed":0,"gold_gain":0,"player_choice":"Removed Attack","damage_taken":0,"max_hp_gain":0,"max_hp_loss":0,"event_name":"Falling","floor":45,"gold_loss":0},{"damage_healed":0,"gold_gain":0,"player_choice":"Paid","damage_taken":0,"relics_obtained":["Red Mask"],"max_hp_gain":0,"max_hp_loss":0,"event_name":"Tomb of Lord Red Mask","floor":47,"gold_loss":99}],"is_beta":false,"boss_relics":[{"not_picked":["Busted Crown","Astrolabe"],"picked":"Sozu"},{"not_picked":["Tiny House","Snecko Eye"],"picked":"Empty Cage"}],"items_purged_floors":[],"is_endless":false,"potions_floor_spawned":[1,8,10,13,18,21,28,37,40,48,54],"killed_by":"The Heart","ascension_level":1}}