{"host":"mg76ttosiqzmuff4","time":1609455161,"event":{"mods":["BaseMod","Block Reminder","Colored Powertips","Googly Eyes","Minty Spire (QoL Compilation)","Quick Restart","Relic Stats","StSLib","Waifu the Spire","everything is the same but u backflip on backflip","slay the spire mod where everything is the same but ironclad has a cowboy hat"],"gold_per_floor":[114,114,127,52,52,52,93,105,117,156,168,195,223,259,271,283,283],"floor_reached":16,"playtime":470,"items_purged":["Strike_G"],"score":138,"play_id":"53afdbde-f3d4-4d77-a2e2-e92a643edcbd","local_time":"20210101015241","is_ascension_mode":true,"campfire_choices":[{"data":"Survivor","floor":6,"key":"SMITH"},{"data":"Poisoned Stab","floor":8,"key":"SMITH"},{"data":"Backflip","floor":11,"key":"SMITH"},{"floor":15,"key":"REST"}],"circlet_count":0,"master_deck":["Strike_G","Strike_G","Strike_G","Defend_G","Defend_G","Defend_G","Defend_G","Defend_G","Survivor+1","Neutralize","Poisoned Stab+1","Quick Slash","Backflip+1","Expertise","Slice","Well Laid Plans"],"relics":["Ring of the Snake","NeowsBlessing","Golden Idol","MawBank","Matryoshka","Nunchaku","Juzu Bracelet"],"acts_visited":["Exordium"],"potions_floor_usage":[],"damage_taken":[{"damage":0,"enemies":"Small Slimes","floor":1,"turns":1},{"damage":0,"enemies":"2 Louse","floor":3,"turns":1},{"damage":0,"enemies":"Lagavulin","floor":7,"turns":1},{"damage":0,"enemies":"Jaw Worm","floor":12,"turns":3},{"damage":2,"enemies":"Gremlin Gang","floor":13,"turns":7},{"damage":1,"enemies":"Looter","floor":14,"turns":3},{"damage":63,"enemies":"The Guardian","floor":16,"turns":15}],"seed_played":"-8380561832882430737","potions_obtained":[{"floor":7,"key":"Regen Potion"},{"floor":13,"key":"CunningPotion"},{"floor":14,"key":"Ancient Potion"}],"is_trial":false,"path_per_floor":["M","?","M","$","?","R","E","R","T","T","R","M","M","M","R","B"],"character_chosen":"THE_SILENT","items_purchased":[],"campfire_rested":1,"item_purchase_floors":[],"current_hp_per_floor":[70,53,53,53,46,46,46,46,46,46,46,46,44,43,64,1,1],"gold":283,"neow_bonus":"THREE_ENEMY_KILL","is_daily":false,"chose_seed":false,"campfire_upgraded":3,"win_rate":0.0,"timestamp":1609455161,"path_taken":["M","?","M","$","?","R","E","R","T","?","R","M","M","M","R","BOSS"],"items_purchased_type":[],"build_version":"2020-12-22","purchased_purges":1,"victory":false,"max_hp_per_floor":[70,70,70,70,70,70,70,70,70,70,70,70,70,70,70,70,70],"relic_stats":{"Nunchaku":[5],"counters":[7,31],"Golden Idol":22,"Juzu Bracelet":0,"MawBank":108,"obtain_stats":[{"Nunchaku":10,"Matryoshka":9,"NeowsBlessing":0,"Golden Idol":2,"Juzu Bracelet":10,"MawBank":7,"Ring of the Snake":0},{"Nunchaku":3,"Matryoshka":3,"NeowsBlessing":0,"Golden Idol":1,"Juzu Bracelet":3,"MawBank":3,"Ring of the Snake":0},{"Nunchaku":3,"Matryoshka":3,"NeowsBlessing":0,"Golden Idol":1,"Juzu Bracelet":3,"MawBank":3,"Ring of the Snake":0}],"Ring of the Snake":[14]},"card_choices":[{"not_picked":["Endless Agony","Dodge and Roll"],"picked":"Poisoned Stab","floor":1},{"not_picked":["Dodge and Roll","Underhanded Strike"],"picked":"Quick Slash","floor":3},{"not_picked":["Prepared","Phantasmal Killer"],"picked":"Backflip","floor":7},{"not_picked":["Bane","Reflex"],"picked":"Expertise","floor":12},{"not_picked":["Deadly Poison","Sucker Punch"],"picked":"Slice","floor":13},{"not_picked":["Dodge and Roll","Acrobatics"],"picked":"Well Laid Plans","floor":14}],"player_experience":134902,"relics_obtained":[{"floor":7,"key":"MawBank"},{"floor":9,"key":"Matryoshka"},{"floor":10,"key":"Nunchaku"},{"floor":10,"key":"Juzu Bracelet"}],"event_choices":[{"damage_healed":0,"gold_gain":0,"player_choice":"Take Damage","damage_taken":17,"relics_obtained":["Golden Idol"],"max_hp_gain":0,"max_hp_loss":0,"event_name":"Golden Idol","floor":2,"gold_loss":0},{"cards_removed":["Strike_G"],"damage_healed":0,"gold_gain":0,"player_choice":"Card Removal","damage_taken":7,"max_hp_gain":0,"max_hp_loss":0,"event_name":"Golden Wing","floor":5,"gold_loss":0}],"is_beta":false,"boss_relics":[],"items_purged_floors":[4],"is_endless":false,"potions_floor_spawned":[7,13,14],"killed_by":"The Guardian","ascension_level":2}}