{"host":"ky7z67tg8zpdk0g7","time":1609389086,"event":{"mods":["BaseMod","Better Third Choice","CapriCore","Displayed Cursed Tome","Energized Spire","Halation","Hubris","Minty Spire (QoL Compilation)","Replay The Spire","Shop Mod","StSLib"],"gold_per_floor":[119,119,134,134,26,26,45,78,103,124,149,178,222,252,252,367,367,405,405,434,44,69,87,87],"floor_reached":23,"playtime":898,"items_purged":["Strike_B","Multi-Cast"],"score":251,"play_id":"57e94f5f-4cd5-4445-9bf8-f29ea8814fe2","local_time":"20201231113126","is_ascension_mode":true,"campfire_choices":[{"data":"Fusion","floor":6,"key":"SMITH"},{"floor":15,"key":"REST"}],"circlet_count":0,"master_deck":["Strike_B","Strike_B","Defend_B","Defend_B","Defend_B","Defend_B","Zap","Dualcast","Gash","Fusion+1","Scrape","Gash","ReplaySort+1","Gash","Hologram","Leap","Pot Of Greed","Pot Of Greed","Leap","Gash","Rip and Tear+1","Panacea"],"relics":["Cracked Core","NeowsBlessing","MawBank","Replay:Bandana","Blood Vial","Grinning Jar","halation:Risk","OrangePellets"],"acts_visited":["Exordium","TheCity"],"potions_floor_usage":[13,16],"damage_taken":[{"damage":0.0,"enemies":"Small Slimes","floor":1.0,"turns":1.0},{"damage":0.0,"enemies":"Cultist","floor":3.0,"turns":1.0},{"damage":0,"enemies":"Jaw Worm","floor":7,"turns":1},{"damage":32,"enemies":"Gremlin Nob","floor":8,"turns":4},{"damage":14,"enemies":"Red Slaver","floor":10,"turns":3},{"damage":11,"enemies":"Blue Slaver","floor":11,"turns":3},{"damage":0,"enemies":"Large Slime","floor":12,"turns":4},{"damage":14,"enemies":"3 Sentries","floor":13,"turns":5},{"damage":11,"enemies":"Exordium Wildlife","floor":14,"turns":4},{"damage":1,"enemies":"Fading Forest","floor":16,"turns":11},{"damage":12,"enemies":"Shell Parasite","floor":18,"turns":3},{"damage":30,"enemies":"Chosen","floor":20,"turns":5},{"damage":30,"enemies":"Snake Plant","floor":22,"turns":4},{"damage":13,"enemies":"Gremlin Leader","floor":23,"turns":2}],"seed_played":"2471593830347314942","potions_obtained":[{"floor":1.0,"key":"Reflective Coating"},{"floor":3.0,"key":"Elixir"},{"floor":11,"key":"FocusPotion"},{"floor":14,"key":"SpeedPotion"},{"floor":16,"key":"Strength Potion"}],"is_trial":false,"path_per_floor":["M","?","M","?","$","R","M","E","T","M","M","M","E","M","R","B",null,"M","?","M","$","M","E"],"character_chosen":"DEFECT","items_purchased":["Gash","OrangePellets","Block Potion","Panacea"],"campfire_rested":1,"item_purchase_floors":[5,21,21,21],"current_hp_per_floor":[75,75,75,75,75,75,75,43,43,31,22,24,12,3,25,36,75,63,63,35,35,7,0,0],"gold":87,"neow_bonus":"THREE_ENEMY_KILL","is_daily":false,"chose_seed":false,"campfire_upgraded":1,"win_rate":0.0,"timestamp":1609389086,"path_taken":["M","?","?","?","$","R","?","E","T","M","M","M","E","M","R","BOSS","M","?","M","$","M","E"],"items_purchased_type":["Card","Relic","Potion","Card"],"build_version":"2020-12-22","purchased_purges":2,"victory":false,"max_hp_per_floor":[75,75,75,75,75,75,75,75,75,75,75,75,75,75,75,75,75,75,75,75,75,75,75,75],"card_choices":[{"not_picked":["Ball Lightning","Static Discharge"],"picked":"Gash","floor":1.0},{"not_picked":["BasicCrystalCard","Rebound"],"picked":"Scrape","floor":3.0},{"not_picked":["Cold Snap","Ball Lightning"],"picked":"ReplaySort","floor":7},{"not_picked":["Coolheaded","Skim"],"picked":"Gash","floor":8},{"not_picked":["Redo","hubris:Ukulele"],"picked":"Hologram","floor":10},{"not_picked":["Rebound","Coolheaded"],"picked":"Leap","floor":11},{"not_picked":["Compile Driver","Tempest","Cold Snap"],"picked":"SKIP","floor":12},{"not_picked":["Turbo","hubris:SpecializedCircuitry"],"picked":"Leap","floor":13},{"not_picked":["Streamline","Coolheaded"],"picked":"Gash","floor":14},{"not_picked":["Thunder Strike","hubris:DoWhile"],"picked":"Multi-Cast","floor":16},{"not_picked":["Steam+1","Redo+1","Stack+1"],"picked":"SKIP","floor":18},{"not_picked":["Aggregate","Defragment+1"],"picked":"Rip and Tear+1","floor":20},{"not_picked":["Cold Snap","Compile Driver+1","Conserve Battery"],"picked":"SKIP","floor":22}],"player_experience":54624,"relics_obtained":[{"floor":8,"key":"Replay:Bandana"},{"floor":9,"key":"Blood Vial"},{"floor":13,"key":"Grinning Jar"}],"event_choices":[{"damage_healed":0.0,"max_hp_gain":0.0,"max_hp_loss":0.0,"gold_gain":0.0,"cards_transformed":["Strike_B"],"event_name":"Transmorgrifier","player_choice":"Transformed","floor":2.0,"gold_loss":0.0,"damage_taken":0.0,"cards_obtained":["Fusion"]},{"damage_healed":0.0,"max_hp_gain":0.0,"max_hp_loss":0.0,"gold_gain":0.0,"event_name":"WeMeetAgain","player_choice":"Gave Potion","floor":4.0,"gold_loss":0.0,"damage_taken":0.0,"relics_obtained":["MawBank"]},{"damage_healed":0,"gold_gain":0,"player_choice":"Forge","damage_taken":0,"max_hp_gain":0,"max_hp_loss":0,"event_name":"Accursed Blacksmith","floor":19,"gold_loss":0,"cards_upgraded":["ReplaySort"]}],"is_beta":false,"boss_relics":[{"not_picked":["Cursed Key","Sozu"],"picked":"halation:Risk"}],"items_purged_floors":[5,21],"is_endless":false,"potions_floor_spawned":[1,3,11,14,16],"killed_by":"Gremlin Leader","ascension_level":2}}