{"host":"r4e4q8yhb91dmdr8","time":1609452799,"event":{"mods":["AchievementEnabler","BaseMod","Better Note","Better Skull","Colored Map","Colored Powertips","Duelist Mod","GifTheSpireLib","Highlight Path","Jorbs\u0027s Wanderer Trilogy","Minty Spire (QoL Compilation)","Nova Terra(??·??)","Quick Restart","Random Character Button","Rare Cards Sparkle","Relic Stats","Remove Card Discount Mod","Shop Mod","StSLib","The Alterego","The Death Knight","The Fake Hero","The Marked","The Mystic","The Necromancer","The Wild Card","TheHero","TheWitcher"],"gold_per_floor":[3111,2401,2419,2419,2419,2419,2454,2454,2454,2454,2472,2483,1483,1511,1511,1612,1612,1626,1536,1392,1403,1421,1421,1475,1475,1475,1485,1503,1522,1522,1540,1540,1635,1635,1645,1645,1494,1494,691,691,691,710,756,756,771,796,807,826,826,826,826,826,669,717,717],"floor_reached":56,"playtime":5018,"items_purged":["Defend_P","Strike_P"],"score":1322,"play_id":"1deed6e0-ea83-4d6e-9b35-bad5e69592c0","local_time":"20201231141319","is_ascension_mode":false,"campfire_choices":[{"data":"Jack Of All Trades","floor":6,"key":"SMITH"},{"data":"BattleHymn","floor":8,"key":"SMITH"},{"data":"Magnetism","floor":15,"key":"SMITH"},{"data":"LikeWater","floor":23,"key":"SMITH"},{"data":"Vault","floor":25,"key":"SMITH"},{"floor":32,"key":"RECALL"},{"data":"Madness","floor":41,"key":"SMITH"},{"data":"Bandage Up","floor":49,"key":"SMITH"},{"data":"WheelKick","floor":52,"key":"SMITH"}],"circlet_count":0,"master_deck":["Strike_P","Strike_P+1","Defend_P","Defend_P+1","Eruption","Vigilance","Scrawl","Pray+1","Master of Strategy+1","Jack Of All Trades+1","FearNoEvil","FollowUp","Prostrate","ThirdEye+1","LikeWater+1","Halt","BattleHymn+1","ReachHeaven","EmptyFist","Magnetism+1","Finesse","SignatureMove+1","FollowUp+1","Adaptation","Vault+1","JustLucky","FlurryOfBlows","FlurryOfBlows+1","TalkToTheHand+1","FlurryOfBlows","BattleHymn+1","TalkToTheHand+1","Sadistic Nature","Bandage Up+1","WheelKick+1","Madness","Madness+1","BowlingBash+1","Consecrate+1","FlurryOfBlows+1"],"relics":["PureWater","Vajra","MerchantsRug","Gremlin Horn","Odd Mushroom","Black Star","War Paint","Mango","Oddly Smooth Stone","Happy Flower","Sozu","Nunchaku","HandDrill","Ginger","Strawberry","Orichalcum","Molten Egg 2","Pen Nib","Bronze Scales"],"acts_visited":["Exordium","TheCity","TheBeyond","TheEnding"],"potions_floor_usage":[7,7,16,16,16,50,55,55],"damage_taken":[{"damage":9.0,"enemies":"Small Slimes","floor":1.0,"turns":6.0},{"damage":0,"enemies":"Jaw Worm","floor":3,"turns":4},{"damage":18,"enemies":"3 Sentries","floor":7,"turns":8},{"damage":0,"enemies":"Cultist","floor":11,"turns":2},{"damage":18,"enemies":"2 Fungi Beasts","floor":12,"turns":3},{"damage":66,"enemies":"The Mushroom Lair","floor":14,"turns":8},{"damage":38,"enemies":"The Guardian","floor":16,"turns":9},{"damage":32,"enemies":"Spheric Guardian","floor":18,"turns":5},{"damage":37,"enemies":"3 Byrds","floor":21,"turns":6},{"damage":12,"enemies":"3 Cultists","floor":22,"turns":3},{"damage":14,"enemies":"theDuelist:KaibaA2","floor":24,"turns":5},{"damage":1,"enemies":"Cultist and Chosen","floor":27,"turns":4},{"damage":0,"enemies":"Snecko","floor":28,"turns":1},{"damage":0,"enemies":"Centurion and Healer","floor":29,"turns":1},{"damage":0,"enemies":"Snake Plant","floor":31,"turns":1},{"damage":28,"enemies":"Automaton","floor":33,"turns":4},{"damage":0,"enemies":"Orb Walker","floor":35,"turns":1},{"damage":0,"enemies":"3 Darklings","floor":42,"turns":1},{"damage":0,"enemies":"4 Shapes","floor":45,"turns":1},{"damage":0,"enemies":"Reptomancer","floor":46,"turns":1},{"damage":0,"enemies":"Sphere and 2 Shapes","floor":47,"turns":1},{"damage":0,"enemies":"3 Darklings","floor":48,"turns":1},{"damage":154,"enemies":"Awakened One","floor":50,"turns":7},{"damage":88,"enemies":"Shield and Spear","floor":54,"turns":6},{"damage":42,"enemies":"The Heart","floor":55,"turns":8}],"seed_played":"-2149514348612164941","potions_obtained":[{"floor":1.0,"key":"Strength Potion"},{"floor":7,"key":"StancePotion"},{"floor":14,"key":"Dexterity Potion"},{"floor":21,"key":"AttackPotion"}],"is_trial":false,"path_per_floor":["M","$","M","?","?","R","E","R","T","?","M","M","$","?","R","B",null,"M","?","$","M","M","R","E","R","T","M","M","M","?","M","R","B",null,"M","?","$","?","$","?","R","M","T","?","M","E","M","M","R","B",null,"R","$","E","B",null],"character_chosen":"WATCHER","items_purchased":["Master of Strategy","Jack Of All Trades","FearNoEvil","FollowUp","Prostrate","ThirdEye","LikeWater","EntropicBrew","ColorlessPotion","MerchantsRug","Lee\u0027s Waffle","Gremlin Horn","Magnetism","Finesse","SignatureMove","FollowUp","Adaptation","War Paint","Nunchaku","Sadistic Nature","Bandage Up","HandDrill","Ginger","WheelKick","Pen Nib"],"campfire_rested":0,"item_purchase_floors":[2,2,2,2,2,2,2,2,2,13,13,13,13,13,13,13,13,20,37,39,39,39,39,39,53],"current_hp_per_floor":[63,63,63,63,49,49,31,31,31,31,31,13,79,13,13,35,79,47,47,47,10,28,28,58,58,58,57,57,57,57,57,57,29,93,93,93,93,66,66,54,54,54,61,61,61,61,61,61,61,33,100,100,100,98,62],"gold":717,"neow_bonus":"TRANSFORM_CARD","is_daily":false,"chose_seed":false,"campfire_upgraded":8,"win_rate":0.0,"timestamp":1609452799,"path_taken":["M","$","M","?","?","R","E","R","T","?","M","?","$","?","R","BOSS","M","?","$","M","M","R","E","R","T","M","?","M","?","M","R","BOSS","M","?","$","?","$","?","R","M","T","?","?","E","M","M","R","BOSS","R","$","E","BOSS"],"items_purchased_type":["Card","Card","Card","Card","Card","Card","Card","Potion","Potion","Relic","Relic","Relic","Card","Card","Card","Card","Card","Relic","Relic","Card","Card","Relic","Relic","Card","Relic"],"build_version":"2020-12-22","purchased_purges":2,"victory":true,"max_hp_per_floor":[72,72,72,72,72,72,72,72,72,72,72,72,79,79,79,79,79,79,79,79,79,79,79,93,93,93,93,93,93,93,93,93,93,93,93,93,93,93,93,93,93,93,100,100,100,100,100,100,100,100,100,100,100,100,100],"relic_stats":{"Gremlin Horn":[14,14],"Happy Flower":[12],"counters":[25,90],"Pen Nib":[7],"Ginger":[2],"War Paint":["Pray","ThirdEye"],"Orichalcum":[6],"Sozu":1,"Nunchaku":[11],"Bronze Scales":[78],"Black Star":3,"HandDrill":[4],"obtain_stats":[{"MerchantsRug":13,"Lee\u0027s Waffle":13,"Gremlin Horn":13,"Happy Flower":26,"Vajra":7,"Oddly Smooth Stone":24,"Mango":24,"Pen Nib":53,"Ginger":39,"Odd Mushroom":14,"War Paint":20,"Orichalcum":46,"Sozu":34,"Nunchaku":37,"Strawberry":43,"Bronze Scales":54,"Molten Egg 2":46,"Black Star":17,"HandDrill":39,"PureWater":0},{"MerchantsRug":5,"Lee\u0027s Waffle":5,"Gremlin Horn":5,"Happy Flower":11,"Vajra":3,"Oddly Smooth Stone":11,"Mango":11,"Pen Nib":23,"Ginger":17,"Odd Mushroom":6,"War Paint":8,"Orichalcum":20,"Sozu":16,"Nunchaku":17,"Strawberry":18,"Bronze Scales":24,"Molten Egg 2":20,"Black Star":7,"HandDrill":17,"PureWater":0},{"MerchantsRug":23,"Lee\u0027s Waffle":23,"Gremlin Horn":23,"Happy Flower":59,"Vajra":18,"Oddly Smooth Stone":59,"Mango":59,"Pen Nib":76,"Ginger":68,"Odd Mushroom":31,"War Paint":45,"Orichalcum":69,"Sozu":68,"Nunchaku":68,"Strawberry":69,"Bronze Scales":82,"Molten Egg 2":69,"Black Star":40,"HandDrill":68,"PureWater":0}]},"card_choices":[{"not_picked":["Halt","BowlingBash"],"picked":"Pray","floor":1.0},{"not_picked":["FlyingSleeves","BowlingBash"],"picked":"Halt","floor":3},{"not_picked":["BowlingBash","Crescendo"],"picked":"BattleHymn","floor":7},{"not_picked":["EmptyBody","Halt"],"picked":"ReachHeaven","floor":11},{"not_picked":["Sanctity","Blasphemy"],"picked":"EmptyFist","floor":12},{"not_picked":["Consecrate","CarveReality"],"picked":"SignatureMove","floor":14},{"not_picked":["LessonLearned","Brilliance"],"picked":"Vault","floor":16},{"not_picked":["Protect+1","Halt"],"picked":"JustLucky","floor":18},{"not_picked":["Study","CutThroughFate"],"picked":"FlurryOfBlows","floor":21},{"not_picked":["CutThroughFate","Protect"],"picked":"FlurryOfBlows+1","floor":22},{"not_picked":["FearNoEvil","Evaluate"],"picked":"TalkToTheHand+1","floor":24},{"not_picked":["LikeWater","CutThroughFate+1","Evaluate"],"picked":"SKIP","floor":27},{"not_picked":["SandsOfTime","Adaptation"],"picked":"FlurryOfBlows","floor":28},{"not_picked":["CarveReality","FlurryOfBlows","Prostrate"],"picked":"SKIP","floor":29},{"not_picked":["FollowUp","BowlingBash","FlyingSleeves"],"picked":"SKIP","floor":31},{"not_picked":["CutThroughFate","EmptyBody+1"],"picked":"TalkToTheHand+1","floor":35},{"not_picked":["Protect","JustLucky+1","EmptyFist+1"],"picked":"SKIP","floor":42},{"not_picked":["Fasting2+1","EmptyFist","Meditate"],"picked":"SKIP","floor":45},{"not_picked":["ClearTheMind","Fasting2+1"],"picked":"BowlingBash+1","floor":46},{"not_picked":["JustLucky+1","Evaluate","InnerPeace"],"picked":"SKIP","floor":47},{"not_picked":["ThirdEye+1","EmptyBody+1"],"picked":"Consecrate+1","floor":48},{"not_picked":["CutThroughFate+1","FlyingSleeves+1"],"picked":"FlurryOfBlows+1","floor":54}],"player_experience":34831,"relics_obtained":[{"floor":7,"key":"Vajra"},{"floor":14,"key":"Odd Mushroom"},{"floor":24,"key":"Mango"},{"floor":24,"key":"Oddly Smooth Stone"},{"floor":26,"key":"Happy Flower"},{"floor":43,"key":"Strawberry"},{"floor":46,"key":"Orichalcum"},{"floor":46,"key":"Molten Egg 2"},{"floor":54,"key":"Bronze Scales"}],"event_choices":[{"damage_healed":0,"gold_gain":0,"player_choice":"Entered Light","damage_taken":14,"max_hp_gain":0,"max_hp_loss":0,"event_name":"Shining Light","floor":5,"gold_loss":0,"cards_upgraded":["Master of Strategy","Strike_P"]},{"damage_healed":0,"gold_gain":0,"player_choice":"Ignored","damage_taken":0,"max_hp_gain":0,"max_hp_loss":0,"event_name":"Liars Game","floor":10,"gold_loss":0},{"damage_healed":0,"gold_gain":0,"player_choice":"Fought Mushrooms","damage_taken":0,"max_hp_gain":0,"max_hp_loss":0,"event_name":"Mushrooms","floor":14,"gold_loss":0},{"cards_removed":["Defend_P"],"damage_healed":0,"gold_gain":0,"player_choice":"Upgrade and Remove","damage_taken":0,"max_hp_gain":0,"max_hp_loss":0,"event_name":"Designer","floor":19,"gold_loss":90,"cards_upgraded":["Defend_P"]},{"damage_healed":0,"gold_gain":0,"player_choice":"Copied","damage_taken":0,"max_hp_gain":0,"max_hp_loss":0,"event_name":"Duplicator","floor":30,"gold_loss":0,"cards_obtained":["BattleHymn"]},{"damage_healed":0,"gold_gain":0,"player_choice":"Ignored","damage_taken":0,"max_hp_gain":0,"max_hp_loss":0,"event_name":"Tomb of Lord Red Mask","floor":36,"gold_loss":0},{"damage_healed":0,"gold_gain":0,"player_choice":"Embrace Madness","damage_taken":12,"max_hp_gain":0,"max_hp_loss":0,"event_name":"Winding Halls","floor":40,"gold_loss":0,"cards_obtained":["Madness","Madness"]},{"cards_removed":["SignatureMove"],"damage_healed":0,"gold_gain":0,"player_choice":"Removed Attack","damage_taken":0,"max_hp_gain":0,"max_hp_loss":0,"event_name":"Falling","floor":44,"gold_loss":0}],"is_beta":false,"boss_relics":[{"not_picked":["Tiny House","Ectoplasm"],"picked":"Black Star"},{"not_picked":["Snecko Eye","Coffee Dripper"],"picked":"Sozu"}],"items_purged_floors":[2,13],"is_endless":false,"potions_floor_spawned":[1,7,14,16,18,21,27,31,33,45,46,47,54],"ascension_level":0}}