{"host":"bz6gkvdcavhdnmlv","time":1609440343,"event":{"mods":["2.2 Compatiblity","Aspiration","BaseMod","BetterRewards","Block Reminder","CCEM","Clawfect","Colored Map","Conspire","Downfall","Energized Spire","GifTheSpireLib","Googly Eyes","Halation","Highlight Path","Hubris","Infinite Spire","Minty Spire (QoL Compilation)","Permanent Neow","Quick Restart","Replay The Spire","Spicy Shops","StSLib","Stuff the Spire","SuperFastMode","The Construct","The IronCluck","Unceasing Turn Reminder","everything is the same but u backflip on backflip"],"gold_per_floor":[99,114,3963,3981,3991,4091,4117,4151,4076,3522,3522,3522,3522,3537,3555,3652,13652,13652,13652,13652,13652,13652,13652,13652,13652,13652,13652,13652,13652,13652,13652,13652,13652,13652,13652,13652,13652,13652,13319,11353,11353,11353,11353,11353],"floor_reached":42,"playtime":2221,"items_purged":[],"score":643,"play_id":"dfb7c003-6eaa-465d-8db1-0c23202ef3c2","local_time":"20201231134543","is_ascension_mode":false,"campfire_choices":[{"floor":1.0,"key":"RECALL"},{"floor":9.0,"key":"REST"},{"data":"Guardian:TwinSlam","floor":11.0,"key":"SMITH"},{"data":"Pot Of Greed","floor":13.0,"key":"SMITH"},{"floor":18.0,"key":"REST"},{"data":"Pot Of Greed","floor":30.0,"key":"SMITH"}],"circlet_count":0,"master_deck":["Guardian:Strike_Guardian","Guardian:Strike_Guardian","Guardian:Strike_Guardian","Guardian:Strike_Guardian","Guardian:Defend_Guardian","Guardian:Defend_Guardian","Guardian:Defend_Guardian","Guardian:Defend_Guardian","Guardian:CurlUp","Guardian:TwinSlam+1","Guardian:MultiBeam","Apotheosis+1","Pot Of Greed+1","Guardian:TemporalShield","Guardian:PiercingHide","Guardian:Suspension","Flash of Steel","Guardian:Planning","Guardian:ChargeCore","Guardian:Gem_Blue","Guardian:ConstructionForm+1","Pot Of Greed+1","Guardian:ChargeCore","Guardian:Gem_Crimson","Guardian:Gem_Red","Guardian:SentryBeam","Guardian:Gem_Crimson","Guardian:SentryBeam+1","Guardian:TemporalStrike","Guardian:BronzeArmor","Guardian:BaubleBeam","Guardian:SentryBeam","Pot Of Greed","Guardian:Incinerate","Guardian:RefractedBeam","ReplayTheSpireMod:Brewmster","Guardian:ChargeCore","Guardian:TemporalStrike"],"relics":["Guardian:ModeShifter","CCEMRelics:SpiritsEdge","Pen Nib","OrangePellets","Letter Opener","StuffTheSpire:SapphireSignet","Grinning Jar","CCEMRelics:JestersCrown","Bag of Preparation","downfall:HeartBlessingRed","hubris:TenFootPole","Torii","downfall:Hecktoplasm","Replay:Wax Seal","The Courier","halation:PrussianBluePaint","downfall:HeartBlessingGreen","Strawberry","Durian","halation:LostSnail","Bronze Scales","aspiration:ChemicalBlood","Mummified Hand","Pocketwatch","CaptainsWheel","halation:Trompette","aspiration:TomeofQuesting","Art of War"],"acts_visited":["Exordium","TheCity","TheBeyond"],"potions_floor_usage":[42,42,42],"damage_taken":[{"damage":3.0,"enemies":"Small Slimes","floor":2.0,"turns":3.0},{"damage":10.0,"enemies":"downfall:FleeingMerchant","floor":3.0,"turns":4.0},{"damage":0.0,"enemies":"Cultist","floor":4.0,"turns":3.0},{"damage":0.0,"enemies":"2 Louse","floor":5.0,"turns":2.0},{"damage":18.0,"enemies":"downfall:Heads","floor":6.0,"turns":5.0},{"damage":16.0,"enemies":"Gremlin Nob","floor":8.0,"turns":4.0},{"damage":13.0,"enemies":"downfall:FleeingMerchant","floor":10.0,"turns":4.0},{"damage":0.0,"enemies":"Large Slime","floor":14.0,"turns":3.0},{"damage":10.0,"enemies":"Exordium Thugs","floor":15.0,"turns":2.0},{"damage":2.0,"enemies":"downfall:Silent","floor":16.0,"turns":5.0},{"damage":0.0,"enemies":"Shell Parasite","floor":19.0,"turns":2.0},{"damage":0.0,"enemies":"3 Byrds","floor":20.0,"turns":2.0},{"damage":0.0,"enemies":"Shelled Parasite and Fungi","floor":22.0,"turns":1.0},{"damage":0.0,"enemies":"Snake Plant","floor":25.0,"turns":2.0},{"damage":21.0,"enemies":"Snecko","floor":27.0,"turns":5.0},{"damage":2.0,"enemies":"Chosen and Byrds","floor":28.0,"turns":2.0},{"damage":0.0,"enemies":"Nightmare","floor":29.0,"turns":6.0},{"damage":10.0,"enemies":"Centurion and Healer","floor":32.0,"turns":2.0},{"damage":41.0,"enemies":"downfall:Ironclad","floor":33.0,"turns":5.0},{"damage":24.0,"enemies":"3 Shapes","floor":36.0,"turns":2.0},{"damage":17.0,"enemies":"3 Darklings","floor":37.0,"turns":3.0},{"damage":1.0,"enemies":"downfall:FleeingMerchant","floor":40.0,"turns":4.0},{"damage":237,"enemies":"Nemesis","floor":42,"turns":11}],"seed_played":"-4363838973013301259","potions_obtained":[{"floor":5.0,"key":"Fire Potion"},{"floor":8.0,"key":"Elixir"},{"floor":14.0,"key":"SkillPotion"},{"floor":15.0,"key":"champ:CounterPotion"},{"floor":36.0,"key":"Guardian:StasisDiscoveryPotion"},{"floor":42,"key":"AttackPotion"}],"is_trial":false,"path_per_floor":["R","M","$","M","M","?","T","E","R","$","R","?","R","M","M","B",null,"R_BF","M","M","?","M","AVR","T","M","?","M","M","NM","R","?","M","B",null,"R_BF","M","M","?","?","$","T","E"],"character_chosen":"GUARDIAN","items_purchased":["Apotheosis","Pen Nib","OrangePellets","Letter Opener","StuffTheSpire:SapphireSignet","Grinning Jar","Guardian:TemporalShield","hubris:TenFootPole","Torii","Guardian:Gem_Crimson","Strawberry","Durian","halation:LostSnail","Bronze Scales","aspiration:ChemicalBlood","Mummified Hand","Pocketwatch","CaptainsWheel","halation:Trompette","aspiration:TomeofQuesting","ReplayTheSpireMod:Brewmster","Guardian:ChargeCore","Guardian:TemporalStrike"],"campfire_rested":2,"item_purchase_floors":[3,3,3,3,3,3,3,10,10,10,40,40,40,40,40,40,40,40,40,40,40,40,40],"current_hp_per_floor":[80,77,67,67,67,49,49,33,357,344,344,344,344,344,334,332,380,380,380,380,380,380,380,380,380,380,359,357,357,357,357,347,306,380,380,356,339,339,428,439,439,0,0,0],"gold":11353,"neow_bonus":"RANDOM_COMMON_RELIC","is_daily":false,"chose_seed":false,"campfire_upgraded":3,"win_rate":0.0,"timestamp":1609440343,"path_taken":["R","M","$","M","M","?","T","E","R","$","R","?","R","M","M","BOSS","R_BF","M","?","?","M","AVR","T","M","?","?","M","NM","R","?","M","BOSS","R_BF","M","M","?","?","?","T","E"],"items_purchased_type":["Card","Relic","Relic","Relic","Relic","Relic","Card","Relic","Relic","Card","Relic","Relic","Relic","Relic","Relic","Relic","Relic","Relic","Relic","Relic","Card","Card","Card"],"build_version":"2020-12-22","purchased_purges":0,"victory":false,"max_hp_per_floor":[80,80,80,80,80,80,80,80,380,380,380,380,380,380,380,380,380,380,380,380,380,380,380,380,380,380,380,380,380,380,380,380,380,380,380,380,380,380,428,440,440,140,140,140],"card_choices":[{"not_picked":["Guardian:CrystalBeam","Guardian:DecasProtection"],"picked":"Guardian:MultiBeam","floor":2.0},{"not_picked":["Guardian:Clone","Guardian:WalkerClaw"],"picked":"Guardian:Gem_Lightblue","floor":3.0},{"not_picked":["Guardian:Gem_Lightblue","Guardian:RollAttack"],"picked":"Guardian:PiercingHide","floor":4.0},{"not_picked":["Guardian:TemporalShield","Guardian:TemporalStrike"],"picked":"Guardian:Suspension","floor":5.0},{"not_picked":["Guardian:ShieldCharger","Guardian:MultiBeam"],"picked":"Guardian:Planning","floor":6.0},{"not_picked":["Guardian:TimeCapacitor","Guardian:Emergency"],"picked":"Guardian:ChargeCore","floor":8.0},{"not_picked":["Guardian:Reroute","Guardian:Incinerate","Guardian:Gem_Red"],"picked":"SKIP","floor":10.0},{"not_picked":["Guardian:Planning","Guardian:ChargeCore","Guardian:CrystalBeam"],"picked":"SKIP","floor":14.0},{"not_picked":["Guardian:TemporalShield","Guardian:Clone"],"picked":"Guardian:Gem_Blue","floor":15.0},{"not_picked":["Guardian:FastForward","Guardian:SphericShield"],"picked":"Guardian:ConstructionForm","floor":16.0},{"not_picked":["Guardian:ShieldCharger","Guardian:SentryBeam"],"picked":"Guardian:Gem_Purple","floor":19.0},{"not_picked":["Guardian:PiercingHide","Guardian:Emergency"],"picked":"Guardian:ChargeCore","floor":20.0},{"not_picked":["Guardian:PrimingBeam","Guardian:Gem_Lightblue"],"picked":"Guardian:Gem_Red","floor":22.0},{"not_picked":["Guardian:Incinerate","Guardian:VentSteam+1"],"picked":"Guardian:SentryBeam","floor":25.0},{"not_picked":["Guardian:CrystalBeam","Guardian:Recover","Guardian:FloatingOrbs"],"picked":"SKIP","floor":27.0},{"not_picked":["Guardian:Gem_Crimson","Guardian:GuardianWhirl"],"picked":"Guardian:SentryBeam+1","floor":28.0},{"not_picked":["Guardian:BronzeOrb","Guardian:VentSteam"],"picked":"Guardian:TemporalStrike","floor":29.0},{"not_picked":["Guardian:PrimingBeam","Guardian:ChargeUp"],"picked":"Guardian:BronzeArmor","floor":32.0},{"not_picked":["Guardian:TimeSifter","Guardian:StasisField"],"picked":"Guardian:BaubleBeam","floor":33.0},{"not_picked":["Guardian:Gem_Crimson","Guardian:FloatingOrbs"],"picked":"Guardian:SentryBeam","floor":36.0},{"not_picked":["Guardian:Reroute+1","Guardian:Repulse+1"],"picked":"Guardian:Incinerate","floor":37.0},{"not_picked":["Guardian:BronzeOrb","Guardian:Repulse+1"],"picked":"Guardian:RefractedBeam","floor":40.0}],"player_experience":211103,"relics_obtained":[{"floor":7.0,"key":"CCEMRelics:JestersCrown"},{"floor":8.0,"key":"Bag of Preparation"},{"floor":24.0,"key":"The Courier"},{"floor":29.0,"key":"halation:PrussianBluePaint"},{"floor":41.0,"key":"Art of War"}],"event_choices":[{"damage_healed":0.0,"max_hp_gain":0.0,"max_hp_loss":0.0,"gold_gain":0.0,"event_name":"The Library","player_choice":"Read","floor":21.0,"gold_loss":0.0,"damage_taken":0.0,"cards_obtained":["Guardian:Gem_Crimson"]}],"is_beta":false,"boss_relics":[{"not_picked":["infinitespire:Cupcake","aspiration:SecretTechniqueScroll"],"picked":"downfall:Hecktoplasm"},{"not_picked":["StuffTheSpire:Kangaroo","StuffTheSpire:ModemDavis","hubris:RunicObelisk"]}],"items_purged_floors":[],"is_endless":true,"potions_floor_spawned":[5,8,14,15,16,20,27,28,36],"killed_by":"Nemesis","ascension_level":0}}