{"host":"350rh84kbmtekt58","time":1609418649,"event":{"mods":["AchievementEnabler","Act Like it!","BaseMod","Better Synergies","Block Reminder","CapriCore","Challenge The Spire","Colored Map","Colored Powertips","Communication Mod","Downfall","Energized Spire","Friendly Minions","GifTheSpireLib","Highlight Path","Minty Spire (QoL Compilation)","Quick Restart","Replay The Spire","Shop Mod","StSLib","The Animator","The Disciple","The Immortal","The Marked","The Runesmith","The Servant 0.9.4","The Wild Card","Transform Curses","yUi"],"gold_per_floor":[112,112,127,144,164,206,235,235,285,285,7,25,58,23,105,201,201,221,221,221,236,253,253,284,304,330,330,31,31,50,87,87,190,190,200,213,213,213,213],"floor_reached":38,"playtime":4820,"items_purged":["animator:Strike"],"score":451,"play_id":"48c7bec8-13bc-4144-aab2-64d53e21cc08","local_time":"20201231064409","is_ascension_mode":false,"campfire_choices":[{"floor":8,"key":"REST"},{"data":"theWildCard:Sakuya","floor":10,"key":"SMITH"},{"floor":23,"key":"REST"},{"floor":27,"key":"REST"},{"data":"animator:Emonzaemon","floor":29,"key":"SMITH"},{"floor":32,"key":"REST"}],"circlet_count":0,"master_deck":["animator:Strike_Konosuba","animator:Defend_Konosuba","animator:Strike","animator:Strike","animator:Defend","animator:Defend","animator:Defend","animator:Kazuma","animator:Aqua","animator:PandorasActor","theWildCard:Sakuya+1","animator:Emonzaemon","animator:Azekura","animator:UneriGinkaku","animator:Megumin+10","animator:Jibril","animator:Konayuki","animator:Emonzaemon","animator:Emonzaemon+1","animator:Ainz","animator:Nanami+1","ReplayTheSpireMod:Splinters","animator:AcuraTooru","animator:Demiurge","animator:Entoma","animator:Gillette","animator:ZankiKiguchi","animator:ZankiKiguchi","animator:FielNirvalen+1","animator:CowGirl","animator:Boros","animator:Darkness","animator:Shichika+1","animator:HououinKyouma","animator:LimeBell","animator:Urushihara"],"relics":["animator:LivingPicture","animator:TheMissingPiece","NeowsBlessing","Red Skull","Oddly Smooth Stone","HandDrill","MealTicket","energizedSpire:MagnifyingGlass","ReplayTheSpireMod:Ring of Exchange","Ring of Fangs","Toy Ornithopter","Bird Faced Urn","Counterbalance","animator:CerealBox"],"acts_visited":["Exordium","TheCity","TheBeyond"],"potions_floor_usage":[6,13,16,22,25,33,35],"damage_taken":[{"damage":0,"enemies":"2 Louse","floor":1,"turns":1},{"damage":0,"enemies":"Jaw Worm","floor":3,"turns":1},{"damage":0,"enemies":"Cultist","floor":4,"turns":1},{"damage":16,"enemies":"Exordium Thugs","floor":5,"turns":7},{"damage":23,"enemies":"Gremlin Nob","floor":6,"turns":5},{"damage":7,"enemies":"Blue Slaver","floor":7,"turns":4},{"damage":10,"enemies":"Exordium Wildlife","floor":12,"turns":5},{"damage":21,"enemies":"Lagavulin","floor":13,"turns":5},{"damage":34,"enemies":"Fading Forest","floor":16,"turns":11},{"damage":2,"enemies":"Chosen","floor":18,"turns":8},{"damage":4,"enemies":"Shell Parasite","floor":21,"turns":6},{"damage":48,"enemies":"Chosen and Byrds","floor":22,"turns":11},{"damage":35,"enemies":"animator:HornedBat","floor":24,"turns":10},{"damage":10,"enemies":"Shelled Parasite and Fungi","floor":25,"turns":4},{"damage":27,"enemies":"Snake Plant","floor":30,"turns":5},{"damage":34,"enemies":"Book of Stabbing","floor":31,"turns":8},{"damage":19,"enemies":"Champ","floor":33,"turns":9},{"damage":50,"enemies":"Orb Walker","floor":35,"turns":8},{"damage":21,"enemies":"3 Shapes","floor":36,"turns":4},{"damage":26,"enemies":"2 Orb Walkers","floor":38,"turns":2}],"seed_played":"447386482590733528","potions_obtained":[{"floor":3,"key":"FairyPotion"},{"floor":5,"key":"Strength Potion"},{"floor":6,"key":"Guardian:BlockOnCardUsePotion"},{"floor":13,"key":"SpeedPotion"},{"floor":21,"key":"Venom Potion"},{"floor":24,"key":"Strength Potion"},{"floor":31,"key":"sneckomod:MuddlingPotion"},{"floor":33,"key":"Block Potion"}],"is_trial":false,"path_per_floor":["M","?","M","M","M","E","M","R","T","R","$","M","E","?","R_BF","B",null,"M","?","?","M","M","R","E","M","T","R","$","R","M","E","R","B",null,"M","M","?","?"],"character_chosen":"THE_ANIMATOR","items_purchased":["HandDrill","animator:Konayuki","Bird Faced Urn"],"campfire_rested":4,"item_purchase_floors":[11,11,28],"current_hp_per_floor":[66,66,66,66,50,29,24,43,43,43,43,35,16,32,32,10,66,64,64,64,62,16,35,2,19,19,38,53,53,31,3,23,17,67,48,33,23,0,0],"gold":213,"neow_bonus":"THREE_ENEMY_KILL","is_daily":false,"chose_seed":false,"campfire_upgraded":2,"win_rate":0.0,"timestamp":1609418649,"path_taken":["M","?","M","M","M","E","M","R","T","R","$","M","E","?","R_BF","BOSS","M","?","?","M","?","R","E","M","T","R","$","R","M","E","R","BOSS","M","M","?","?"],"items_purchased_type":["Relic","Card","Relic"],"build_version":"2020-12-22","purchased_purges":1,"victory":false,"max_hp_per_floor":[66,66,66,66,66,66,66,66,66,66,66,66,66,66,66,66,66,66,66,66,66,66,66,66,66,66,66,66,66,67,67,67,67,67,68,68,68,68,68],"card_choices":[{"not_picked":["animator:Konayuki","animator:Gillette"],"picked":"animator:PandorasActor","floor":1},{"not_picked":["animator:Hitei","animator:Viivi"],"picked":"animator:Emonzaemon","floor":3},{"not_picked":["animator:ChaikaBohdan","animator:Vanir"],"picked":"animator:Azekura","floor":4},{"not_picked":["animator:Nanami","animator:Emonzaemon"],"picked":"animator:UneriGinkaku","floor":5},{"not_picked":["animator:LizardPriest","animator:DwarfShaman"],"picked":"animator:Megumin","floor":6},{"not_picked":["animator:Kazuma","animator:MumenRider"],"picked":"animator:Jibril","floor":7},{"not_picked":["animator:Tatsumaki","animator:ChaikaTrabant"],"picked":"animator:Emonzaemon","floor":12},{"not_picked":["animator:Azekura","animator:Hitei"],"picked":"animator:Emonzaemon","floor":13},{"not_picked":["animator:GoblinSlayer","animator:Sora"],"picked":"animator:Ainz","floor":16},{"not_picked":["animator:Kazuma+1","animator:DwarfShaman"],"picked":"animator:Nanami+1","floor":18},{"not_picked":["animator:MetalKnight","animator:Tet"],"picked":"animator:Entoma","floor":21},{"not_picked":["animator:Guy","animator:Demiurge"],"picked":"animator:Gillette","floor":22},{"not_picked":["animator:Togame","animator:Emonzaemon"],"picked":"animator:ZankiKiguchi","floor":24},{"not_picked":["animator:DolaCouronne+1","animator:Jibril+1"],"picked":"animator:ZankiKiguchi","floor":25},{"not_picked":["animator:HighElfArcher","animator:MumenRider"],"picked":"animator:FielNirvalen+1","floor":30},{"not_picked":["animator:Gillette","animator:Kazuma+1"],"picked":"animator:CowGirl","floor":31},{"not_picked":["animator:Ainz","animator:Wiz"],"picked":"animator:Boros","floor":33},{"not_picked":["animator:Megumin","animator:Verdia"],"picked":"animator:Darkness","floor":35},{"not_picked":["animator:Togame","animator:DolaRiku"],"picked":"animator:Shichika+1","floor":36},{"not_picked":["animator:MisaKurobane","animator:Urushihara"],"picked":"animator:HououinKyouma","floor":37},{"not_picked":["animator:Kuroyukihime","animator:NononJakuzure"],"picked":"animator:LimeBell","floor":37},{"not_picked":["animator:MamizouFutatsuiwa","animator:KotoriKanbe"],"picked":"animator:Urushihara","floor":37}],"player_experience":175091,"relics_obtained":[{"floor":6,"key":"Red Skull"},{"floor":9,"key":"Oddly Smooth Stone"},{"floor":13,"key":"MealTicket"},{"floor":19,"key":"ReplayTheSpireMod:Ring of Exchange"},{"floor":19,"key":"Ring of Fangs"},{"floor":24,"key":"Toy Ornithopter"},{"floor":31,"key":"Counterbalance"}],"event_choices":[{"damage_healed":16,"gold_gain":0,"player_choice":"Healed","damage_taken":0,"max_hp_gain":0,"max_hp_loss":0,"event_name":"The Cleric","floor":14,"gold_loss":35},{"damage_healed":0,"gold_gain":0,"player_choice":"2 cards matched","damage_taken":0,"max_hp_gain":0,"max_hp_loss":0,"event_name":"Match and Keep!","floor":20,"gold_loss":0,"cards_obtained":["animator:AcuraTooru","animator:Demiurge"]},{"damage_healed":0,"gold_gain":0,"player_choice":"Memory 3","damage_taken":10,"max_hp_gain":0,"max_hp_loss":0,"event_name":"SensoryStone","floor":37,"gold_loss":0},{"damage_healed":0,"gold_gain":0,"player_choice":"Fight","damage_taken":0,"max_hp_gain":0,"max_hp_loss":0,"event_name":"Mysterious Sphere","floor":38,"gold_loss":0}],"is_beta":false,"boss_relics":[{"not_picked":["Painkiller Herb","Replay:Drink Me"],"picked":"energizedSpire:MagnifyingGlass"},{"not_picked":["Frozen Eye","ClockworkSouvenir"],"picked":"animator:CerealBox"}],"items_purged_floors":[11],"is_endless":false,"potions_floor_spawned":[3,5,6,13,21,24,31,33],"killed_by":"2 Orb Walkers","ascension_level":0}}