{"host":"idmgg8r816nmas40","time":1609448671,"event":{"mods":["AchievementEnabler","AlwaysNeverKeys","BaseMod","BetterRewards","Block Reminder","Colored Map","Colored Powertips","DeckTracker","Googly Eyes","Highlight Path","Hubris","Infinite Spire","Minty Spire (QoL Compilation)","Quick Restart","Relic Stats","Replay The Spire","Shop Mod","StSLib","SuperFastMode","Synergy Search","Transform Curses"],"gold_per_floor":[113,113,129,129,149,181,181,207,207,207,10,10,45,55,55,128,128,147,166,179,199,199,199,199],"floor_reached":23,"playtime":719,"items_purged":[],"score":348,"play_id":"9c8c1c0a-aba2-41cf-ba50-15c15880ff2d","local_time":"20201231140431","is_ascension_mode":true,"campfire_choices":[{"floor":7,"key":"REST"},{"floor":12,"key":"REST"},{"floor":15,"key":"DIG"}],"circlet_count":0,"master_deck":["AscendersBane","Strike_P+1","Strike_P+1","Strike_P","Strike_P","Defend_P","Defend_P","Defend_P+1","Defend_P+1","Eruption","Vigilance","EmptyBody+1","Consecrate+1","WheelKick","Consecrate","LikeWater","Ragnarok","Tantrum","Judgement","Tantrum","FollowUp"],"relics":["Replay:Rubber Ducky","Chameleon Ring","Boot","Guide Book","hubris:Icosahedron","Replay:Multitool","Orichalcum","Pen Nib","Akabeko","Mirror","hubris:VirtuousBlindfold","Nloth\u0027s Gift"],"acts_visited":["Exordium","TheCity"],"potions_floor_usage":[8,13,16,23],"damage_taken":[{"damage":0,"enemies":"Small Slimes","floor":1,"turns":2},{"damage":0,"enemies":"Cultist","floor":3,"turns":3},{"damage":13,"enemies":"2 Louse","floor":5,"turns":2},{"damage":2,"enemies":"Gremlin Nob","floor":6,"turns":3},{"damage":14,"enemies":"Lagavulin","floor":8,"turns":5},{"damage":4,"enemies":"3 Sentries","floor":13,"turns":4},{"damage":0,"enemies":"Red Slaver","floor":14,"turns":3},{"damage":48,"enemies":"Hexaghost","floor":16,"turns":5},{"damage":0,"enemies":"Shell Parasite","floor":18,"turns":1},{"damage":6,"enemies":"3 Byrds","floor":19,"turns":4},{"damage":0,"enemies":"Sentry and Sphere","floor":20,"turns":2},{"damage":8,"enemies":"3 Cultists","floor":21,"turns":3},{"damage":51,"enemies":"Book of Stabbing","floor":23,"turns":2}],"seed_played":"-897617953103110873","potions_obtained":[{"floor":6,"key":"Strength Potion"},{"floor":14,"key":"Reflective Coating"},{"floor":16,"key":"Reflective Coating"},{"floor":21,"key":"Cursed Concoction"}],"is_trial":false,"path_per_floor":["M","?","M","?","M","E","R","E","T","?","$","R","E","M","R","B",null,"M","M","M","M","?","E"],"character_chosen":"WATCHER","items_purchased":["Replay:Rubber Ducky","EmptyBody+1","Chameleon Ring","Boot","Guide Book","Consecrate+1","Pen Nib","AttackPotion"],"campfire_rested":2,"item_purchase_floors":[0,0,0,0,0,0,11,11],"current_hp_per_floor":[65,51,51,51,38,36,57,45,45,45,45,66,62,64,64,18,59,59,53,53,47,47,0,0],"gold":199,"neow_bonus":"","is_daily":false,"chose_seed":false,"campfire_upgraded":0,"win_rate":0.0,"timestamp":1609448671,"path_taken":["M","?","M","?","M","E","R","E","T","?","$","R","E","M","R","BOSS","M","M","M","M","?","E"],"items_purchased_type":["Relic","Card","Relic","Relic","Relic","Card","Relic","Potion"],"build_version":"2020-12-22","purchased_purges":0,"victory":false,"max_hp_per_floor":[72,72,72,72,72,72,72,72,72,72,72,72,72,72,72,72,72,72,72,72,72,72,72,72],"relic_stats":{"counters":[13,39],"Pen Nib":[3],"Nloth\u0027s Gift":0,"Orichalcum":[48],"Boot":[25],"obtain_stats":[{"Guide Book":0,"hubris:VirtuousBlindfold":17,"Pen Nib":11,"Replay:Multitool":9,"Orichalcum":10,"Boot":0,"Akabeko":13,"Replay:Rubber Ducky":0,"Chameleon Ring":0,"hubris:Icosahedron":4,"Bird Faced Urn":6,"Nloth\u0027s Gift":22,"PureWater":0,"Mirror":15},{"Guide Book":0,"hubris:VirtuousBlindfold":8,"Pen Nib":5,"Replay:Multitool":5,"Orichalcum":5,"Boot":0,"Akabeko":6,"Replay:Rubber Ducky":0,"Chameleon Ring":0,"hubris:Icosahedron":2,"Bird Faced Urn":4,"Nloth\u0027s Gift":12,"PureWater":0,"Mirror":7},{"Guide Book":0,"hubris:VirtuousBlindfold":27,"Pen Nib":15,"Replay:Multitool":15,"Orichalcum":15,"Boot":0,"Akabeko":19,"Replay:Rubber Ducky":0,"Chameleon Ring":0,"hubris:Icosahedron":5,"Bird Faced Urn":10,"Nloth\u0027s Gift":37,"PureWater":0,"Mirror":22}]},"card_choices":[{"not_picked":["PathToVictory","SignatureMove"],"picked":"WheelKick","floor":1},{"not_picked":["ThirdEye","Collect"],"picked":"Consecrate","floor":3},{"not_picked":["JustLucky","Replay:ManipulateFuture","PathToVictory"],"picked":"SKIP","floor":5},{"not_picked":["Crescendo","Omniscience"],"picked":"LikeWater","floor":6},{"not_picked":["CutThroughFate","ThirdEye"],"picked":"Ragnarok","floor":8},{"not_picked":["Indignation","CarveReality"],"picked":"Tantrum","floor":13},{"not_picked":["Replay:AtTheReady","Replay:Battleflow","Prostrate"],"picked":"SKIP","floor":14},{"not_picked":["Establishment","DeusExMachina"],"picked":"Judgement","floor":16},{"not_picked":["Replay:DivineShield+1","FlyingSleeves","CutThroughFate"],"picked":"SKIP","floor":18},{"not_picked":["Replay:ManipulateFuture","PathToVictory"],"picked":"Tantrum","floor":19},{"not_picked":["Halt","CutThroughFate"],"picked":"FollowUp","floor":20},{"not_picked":["Prostrate","Study","Replay:BluntJabs"],"picked":"SKIP","floor":21}],"player_experience":1029353,"relics_obtained":[{"floor":6,"key":"Bird Faced Urn"},{"floor":9,"key":"Replay:Multitool"},{"floor":10,"key":"Orichalcum"},{"floor":13,"key":"Akabeko"},{"floor":15,"key":"Mirror"}],"event_choices":[{"damage_healed":0,"gold_gain":0,"player_choice":"Entered Light","damage_taken":14,"max_hp_gain":0,"max_hp_loss":0,"event_name":"Shining Light","floor":2,"gold_loss":0,"cards_upgraded":["Defend_P","Defend_P"]},{"damage_healed":0,"gold_gain":0,"player_choice":"Traded Relic","damage_taken":0,"relics_obtained":["Nloth\u0027s Gift"],"max_hp_gain":0,"max_hp_loss":0,"event_name":"N\u0027loth","floor":22,"relics_lost":["Bird Faced Urn"],"gold_loss":0}],"is_beta":false,"boss_relics":[{"not_picked":["ReplayTheSpireMod:SealedPack","hubris:CrackedHourglass"],"picked":"hubris:VirtuousBlindfold"}],"items_purged_floors":[],"is_endless":false,"potions_floor_spawned":[6,14,16,21],"killed_by":"Book of Stabbing","ascension_level":13}}