{"host":"eemx8njkng76fu5x","time":1609395783,"event":{"mods":["2.2 Compatiblity","BaseMod","Downfall","Minty Spire (QoL Compilation)","Permanent Neow","StSLib","Unceasing Turn Reminder"],"gold_per_floor":[99,99,99,99,99,130,130,140,155,5,5,5,5,39,56,154,154,79,96,96,107,122,122,122,122],"floor_reached":23,"playtime":1028,"items_purged":[],"score":380,"play_id":"1775acc6-e338-4ed8-b7f2-457d042addef","local_time":"20201231142303","is_ascension_mode":true,"campfire_choices":[{"data":"champ:Taunt","floor":1.0,"key":"SMITH"},{"floor":10.0,"key":"RECALL"},{"data":"champ:SteelEdge","floor":12.0,"key":"SMITH"},{"data":"champ:EnGarde","floor":13.0,"key":"SMITH"},{"data":"champ:EnchantShield","floor":18.0,"key":"SMITH"}],"circlet_count":0,"master_deck":["AscendersBane","champ:Strike","champ:Defend","champ:Defend","champ:Defend","champ:Defend","champ:Taunt+1","champ:SwordSigil+1","champ:DefensiveShout","champ:EnGarde+1","champ:SteelEdge+1","champ:ViciousMockery","champ:EnchantShield+1","champ:GladiatorStyle+1","champ:Aggression+1","champ:FocusedDefense+1"],"relics":["champ:ChampionCrown","downfall:HeartsMalice","WingedGreaves","downfall:HeartBlessingGreen","downfall:HeartBlessingBlue","Bottled Flame","Astrolabe","downfall:HeartBlessingRed"],"acts_visited":["Exordium","TheCity"],"potions_floor_usage":[23],"damage_taken":[{"damage":0.0,"enemies":"Small Slimes","floor":2.0,"turns":1.0},{"damage":0.0,"enemies":"Cultist","floor":4.0,"turns":1.0},{"damage":0.0,"enemies":"Lagavulin","floor":6.0,"turns":1.0},{"damage":9.0,"enemies":"2 Louse","floor":8.0,"turns":3.0},{"damage":7.0,"enemies":"Blue Slaver","floor":9.0,"turns":4.0},{"damage":25.0,"enemies":"3 Sentries","floor":14.0,"turns":7.0},{"damage":2.0,"enemies":"Red Slaver","floor":15.0,"turns":4.0},{"damage":32.0,"enemies":"downfall:Watcher","floor":16.0,"turns":13.0},{"damage":23.0,"enemies":"Chosen","floor":19.0,"turns":7.0},{"damage":0,"enemies":"Shell Parasite","floor":21,"turns":3},{"damage":40,"enemies":"Snecko","floor":22,"turns":7},{"damage":9,"enemies":"3 Cultists","floor":23,"turns":3}],"seed_played":"4937327905309970555","potions_obtained":[{"floor":3.0,"key":"champ:UltimateStancePotion"},{"floor":3.0,"key":"hexamod:EctoCoolerPotion"},{"floor":9.0,"key":"SkillPotion"},{"floor":15.0,"key":"AttackPotion"},{"floor":16.0,"key":"Energy Potion"},{"floor":22,"key":"BlessingOfTheForge"}],"is_trial":false,"path_per_floor":["R","M","?","M","?","E","T","M","M","R","?","R","R","E","M","B",null,"R","M","?","M","M","M"],"character_chosen":"THE_CHAMP","items_purchased":[],"campfire_rested":0,"item_purchase_floors":[],"current_hp_per_floor":[81,81,81,81,91,91,91,87,80,90,95,95,95,87,85,53,100,100,77,69,69,29,20,20,20],"gold":122,"neow_bonus":"THREE_ENEMY_KILL","is_daily":false,"chose_seed":false,"campfire_upgraded":4,"win_rate":0.0,"timestamp":1609395783,"path_taken":["R","M","?","?","?","E","T","M","M","R","?","R","R","E","M","BOSS","R","M","?","M","M","M"],"items_purchased_type":[],"build_version":"2020-12-22","purchased_purges":0,"victory":false,"max_hp_per_floor":[90,90,90,90,100,100,100,100,100,110,115,115,115,115,115,115,115,115,115,115,115,115,115,115,115],"card_choices":[{"not_picked":["champ:GladiatorsShout","champ:GutPunch"],"picked":"champ:SwordSigil","floor":2.0},{"not_picked":["champ:ShieldSigil","champ:FalseCounter"],"picked":"champ:DefensiveShout","floor":4.0},{"not_picked":["champ:BladeFlurry","champ:HeartStrike"],"picked":"champ:EnGarde","floor":6.0},{"not_picked":["champ:FanOfKnives","champ:CrookedStrike","champ:DefensiveShout"],"picked":"SKIP","floor":8.0},{"not_picked":["champ:PerfectedStrike","champ:Backstep"],"picked":"champ:SteelEdge","floor":9.0},{"not_picked":["champ:ArenaPreparation","champ:PerfectedStrike"],"picked":"champ:ViciousMockery","floor":14.0},{"not_picked":["champ:ShieldSigil","champ:FlashCut","champ:BladeFlurry"],"picked":"SKIP","floor":15.0},{"not_picked":["champ:StrikeOfGenius","champ:VampiricStrike"],"picked":"champ:EnchantShield","floor":16.0},{"not_picked":["champ:Riposte","champ:RecklessLeap","champ:Aggression"],"picked":"SKIP","floor":19.0},{"not_picked":["champ:GladiatorsShout","champ:RageSigil","champ:Balance"],"picked":"SKIP","floor":21},{"not_picked":["champ:GladiatorsShout","champ:RageSigil","champ:Balance"],"picked":"SKIP","floor":21},{"not_picked":["champ:GladiatorsShout","champ:RageSigil","champ:Balance"],"picked":"SKIP","floor":21},{"not_picked":["champ:BerserkersShout","champ:HeartStrike","champ:FaceSlap"],"picked":"SKIP","floor":22}],"player_experience":420719,"relics_obtained":[{"floor":6.0,"key":"WingedGreaves"},{"floor":14.0,"key":"Bottled Flame"}],"event_choices":[{"damage_healed":0.0,"max_hp_gain":0.0,"max_hp_loss":0.0,"gold_gain":0.0,"event_name":"Lab","player_choice":"Got Potions","floor":3.0,"gold_loss":0.0,"damage_taken":0.0},{"damage_healed":0.0,"max_hp_gain":5.0,"max_hp_loss":0.0,"gold_gain":0.0,"event_name":"Big Fish","player_choice":"Donut","floor":11.0,"gold_loss":0.0,"damage_taken":0.0}],"is_beta":false,"boss_relics":[{"not_picked":["Empty Cage","champ:ChampionCrownUpgraded"],"picked":"Astrolabe"}],"items_purged_floors":[],"is_endless":false,"potions_floor_spawned":[9,15,16,22],"killed_by":"3 Cultists","ascension_level":12}}