{"host":"qfskrnw3pl1q86j0","time":1609418903,"event":{"mods":["BaseMod","Block Reminder","Hermit","Marisa????????","Minty Spire (QoL Compilation)","Quick Restart","Random Character Button","Relic Stats","StSLib","The Poker Player","slay the spire mod where everything is the same but ironclad has a cowboy hat"],"gold_per_floor":[116,116,132,146,20,51,51,61,107,107,123,157,167,178,178,281,281,299,299,214,214,275,291,319,18,18,18,82,82,8,28,28,28,28],"floor_reached":33,"playtime":922,"items_purged":["Strike_R","Strike_R","Defend_R"],"score":279,"play_id":"24dffb81-53f3-4ea5-b0f9-0451baf8f66e","local_time":"20201231134823","is_ascension_mode":false,"campfire_choices":[{"data":"Bash","floor":7,"key":"SMITH"},{"data":"Cleave","floor":10,"key":"SMITH"},{"data":"Evolve","floor":15,"key":"SMITH"},{"floor":27,"key":"REST"},{"floor":29,"key":"REST"},{"data":"True Grit","floor":32,"key":"SMITH"}],"circlet_count":0,"master_deck":["Strike_R","Defend_R","Defend_R","Defend_R","Bash+1","Headbutt","Cleave+1","Shrug It Off","Pommel Strike","Evolve+1","Fire Breathing","Wild Strike","Reckless Charge","Wild Strike","Searing Blow+1","Pommel Strike+1","Fire Breathing","True Grit+1"],"relics":["Burning Blood","NeowsBlessing","Blue Candle","Omamori","Smiling Mask","Astrolabe","Oddly Smooth Stone","SsserpentHead","Shuriken","Incense Burner","Ancient Tea Set"],"acts_visited":["Exordium","TheCity"],"potions_floor_usage":[4,8,12,12,18,22,24,33],"damage_taken":[{"damage":0,"enemies":"Cultist","floor":1,"turns":1},{"damage":0,"enemies":"2 Louse","floor":3,"turns":1},{"damage":0,"enemies":"Small Slimes","floor":4,"turns":1},{"damage":13,"enemies":"3 Sentries","floor":6,"turns":7},{"damage":8,"enemies":"Exordium Thugs","floor":8,"turns":4},{"damage":8,"enemies":"Red Slaver","floor":11,"turns":3},{"damage":18,"enemies":"Lagavulin","floor":12,"turns":6},{"damage":3,"enemies":"Lots of Slimes","floor":13,"turns":2},{"damage":9,"enemies":"2 Fungi Beasts","floor":14,"turns":2},{"damage":6,"enemies":"Slime Boss","floor":16,"turns":6},{"damage":22,"enemies":"3 Byrds","floor":18,"turns":5},{"damage":13,"enemies":"Shell Parasite","floor":22,"turns":5},{"damage":21,"enemies":"3 Cultists","floor":23,"turns":5},{"damage":51,"enemies":"Book of Stabbing","floor":24,"turns":6},{"damage":18,"enemies":"Sentry and Sphere","floor":28,"turns":4},{"damage":1,"enemies":"Snecko","floor":31,"turns":3},{"damage":16,"enemies":"Automaton","floor":33,"turns":4}],"seed_played":"8457268474636900040","potions_obtained":[{"floor":2,"key":"Fruit Juice"},{"floor":2,"key":"ColorlessPotion"},{"floor":2,"key":"SpeedPotion"},{"floor":4,"key":"Strength Potion"},{"floor":6,"key":"Energy Potion"},{"floor":14,"key":"LiquidMemories"},{"floor":16,"key":"PowerPotion"},{"floor":18,"key":"Fruit Juice"},{"floor":24,"key":"BlessingOfTheForge"},{"floor":28,"key":"BlessingOfTheForge"}],"is_trial":false,"path_per_floor":["M","?","M","M","$","E","R","M","T","R","M","E","M","M","R","B",null,"M","?","?","?","M","M","E","$","T","R","M","R","$","M","R","B"],"character_chosen":"IRONCLAD","items_purchased":["Shrug It Off","Incense Burner","True Grit"],"campfire_rested":2,"item_purchase_floors":[5,25,30],"current_hp_per_floor":[80,80,80,85,85,78,78,76,76,76,74,62,65,62,62,62,85,74,74,74,74,67,52,7,7,7,34,22,49,49,54,54,38,38],"gold":28,"neow_bonus":"THREE_ENEMY_KILL","is_daily":false,"chose_seed":false,"campfire_upgraded":4,"win_rate":0.0,"timestamp":1609418903,"path_taken":["M","?","M","?","$","E","R","?","T","R","M","E","M","M","R","BOSS","M","?","?","?","?","M","E","?","T","R","?","R","$","M","R","BOSS"],"items_purchased_type":["Card","Relic","Card"],"build_version":"2020-12-22","purchased_purges":3,"victory":false,"max_hp_per_floor":[80,80,80,85,85,85,85,85,85,85,85,85,85,85,85,85,85,90,90,90,90,90,90,90,90,90,90,90,90,90,90,90,90,90],"relic_stats":{"SsserpentHead":150,"counters":[17,65],"Shuriken":[4],"Blue Candle":[0],"Astrolabe":["Searing Blow","Clash","Pommel Strike"],"Smiling Mask":125,"obtain_stats":[{"SsserpentHead":21,"NeowsBlessing":0,"Shuriken":24,"Blue Candle":6,"Astrolabe":17,"Oddly Smooth Stone":20,"Omamori":9,"Incense Burner":25,"Smiling Mask":12,"Ancient Tea Set":26,"Burning Blood":0},{"SsserpentHead":11,"NeowsBlessing":0,"Shuriken":14,"Blue Candle":4,"Astrolabe":10,"Oddly Smooth Stone":11,"Omamori":5,"Incense Burner":14,"Smiling Mask":7,"Ancient Tea Set":14,"Burning Blood":0},{"SsserpentHead":38,"NeowsBlessing":0,"Shuriken":54,"Blue Candle":10,"Astrolabe":33,"Oddly Smooth Stone":38,"Omamori":14,"Incense Burner":54,"Smiling Mask":23,"Ancient Tea Set":54,"Burning Blood":0}],"Burning Blood":78},"card_choices":[{"not_picked":["Clothesline","Dark Embrace"],"picked":"Headbutt","floor":1},{"not_picked":["Heavy Blade","Rage"],"picked":"Cleave","floor":3},{"not_picked":["Pummel","Sever Soul"],"picked":"Clash","floor":4},{"not_picked":["Disarm","Havoc"],"picked":"Pommel Strike","floor":6},{"not_picked":["Wild Strike","Shrug It Off"],"picked":"Evolve","floor":8},{"not_picked":["Heavy Blade","Rupture"],"picked":"Fire Breathing","floor":11},{"not_picked":["Combust","Brutality"],"picked":"Wild Strike","floor":12},{"not_picked":["Metallicize","Body Slam"],"picked":"Reckless Charge","floor":13},{"not_picked":["Clothesline","Thunderclap"],"picked":"Wild Strike","floor":14},{"not_picked":["Flex","Sever Soul","Sword Boomerang"],"picked":"SKIP","floor":18},{"not_picked":["Pommel Strike","Cleave","Rupture"],"picked":"SKIP","floor":22},{"not_picked":["Havoc+1","Cleave","Sword Boomerang"],"picked":"SKIP","floor":23},{"not_picked":["Wild Strike","Pommel Strike","Carnage"],"picked":"SKIP","floor":24},{"not_picked":["True Grit","Anger+1"],"picked":"Fire Breathing","floor":28},{"not_picked":["Sever Soul","Dropkick","Shockwave"],"picked":"SKIP","floor":31}],"player_experience":885980,"relics_obtained":[{"floor":6,"key":"Blue Candle"},{"floor":9,"key":"Omamori"},{"floor":12,"key":"Smiling Mask"},{"floor":24,"key":"Shuriken"},{"floor":26,"key":"Ancient Tea Set"}],"event_choices":[{"damage_healed":0,"gold_gain":0,"player_choice":"Got Potions","damage_taken":0,"max_hp_gain":0,"max_hp_loss":0,"event_name":"Lab","floor":2,"gold_loss":0},{"cards_removed":["Clash"],"damage_healed":0,"gold_gain":0,"player_choice":"Elegance","damage_taken":0,"max_hp_gain":0,"max_hp_loss":0,"event_name":"Back to Basics","floor":19,"gold_loss":0},{"damage_healed":0,"gold_gain":0,"player_choice":"Obtained Relic","damage_taken":0,"relics_obtained":["Oddly Smooth Stone"],"max_hp_gain":0,"max_hp_loss":0,"event_name":"Addict","floor":20,"gold_loss":85},{"damage_healed":0,"gold_gain":0,"player_choice":"Trade","damage_taken":0,"relics_obtained":["SsserpentHead"],"max_hp_gain":0,"max_hp_loss":0,"event_name":"FaceTrader","floor":21,"gold_loss":0}],"is_beta":false,"boss_relics":[{"not_picked":["Velvet Choker","Calling Bell"],"picked":"Astrolabe"}],"items_purged_floors":[5,25,30],"is_endless":false,"potions_floor_spawned":[3,4,6,14,16,18,24,28],"killed_by":"Automaton","ascension_level":0}}