{"host":"2apb6gwm2fj4theg","time":1609432186,"event":{"mods":["2.2 Compatiblity","AlwaysNeverKeys","BaseMod","Halation","Infinite Spire","Minty Spire (QoL Compilation)","Replay The Spire","Shop Mod","Small Relic Pack","StSLib","The Animator"],"gold_per_floor":[109,109,109,184,67,93,93,119,142,161,161,172,172,201,201,297,297,297,297],"floor_reached":18,"playtime":855,"items_purged":[],"score":191,"play_id":"aeca3727-adc2-4d0b-b51e-2d5f782bc800","local_time":"20201231182946","is_ascension_mode":false,"campfire_choices":[{"floor":11,"key":"REST"},{"data":"Tactician","floor":13,"key":"SMITH"},{"floor":15,"key":"REST"}],"circlet_count":0,"master_deck":["Strike_G","Strike_G","Strike_G","Defend_G+1","Defend_G","Defend_G","Survivor+1","Neutralize","Tactician+1","Amnesia","Flash of Steel","Prepared","ReplayTheSpireMod:The Works","Slice","Expertise","Hidden Blade","After Image","Parasite","animator:Curse_Nutcracker"],"relics":["Ring of the Snake","NeowsBlessing","Ring of Hypnosis","Ring of Fangs","Anchor","Snake Skull","Potion Belt","Nunchaku","Kintsugi"],"acts_visited":["Exordium","TheCity"],"potions_floor_usage":[14,16],"damage_taken":[{"damage":0,"enemies":"Jaw Worm","floor":1,"turns":1},{"damage":0,"enemies":"Replay:BlueRogue","floor":6,"turns":1},{"damage":0,"enemies":"Small Slimes","floor":10,"turns":2},{"damage":0,"enemies":"2 Louse","floor":12,"turns":3},{"damage":19,"enemies":"Lagavulin","floor":14,"turns":7},{"damage":58,"enemies":"Hexaghost","floor":16,"turns":12},{"damage":0,"enemies":"Chosen","floor":18,"turns":1}],"seed_played":"6643270034783737288","potions_obtained":[{"floor":6,"key":"SpeedPotion"},{"floor":10,"key":"Elixir"},{"floor":12,"key":"Poison Potion"},{"floor":14,"key":"Adrenaline Potion"}],"is_trial":false,"path_per_floor":["M","?","?","?","$","E","?","T","T","M","R","M","R","E","R","B",null,"M"],"character_chosen":"THE_SILENT","items_purchased":["Flash of Steel","Prepared"],"campfire_rested":2,"item_purchase_floors":[5,5],"current_hp_per_floor":[70,56,56,45,45,45,50,50,50,50,72,72,72,53,75,17,75,75,75],"gold":297,"neow_bonus":"THREE_ENEMY_KILL","is_daily":false,"chose_seed":false,"campfire_upgraded":1,"win_rate":0.0,"timestamp":1609432186,"path_taken":["M","?","?","?","$","E","?","?","T","M","R","M","R","E","R","BOSS","M"],"items_purchased_type":["Card","Card"],"build_version":"2020-12-22","purchased_purges":0,"victory":false,"max_hp_per_floor":[70,70,70,70,70,70,75,75,75,75,75,75,75,75,75,75,75,75,75],"card_choices":[{"not_picked":["Setup","Accuracy"],"picked":"Tactician","floor":1},{"not_picked":["Expertise","Flying Knee"],"picked":"ReplayTheSpireMod:The Works","floor":6},{"not_picked":["Flying Knee","Outmaneuver"],"picked":"Slice","floor":10},{"not_picked":["Deadly Poison","Backstab"],"picked":"Expertise","floor":12},{"not_picked":["Toxin Wave","Slice"],"picked":"Hidden Blade","floor":14},{"not_picked":["Wraith Form v2","Malaise"],"picked":"After Image","floor":16}],"player_experience":581916,"relics_obtained":[{"floor":3,"key":"Ring of Hypnosis"},{"floor":3,"key":"Ring of Fangs"},{"floor":6,"key":"Anchor"},{"floor":8,"key":"Snake Skull"},{"floor":9,"key":"Potion Belt"},{"floor":14,"key":"Nunchaku"}],"event_choices":[{"damage_healed":0,"gold_gain":0,"player_choice":"Entered Light","damage_taken":14,"max_hp_gain":0,"max_hp_loss":0,"event_name":"Shining Light","floor":2,"gold_loss":0,"cards_upgraded":["Defend_G","Survivor"]},{"damage_healed":0,"gold_gain":75,"player_choice":"Gather Gold","damage_taken":11,"max_hp_gain":0,"max_hp_loss":0,"event_name":"World of Goop","floor":4,"gold_loss":0},{"damage_healed":0,"gold_gain":0,"player_choice":"Donut","damage_taken":0,"max_hp_gain":5,"max_hp_loss":0,"event_name":"Big Fish","floor":7,"gold_loss":0}],"is_beta":false,"boss_relics":[{"not_picked":["Velvet Choker","Sozu"],"picked":"Kintsugi"}],"items_purged_floors":[],"is_endless":false,"potions_floor_spawned":[6,10,12,14],"killed_by":"Chosen","ascension_level":0}}