{"host":"9qh03gjyvt0jixwo","time":1609388279,"event":{"mods":["Act Like it!","BaseMod","CapriCore","Colored Map","Colored Powertips","Dota2Spire","Friendly Minions","Gensokyo","GifTheSpireLib","Highlight Path","Marisa£®ÏF”Í°°ƒß¿Ì…≥£©","Minty Spire (QoL Compilation)","Reimu£®≤©¿ˆ¡È√Œ£©","Remilia£®¿Ÿ√◊¿Ú—«£©","Replay The Spire","StSLib","The Administrix","Youmu£®ªÍ∆«—˝√Œ£©","Yuyuko"],"gold_per_floor":[113,113,126,139,139,139,14,25,25,25,37,37,48,48,48,48,48],"floor_reached":16,"playtime":1674,"items_purged":["Poor:ReiMu"],"score":92,"play_id":"7ce64405-9016-4b13-b64d-38ede78a8c77","local_time":"20201231121759","is_ascension_mode":false,"campfire_choices":[{"data":"Dreamy Sakura","floor":6,"key":"SMITH"},{"data":"Fantasy Butterflies","floor":10,"key":"SMITH"},{"floor":12,"key":"REST"},{"floor":15,"key":"DIG"}],"circlet_count":0,"master_deck":["Fantasy Butterflies+1","Fantasy Butterflies","Fantasy Butterflies","Fantasy Butterflies","Fantasy Butterflies","Dreamy Sakura+1","Dreamy Sakura+1","Dreamy Sakura","Dreamy Sakura","Dreamy Sakura","Deathly Ground","Faramita\u0027s Temptation","Linger over Flower","Open The Fan","Dying Butterflies","Become Phantom","Gauzy Sakura","Unknown Petal","Childlike"],"relics":["Coronal","Yuyuko\u0027s fan","NeowsBlessing","YidongShenshe:ReiMu","Pantograph","Dota2Spire:AssaultCuirass"],"acts_visited":["Exordium"],"potions_floor_usage":[16,16],"damage_taken":[{"damage":1,"enemies":"2 Louse","floor":1,"turns":1},{"damage":1,"enemies":"Small Slimes","floor":3,"turns":1},{"damage":1,"enemies":"Cultist","floor":4,"turns":1},{"damage":34,"enemies":"Large Slime","floor":8,"turns":8},{"damage":31,"enemies":"2 Fungi Beasts","floor":11,"turns":4},{"damage":52,"enemies":"Blue Slaver","floor":13,"turns":8},{"damage":190,"enemies":"Hexaghost","floor":16,"turns":19}],"seed_played":"-6600705828011093089","potions_obtained":[{"floor":4,"key":"Fire Potion"},{"floor":11,"key":"Pckles"},{"floor":13,"key":"Firefly"}],"is_trial":false,"path_per_floor":["M","?","M","M","?","R","$","M","T","R","M","R","M","?","R_BF","B"],"character_chosen":"YUYOKO","items_purchased":["Become Phantom"],"campfire_rested":1,"item_purchase_floors":[7],"current_hp_per_floor":[39,39,38,38,38,38,38,32,32,32,27,39,28,28,28,0,0],"gold":48,"neow_bonus":"THREE_ENEMY_KILL","is_daily":false,"chose_seed":false,"campfire_upgraded":2,"win_rate":0.0,"timestamp":1609388279,"path_taken":["M","?","M","M","?","R","$","M","T","R","M","R","M","?","R_BF","BOSS"],"items_purchased_type":["Card"],"build_version":"2020-12-22","purchased_purges":1,"victory":false,"max_hp_per_floor":[40,40,40,40,40,40,40,40,40,40,40,40,40,40,40,40,40],"card_choices":[{"not_picked":["Chase The Sukhavati","Suicide"],"picked":"Linger over Flower","floor":1},{"not_picked":["Elegance","Unreal"],"picked":"Open The Fan","floor":3},{"not_picked":["Reverse The Screen","Redemption of Death"],"picked":"Dying Butterflies","floor":4},{"not_picked":["Final of Final","Spear of Papilio"],"picked":"Gauzy Sakura","floor":8},{"not_picked":["Unstable Ward","City of Death"],"picked":"Unknown Petal","floor":11},{"not_picked":["Death Dancing","End of Faramita"],"picked":"Childlike","floor":13}],"player_experience":253939,"relics_obtained":[{"floor":9,"key":"Pantograph"},{"floor":15,"key":"Dota2Spire:AssaultCuirass"}],"event_choices":[{"damage_healed":0,"gold_gain":0,"player_choice":"¥¯◊ﬂ…Ò…Á","damage_taken":0,"relics_obtained":["YidongShenshe:ReiMu"],"max_hp_gain":0,"max_hp_loss":0,"event_name":"yidonshenshe","floor":5,"gold_loss":0,"cards_obtained":["Poor:ReiMu"]},{"damage_healed":0,"gold_gain":0,"player_choice":"Ignored","damage_taken":0,"max_hp_gain":0,"max_hp_loss":0,"event_name":"Liars Game","floor":14,"gold_loss":0}],"is_beta":false,"boss_relics":[],"items_purged_floors":[7],"is_endless":false,"potions_floor_spawned":[4,11,13],"killed_by":"Hexaghost","ascension_level":0}}