{"host":"6i7jlcm7o9r8pzco","time":1609392618,"event":{"mods":["AchievementEnabler","BaseMod","Card Forge","Colored Powertips","Minty Spire (QoL Compilation)","Rare Cards Sparkle","StSLib"],"gold_per_floor":[548,562,179,199,251,251,251,251,251,251,280,339,339,304,304,409,409,428,478,493,277,561,586,586,614,614,632,632,655,668,681,681,782,782,793,793,238,238,255,255,287,312,312,61,79,114,127,127,127,127,127,127,127,157,157],"floor_reached":56,"playtime":2539,"items_purged":[],"score":1756,"play_id":"3ebd6451-f2c3-4929-878b-161101cd6c0f","local_time":"20201231003018","is_ascension_mode":true,"campfire_choices":[{"data":"1","floor":6.0,"key":"LIFT"},{"floor":8.0,"key":"RECALL"},{"data":"2","floor":10.0,"key":"LIFT"},{"data":"3","floor":15.0,"key":"LIFT"},{"floor":24.0,"key":"REST"},{"floor":28.0,"key":"REST"},{"floor":32.0,"key":"REST"},{"floor":40,"key":"REST"},{"floor":49,"key":"REST"},{"floor":52,"key":"REST"}],"circlet_count":0,"master_deck":["Zap+1","Dualcast+1","Genetic Algorithm+1","FTL+1","Lockon+1","Ball Lightning+1","Cold Snap+1","Coolheaded+1","Defragment+1","Machine Learning+1","Sweeping Beam+1","FTL+1","Conserve Battery+1","Cold Snap+1","Capacitor+1","Ball Lightning+1","Coolheaded+1","Glacier+1","Fusion+1","Conserve Battery+1","Cold Snap+1","Doom and Gloom+1","Electrodynamics+1","Electrodynamics+1","Tempest+1","Rainbow+1"],"relics":["Cracked Core","Hammer of Thor","Seething Fire","Anvil of the Gods","Akabeko","Anchor","Bag of Marbles","Bronze Scales","CeramicFish","DataDisk","DataDisk","Happy Flower","Juzu Bracelet","Lantern","Nunchaku","Oddly Smooth Stone","Oddly Smooth Stone","Pen Nib","Vajra","Vajra","Bottled Flame","Bottled Lightning","Bottled Tornado","Kunai","Mercury Hourglass","Shuriken","Singing Bowl","Girya","Ice Cream","Fusion Hammer","Inserter","Nuclear Battery","Sozu","Kunai","Orrery","DataDisk","TungstenRod","Centennial Puzzle","Anchor","Nuclear Battery","Happy Flower","Bag of Preparation","Bottled Tornado","Sundial","Busted Crown","Bottled Flame","TungstenRod","Gremlin Horn","Dream Catcher","War Paint","HornCleat","Letter Opener","Bottled Lightning"],"acts_visited":["Exordium","TheCity","TheBeyond","TheEnding"],"potions_floor_usage":[],"damage_taken":[{"damage":0.0,"enemies":"Jaw Worm","floor":1.0,"turns":1.0},{"damage":0.0,"enemies":"Small Slimes","floor":2.0,"turns":1.0},{"damage":0.0,"enemies":"Cultist","floor":4.0,"turns":2.0},{"damage":0.0,"enemies":"Large Slime","floor":11.0,"turns":1.0},{"damage":0.0,"enemies":"Lagavulin","floor":12.0,"turns":2.0},{"damage":0.0,"enemies":"Hexaghost","floor":16.0,"turns":2.0},{"damage":0.0,"enemies":"Shell Parasite","floor":18.0,"turns":2.0},{"damage":0.0,"enemies":"3 Byrds","floor":20.0,"turns":1.0},{"damage":0.0,"enemies":"Gremlin Leader","floor":23.0,"turns":3.0},{"damage":0.0,"enemies":"Book of Stabbing","floor":25.0,"turns":1.0},{"damage":0.0,"enemies":"Centurion and Healer","floor":27.0,"turns":2.0},{"damage":0.0,"enemies":"Shelled Parasite and Fungi","floor":29.0,"turns":2.0},{"damage":0.0,"enemies":"3 Cultists","floor":30.0,"turns":2.0},{"damage":0.0,"enemies":"Snecko","floor":31.0,"turns":2.0},{"damage":0.0,"enemies":"Collector","floor":33.0,"turns":2.0},{"damage":0,"enemies":"3 Shapes","floor":35,"turns":1},{"damage":0,"enemies":"Orb Walker","floor":39,"turns":1},{"damage":0,"enemies":"Nemesis","floor":41,"turns":1},{"damage":0,"enemies":"Jaw Worm Horde","floor":45,"turns":2},{"damage":0,"enemies":"Reptomancer","floor":46,"turns":2},{"damage":0,"enemies":"Spire Growth","floor":47,"turns":1},{"damage":0,"enemies":"Awakened One","floor":50,"turns":5},{"damage":0,"enemies":"Shield and Spear","floor":54,"turns":2},{"damage":6,"enemies":"The Heart","floor":55,"turns":4}],"seed_played":"-764631051084593384","potions_obtained":[],"is_trial":false,"path_per_floor":["M","M","$","M","?","R","?","R","T","R","M","E","?","?","R","B",null,"M","?","M","$","?","E","R","E","T","M","R","M","M","M","R","B",null,"M","?","$","?","M","R","E","T","T","$","M","E","M","?","R","B",null,"R","$","E","B",null],"character_chosen":"DEFECT","items_purchased":["Kunai","Orrery","Tempest","Happy Flower","Bottled Flame","TungstenRod","HornCleat"],"campfire_rested":6,"item_purchase_floors":[3,3,21,21,37,37,44],"current_hp_per_floor":[56,58,64,66,66,66,64,64,64,64,64,64,64,85,85,85,87,89,89,91,91,91,93,93,95,95,97,97,97,99,101,101,103,103,105,105,105,105,107,107,109,109,109,109,111,113,115,117,119,119,119,121,121,123,117],"gold":157,"neow_bonus":"TWO_FIFTY_GOLD","is_daily":false,"chose_seed":false,"campfire_upgraded":0,"win_rate":0.0,"timestamp":1609392618,"path_taken":["M","M","$","M","?","R","?","R","T","R","M","E","?","?","R","BOSS","M","?","M","$","?","E","R","E","T","M","R","M","M","M","R","BOSS","M","?","$","?","M","R","E","?","T","$","M","E","M","?","R","BOSS","R","$","E","BOSS"],"items_purchased_type":["Relic","Relic","Card","Relic","Relic","Relic","Relic"],"build_version":"2020-12-22","purchased_purges":0,"victory":true,"max_hp_per_floor":[77,79,85,87,87,87,87,87,87,87,87,87,87,87,87,87,87,89,89,91,91,91,93,93,95,95,97,97,97,99,101,101,103,103,105,105,105,105,107,107,109,109,109,109,111,113,115,117,119,119,119,121,121,123,123],"card_choices":[{"not_picked":["Barrage","Streamline","Consume"],"picked":"Singing Bowl","floor":1.0},{"not_picked":["Coolheaded","Steam","Self Repair"],"picked":"Singing Bowl","floor":2.0},{"not_picked":["Amplify","Biased Cognition","Force Field"],"picked":"Singing Bowl","floor":3.0},{"not_picked":["FTL","Streamline"],"picked":"Conserve Battery","floor":3.0},{"not_picked":["Gash","Conserve Battery","Darkness"],"picked":"Singing Bowl","floor":3.0},{"not_picked":["Conserve Battery","Sweeping Beam"],"picked":"Cold Snap","floor":3.0},{"not_picked":["Rebound","Redo","Go for the Eyes"],"picked":"Singing Bowl","floor":3.0},{"not_picked":["Chaos","Compile Driver","Storm"],"picked":"Singing Bowl","floor":4.0},{"not_picked":["Compile Driver","Aggregate"],"picked":"Doom and Gloom","floor":11.0},{"not_picked":["Conserve Battery","Machine Learning"],"picked":"Thunder Strike","floor":12.0},{"not_picked":["Reboot","Creative AI"],"picked":"Electrodynamics","floor":16.0},{"not_picked":["Streamline","Leap","Sweeping Beam"],"picked":"Singing Bowl","floor":18.0},{"not_picked":["Heatsinks","Stack+1","Aggregate+1"],"picked":"Singing Bowl","floor":20.0},{"not_picked":["Streamline+1","Capacitor","Glacier"],"picked":"Singing Bowl","floor":23.0},{"not_picked":["Aggregate+1","Hello World","Rip and Tear"],"picked":"Singing Bowl","floor":25.0},{"not_picked":["Go for the Eyes","Glacier","Self Repair"],"picked":"Singing Bowl","floor":27.0},{"not_picked":["Sweeping Beam","Redo+1"],"picked":"Rainbow","floor":29.0},{"not_picked":["Go for the Eyes","Rebound","Leap"],"picked":"Singing Bowl","floor":30.0},{"not_picked":["Thunder Strike","Hologram","Beam Cell"],"picked":"Singing Bowl","floor":31.0},{"not_picked":["Fission","Electrodynamics","Seek"],"picked":"Singing Bowl","floor":33.0},{"not_picked":["Consume"],"picked":"Singing Bowl","floor":35},{"not_picked":["Coolheaded+1"],"picked":"Singing Bowl","floor":39},{"not_picked":["Stack"],"picked":"Singing Bowl","floor":41},{"not_picked":["Auto Shields"],"picked":"Singing Bowl","floor":45},{"not_picked":["Static Discharge"],"picked":"Singing Bowl","floor":46},{"not_picked":["Genetic Algorithm+1"],"picked":"Singing Bowl","floor":47},{"not_picked":["Panacea"],"picked":"Singing Bowl","floor":48},{"not_picked":["Coolheaded"],"picked":"Singing Bowl","floor":49},{"not_picked":["Coolheaded"],"picked":"Singing Bowl","floor":52},{"not_picked":["Go for the Eyes"],"picked":"Singing Bowl","floor":54}],"player_experience":19016,"relics_obtained":[{"floor":12.0,"key":"Anchor"},{"floor":23.0,"key":"Bag of Preparation"},{"floor":25.0,"key":"Bottled Tornado"},{"floor":26.0,"key":"Sundial"},{"floor":41,"key":"Gremlin Horn"},{"floor":42,"key":"Dream Catcher"},{"floor":43,"key":"War Paint"},{"floor":46,"key":"Letter Opener"},{"floor":54,"key":"Bottled Lightning"}],"event_choices":[{"damage_healed":0.0,"max_hp_gain":0.0,"max_hp_loss":0.0,"gold_gain":52.0,"event_name":"Golden Wing","player_choice":"Gained Gold","floor":5.0,"gold_loss":0.0,"damage_taken":0.0},{"damage_healed":0.0,"max_hp_gain":0.0,"max_hp_loss":0.0,"gold_gain":0.0,"event_name":"Scrap Ooze","player_choice":"Success","floor":7.0,"gold_loss":0.0,"damage_taken":3.0,"relics_obtained":["Centennial Puzzle"]},{"cards_removed":["Conserve Battery"],"damage_healed":0.0,"max_hp_gain":0.0,"max_hp_loss":0.0,"gold_gain":0.0,"event_name":"Purifier","player_choice":"Purged","floor":13.0,"gold_loss":0.0,"damage_taken":0.0},{"damage_healed":21.0,"max_hp_gain":0.0,"max_hp_loss":0.0,"gold_gain":0.0,"event_name":"The Cleric","player_choice":"Healed","floor":14.0,"gold_loss":35.0,"damage_taken":0.0},{"damage_healed":0.0,"max_hp_gain":0.0,"max_hp_loss":0.0,"gold_gain":100.0,"event_name":"The Joust","player_choice":"Bet on Murderer","floor":19.0,"gold_loss":50.0,"damage_taken":0.0},{"damage_healed":0.0,"max_hp_gain":0.0,"max_hp_loss":0.0,"gold_gain":275.0,"event_name":"Golden Shrine","player_choice":"Desecrate","floor":22.0,"gold_loss":0.0,"damage_taken":0.0,"cards_obtained":["Regret"]},{"cards_removed":["Ball Lightning"],"damage_healed":0,"gold_gain":0,"player_choice":"Purged","damage_taken":0,"max_hp_gain":0,"max_hp_loss":0,"event_name":"Purifier","floor":36,"gold_loss":0},{"damage_healed":0,"gold_gain":0,"player_choice":"Got Potions","damage_taken":0,"max_hp_gain":0,"max_hp_loss":0,"event_name":"Lab","floor":38,"gold_loss":0},{"damage_healed":0,"gold_gain":0,"player_choice":"Memory 1","damage_taken":0,"max_hp_gain":0,"max_hp_loss":0,"event_name":"SensoryStone","floor":48,"gold_loss":0}],"is_beta":false,"boss_relics":[{"not_picked":["Runic Dome","Tiny House"],"picked":"Nuclear Battery"},{"not_picked":["Runic Pyramid","Philosopher\u0027s Stone"],"picked":"Busted Crown"}],"items_purged_floors":[],"is_endless":false,"potions_floor_spawned":[2,11,20,25,35,47],"ascension_level":1}}