{"host":"nsxzlb359hv0da5z","time":1609396420,"event":{"mods":["BaseMod","Bestiary","Colored Map","Minty Spire (QoL Compilation)","Permanent Neow","Relic Stats","Slay the Relics Exporter","ojb\u0027s Info Mod"],"gold_per_floor":[99,99,99,99,13,13,13,0,0,0,0,0,0,0,0,0,0,0,0,0,0,0,0,0,0,0],"floor_reached":25,"playtime":2547,"items_purged":[],"score":462,"play_id":"5f8d5b4e-9180-488a-8832-91cfd13bcc71","local_time":"20201230223340","is_ascension_mode":true,"campfire_choices":[{"data":"Fasting2","floor":10,"key":"SMITH"},{"floor":15,"key":"DIG"},{"data":"Ragnarok","floor":24,"key":"SMITH"}],"circlet_count":0,"master_deck":["AscendersBane","Strike_P","Strike_P","Strike_P","Defend_P","Defend_P","Defend_P","Defend_P","Eruption","Vigilance","Fasting2+1","Consecrate","CarveReality","Adaptation","FollowUp","EmptyFist","Protect","Study","Halt","Ragnarok+1","Swivel","Meditate","RitualDagger","Ghostly","Ghostly","Ghostly"],"relics":["Ectoplasm","Shovel","Bronze Scales","Lantern","Blood Vial","Velvet Choker","Frozen Egg 2"],"acts_visited":["Exordium","TheCity"],"potions_floor_usage":[8,12,23,23],"damage_taken":[{"damage":7,"enemies":"Jaw Worm","floor":1,"turns":6},{"damage":0,"enemies":"Cultist","floor":2,"turns":3},{"damage":0,"enemies":"2 Louse","floor":4,"turns":2},{"damage":16,"enemies":"Gremlin Nob","floor":6,"turns":3},{"damage":0,"enemies":"Large Slime","floor":7,"turns":3},{"damage":12,"enemies":"Looter","floor":8,"turns":3},{"damage":2,"enemies":"3 Louse","floor":12,"turns":2},{"damage":2,"enemies":"3 Sentries","floor":13,"turns":6},{"damage":3,"enemies":"Hexaghost","floor":16,"turns":7},{"damage":13,"enemies":"3 Byrds","floor":18,"turns":3},{"damage":0,"enemies":"Spheric Guardian","floor":20,"turns":3},{"damage":33,"enemies":"Gremlin Leader","floor":23,"turns":8},{"damage":10,"enemies":"Book of Stabbing","floor":25,"turns":4}],"seed_played":"8421199605820445692","potions_obtained":[{"floor":1,"key":"PowerPotion"},{"floor":2,"key":"Ancient Potion"},{"floor":6,"key":"Fruit Juice"},{"floor":8,"key":"DuplicationPotion"},{"floor":13,"key":"Dexterity Potion"}],"is_trial":false,"path_per_floor":["M","M","?","M","$","E","M","M","T","R","?","M","E","?","R","B",null,"M","$","M","?","?","E","R","E"],"character_chosen":"WATCHER","items_purchased":["Adaptation"],"campfire_rested":0,"item_purchase_floors":[5],"current_hp_per_floor":[54,54,50,50,50,34,34,27,27,27,27,25,23,23,23,22,60,49,49,51,45,36,3,3,0,0],"gold":0,"neow_bonus":"BOSS_RELIC","is_daily":false,"chose_seed":false,"campfire_upgraded":2,"win_rate":0.0,"timestamp":1609396420,"path_taken":["M","M","?","M","$","E","?","M","T","R","?","M","E","?","R","BOSS","M","$","M","?","?","E","R","E"],"items_purchased_type":["Card"],"build_version":"2020-12-22","purchased_purges":0,"victory":false,"max_hp_per_floor":[68,68,68,68,68,68,68,73,73,73,73,73,73,73,73,73,73,73,73,73,73,36,36,36,36,36],"relic_stats":{"Blood Vial":8,"Shovel":1,"counters":[13,53],"Bronze Scales":[153],"Ectoplasm":331,"obtain_stats":[{"Blood Vial":15,"Lantern":13,"Shovel":6,"Bronze Scales":9,"Velvet Choker":17,"Ectoplasm":0,"PureWater":0,"Frozen Egg 2":23},{"Blood Vial":8,"Lantern":8,"Shovel":4,"Bronze Scales":6,"Velvet Choker":9,"Ectoplasm":0,"PureWater":0,"Frozen Egg 2":12},{"Blood Vial":28,"Lantern":28,"Shovel":14,"Bronze Scales":20,"Velvet Choker":35,"Ectoplasm":0,"PureWater":0,"Frozen Egg 2":49}]},"card_choices":[{"not_picked":["Nirvana","SashWhip"],"picked":"Fasting2","floor":1},{"not_picked":["ThirdEye","Protect"],"picked":"Consecrate","floor":2},{"not_picked":["FlurryOfBlows","ThirdEye"],"picked":"CarveReality","floor":4},{"not_picked":["Consecrate","Evaluate"],"picked":"FollowUp","floor":6},{"not_picked":["SashWhip","PathToVictory"],"picked":"EmptyFist","floor":7},{"not_picked":["CrushJoints","WreathOfFlame"],"picked":"Protect","floor":8},{"not_picked":["Prostrate","ClearTheMind","Fasting2"],"picked":"SKIP","floor":12},{"not_picked":["CrushJoints","InnerPeace"],"picked":"Halt","floor":13},{"not_picked":["ConjureBlade","Establishment"],"picked":"Ragnarok","floor":16},{"not_picked":["Conclude","FlurryOfBlows+1"],"picked":"Swivel","floor":18},{"not_picked":["SashWhip","Sanctity+1"],"picked":"Meditate","floor":20},{"not_picked":["Crescendo","DevaForm+1","Nirvana+1"],"picked":"SKIP","floor":23}],"player_experience":1879898,"relics_obtained":[{"floor":6,"key":"Shovel"},{"floor":9,"key":"Bronze Scales"},{"floor":13,"key":"Lantern"},{"floor":15,"key":"Blood Vial"},{"floor":23,"key":"Frozen Egg 2"}],"event_choices":[{"damage_healed":0,"gold_gain":0,"player_choice":"Bought 0 Potions","damage_taken":0,"max_hp_gain":0,"max_hp_loss":0,"event_name":"The Woman in Blue","floor":3,"gold_loss":0},{"damage_healed":0,"gold_gain":0,"cards_transformed":["Strike_P"],"player_choice":"Change","damage_taken":0,"max_hp_gain":0,"max_hp_loss":0,"event_name":"Living Wall","floor":11,"gold_loss":0,"cards_obtained":["Study"]},{"damage_healed":0,"gold_gain":0,"player_choice":"Ignored","damage_taken":0,"max_hp_gain":0,"max_hp_loss":0,"event_name":"Liars Game","floor":14,"gold_loss":0},{"damage_healed":0,"gold_gain":0,"player_choice":"Joined the Cult","damage_taken":6,"max_hp_gain":0,"max_hp_loss":0,"event_name":"Nest","floor":21,"gold_loss":0,"cards_obtained":["RitualDagger"]},{"damage_healed":0,"gold_gain":0,"player_choice":"Became a Ghost","damage_taken":0,"max_hp_gain":0,"max_hp_loss":37,"event_name":"Ghosts","floor":22,"gold_loss":0,"cards_obtained":["Ghostly","Ghostly","Ghostly"]}],"is_beta":false,"boss_relics":[{"not_picked":["Pandora\u0027s Box","Busted Crown"],"picked":"Velvet Choker"}],"items_purged_floors":[],"is_endless":false,"potions_floor_spawned":[1,2,6,8,13],"killed_by":"Book of Stabbing","ascension_level":20}}