{"host":"tr12w2fixbnujl15","time":1609427149,"event":{"mods":["2.2 Compatiblity","BaseMod","Better Skull","BetterRewards","Colored Powertips","Hubris","Infinite Spire","Jorbs\u0027s Wanderer Trilogy","Luminous","Minty Spire (QoL Compilation)","Quick Restart","Reimu??????","Replay The Spire","Robot Space Explorer","StSLib","SuperFastMode","Td1madao Mod","The Animator","The Sage","The Senshi","The Spell Scribe","WarShipGirlsR/????R mod"],"gold_per_floor":[114,114,39,64,64,102,121,121,146,166,187,187,200,213,213,333,333,353,347,347,347,347,385,399,420,497,513,513,428,447,3,3,3,3],"floor_reached":33,"playtime":1146,"items_purged":["Injury"],"score":296,"play_id":"745b2250-205d-4b99-9391-6baab50db002","local_time":"20201231100549","is_ascension_mode":false,"campfire_choices":[{"data":"Genetic Algorithm","floor":8.0,"key":"SMITH"},{"floor":12,"key":"REST"},{"floor":15,"key":"REST"},{"floor":32,"key":"REST"}],"circlet_count":0,"master_deck":["Strike_B","Strike_B","Strike_B","Strike_B","Defend_B","Defend_B","Defend_B","Defend_B","Zap","Dualcast","Genetic Algorithm+1","Sweeping Beam","Zap","Rebound","Compile Driver","Lockon","White Noise","Coolheaded","FIFO Queue","Electrodynamics","Conserve Battery+1","Loop","sagemod:Quackster","hubris:Rewind","White Noise","ReplayTheSpireMod:Calculation Training","Chaos","Crystallizer","Go for the Eyes","Loop","Good Instincts","Chrysalis","Blizzard"],"relics":["Cracked Core","NeowsBlessing","Golden Idol","infinitespire:EmpoweringShard","Pen Nib","hubris:Stopwatch","hubris:BlackHole","infinitespire:SolderingIron","Carrot","Replay:WaspNest","Bronze Scales","Juzu Bracelet"],"acts_visited":["Exordium","TheCity"],"potions_floor_usage":[16,24,30,33,33,33],"damage_taken":[{"damage":0.0,"enemies":"Small Slimes","floor":1.0,"turns":1.0},{"damage":0.0,"enemies":"Cultist","floor":4.0,"turns":1.0},{"damage":0.0,"enemies":"3 Sentries","floor":6.0,"turns":1.0},{"damage":16.0,"enemies":"Jaw Worm","floor":7.0,"turns":4.0},{"damage":10.0,"enemies":"Looter","floor":10.0,"turns":3.0},{"damage":0.0,"enemies":"Large Slime","floor":11.0,"turns":3.0},{"damage":10,"enemies":"Exordium Wildlife","floor":13,"turns":3},{"damage":21,"enemies":"2 Fungi Beasts","floor":14,"turns":3},{"damage":70,"enemies":"Fading Forest","floor":16,"turns":11},{"damage":0,"enemies":"Spheric Guardian","floor":18,"turns":3},{"damage":13,"enemies":"2 Thieves","floor":19,"turns":4},{"damage":9,"enemies":"Book of Stabbing","floor":23,"turns":4},{"damage":21,"enemies":"Snake Plant","floor":24,"turns":2},{"damage":2,"enemies":"Centurion and Healer","floor":25,"turns":2},{"damage":9,"enemies":"3 Cultists","floor":27,"turns":4},{"damage":1,"enemies":"Cultist and Chosen","floor":30,"turns":3},{"damage":64,"enemies":"Collector","floor":33,"turns":8}],"seed_played":"-4881767647523329764","potions_obtained":[{"floor":1.0,"key":"Adrenaline Potion"},{"floor":4.0,"key":"Block Potion"},{"floor":10.0,"key":"FearPotion"},{"floor":19,"key":"Strength Potion"},{"floor":24,"key":"SkillPotion"},{"floor":27,"key":"SpeedPotion"},{"floor":30,"key":"Strength Potion"}],"is_trial":false,"path_per_floor":["M","?","$","M","?","E","M","R","T","M","M","R","M","M","R","B",null,"M","M","?","AVR","?","E","M","M","T","M","?","?","M","$","R","B"],"character_chosen":"DEFECT","items_purchased":["Juzu Bracelet","Good Instincts","Chrysalis","Blizzard"],"campfire_rested":3,"item_purchase_floors":[31,31,31,31],"current_hp_per_floor":[75,75,75,75,75,75,59,59,59,49,49,71,61,40,62,16,75,75,62,62,62,62,53,32,30,30,21,21,21,20,20,42,0,0],"gold":3,"neow_bonus":"THREE_ENEMY_KILL","is_daily":false,"chose_seed":false,"campfire_upgraded":1,"win_rate":0.0,"timestamp":1609427149,"path_taken":["M","?","$","M","?","E","?","R","T","M","M","R","M","M","R","BOSS","M","M","?","AVR","?","E","M","M","T","M","?","?","?","$","R","BOSS"],"items_purchased_type":["Relic","Card","Card","Card"],"build_version":"2020-12-22","purchased_purges":1,"victory":false,"max_hp_per_floor":[75,75,75,75,75,75,75,75,75,75,75,75,75,75,75,75,75,75,75,75,75,75,75,75,75,75,75,75,75,75,75,75,75,75],"card_choices":[{"not_picked":["BasicCrystalCard","Fusion"],"picked":"Genetic Algorithm","floor":1.0},{"not_picked":["Beam Cell","Stack"],"picked":"Sweeping Beam","floor":4.0},{"not_picked":["Leap","hubris:Prefetch"],"picked":"Rebound","floor":6.0},{"not_picked":["Cold Snap","Conserve Battery"],"picked":"Compile Driver","floor":7.0},{"not_picked":["Sweeping Beam","Ball Lightning"],"picked":"Lockon","floor":10.0},{"not_picked":["Gash","Sweeping Beam"],"picked":"White Noise","floor":11},{"not_picked":["ReplaySort","Sweeping Beam"],"picked":"Coolheaded","floor":13},{"not_picked":["Hologram","Conserve Battery"],"picked":"FIFO Queue","floor":14},{"not_picked":["All For One","Seek"],"picked":"Electrodynamics","floor":16},{"not_picked":["Crystallizer","Hologram"],"picked":"Conserve Battery+1","floor":18},{"not_picked":["BootSequence+1","Sweeping Beam"],"picked":"Loop","floor":19},{"not_picked":["Streamline","Turbo"],"picked":"ReplayTheSpireMod:Calculation Training","floor":23},{"not_picked":["Streamline","Defragment"],"picked":"Chaos","floor":24},{"not_picked":["Fusion","ReplaySolidLightProjector"],"picked":"Crystallizer","floor":25},{"not_picked":["Double Energy","Gash"],"picked":"Go for the Eyes","floor":27},{"not_picked":["ReplaySort","Hologram"],"picked":"Loop","floor":30}],"player_experience":19050,"relics_obtained":[{"floor":6.0,"key":"infinitespire:EmpoweringShard"},{"floor":9.0,"key":"Pen Nib"},{"floor":23,"key":"Carrot"},{"floor":26,"key":"Replay:WaspNest"}],"event_choices":[{"damage_healed":0.0,"max_hp_gain":0.0,"max_hp_loss":0.0,"gold_gain":0.0,"event_name":"Golden Idol","player_choice":"Take Wound","floor":2.0,"gold_loss":0.0,"damage_taken":0.0,"relics_obtained":["Golden Idol"],"cards_obtained":["Injury"]},{"damage_healed":0.0,"max_hp_gain":0.0,"max_hp_loss":0.0,"gold_gain":0.0,"event_name":"Match and Keep!","player_choice":"1 cards matched","floor":5.0,"gold_loss":0.0,"damage_taken":0.0,"cards_obtained":["Zap"]},{"damage_healed":0,"gold_gain":0,"player_choice":"Read","damage_taken":0,"max_hp_gain":0,"max_hp_loss":0,"event_name":"The Library","floor":20,"gold_loss":0,"cards_obtained":["sagemod:Quackster"]},{"damage_healed":0,"gold_gain":0,"player_choice":"Ignored","damage_taken":0,"max_hp_gain":0,"max_hp_loss":0,"event_name":"Ghosts","floor":28,"gold_loss":0},{"damage_healed":0,"gold_gain":0,"player_choice":"Obtained Relic","damage_taken":0,"relics_obtained":["Bronze Scales"],"max_hp_gain":0,"max_hp_loss":0,"event_name":"Addict","floor":29,"gold_loss":85}],"is_beta":false,"boss_relics":[{"not_picked":["Replay:Drink Me","hubris:HollowSoul"],"picked":"hubris:Stopwatch"}],"items_purged_floors":[3],"is_endless":false,"potions_floor_spawned":[1,4,10,19,24,27,30],"killed_by":"Collector","ascension_level":0}}