{"host":"xx5zt3jtdyh8iun7","time":1609414950,"event":{"mods":["AchievementEnabler","Act Like it!","BaseMod","Bestiary","Downfall","Minty Spire (QoL Compilation)","Replay The Spire","StSLib"],"gold_per_floor":[115,115,127,127,26,51,51,51,51,79,95,127,127,143,143,240,240,253,4,24,24,24,24,53,65,90,121,147,22,57,77,77,180,280,299,299,313,331,351,382,382,382,434,434,449,481,531,556,556,556,556,556,506,537,537],"floor_reached":56,"playtime":6698,"items_purged":["Looming Evil","Defend_P","Decay"],"score":1678,"play_id":"64acda59-fed3-46e9-8a7f-cd7bd373a7da","local_time":"20201231124230","is_ascension_mode":true,"campfire_choices":[{"data":"Eruption","floor":7.0,"key":"SMITH"},{"data":"Devotion","floor":15,"key":"SMITH"},{"floor":23,"key":"RECALL"},{"floor":32,"key":"REST"},{"floor":41,"key":"REST"},{"floor":44,"key":"REST"},{"data":"Strike_P","floor":49,"key":"PURGE"},{"data":"Defend_P","floor":52,"key":"PURGE"}],"circlet_count":0,"master_deck":["Strike_P+1","Strike_P","Defend_P","Defend_P","Eruption+1","Vigilance","JustLucky+1","FollowUp","CrushJoints+1","Replay:Vibes","Swivel","MentalFortress","Devotion+1","LikeWater+1","Scrawl","Collect+1","Replay:BluntJabs+1","SashWhip+1","FearNoEvil+1","ReachHeaven+1","Crescendo","Wallop+1","ConjureBlade","CutThroughFate+1","MentalFortress+1","Replay:ManipulateFuture+1","ClearTheMind","WaveOfTheHand","Brilliance+1","Replay:AtTheReady+1"],"relics":["NeowsBlessing","Replay:M_StaffOfTheSnake","Ring of Peace","Ring of Panic","Mercury Hourglass","Divine Protection","Molten Egg 2","Iron Hammer","Fusion Hammer","Gremlin Food","Mango","Replay:Wax Seal","Yang","Replay:Rubber Ducky","Mirror","Replay:Wanted Poster","Ginger","Dream Catcher","Dead Branch","Peace Pipe","Lantern","Oddly Smooth Stone"],"acts_visited":["Exordium","TheCity","TheBeyond","TheEnding"],"potions_floor_usage":[10,10,16,33,45,50,55,55,55],"damage_taken":[{"damage":0.0,"enemies":"Jaw Worm","floor":1.0,"turns":1.0},{"damage":0.0,"enemies":"2 Louse","floor":3.0,"turns":1.0},{"damage":0.0,"enemies":"Replay:BlueRogue","floor":6.0,"turns":1.0},{"damage":0,"enemies":"Lagavulin","floor":10,"turns":3},{"damage":0,"enemies":"Cultist","floor":11,"turns":2},{"damage":13,"enemies":"3 Sentries","floor":12,"turns":4},{"damage":0,"enemies":"Large Slime","floor":14,"turns":5},{"damage":0,"enemies":"The Guardian","floor":16,"turns":8},{"damage":0,"enemies":"Shell Parasite","floor":18,"turns":7},{"damage":0,"enemies":"Spheric Guardian","floor":20,"turns":4},{"damage":0,"enemies":"Slavers","floor":24,"turns":6},{"damage":0,"enemies":"Centurion and Healer","floor":25,"turns":5},{"damage":0,"enemies":"Book of Stabbing","floor":27,"turns":5},{"damage":0,"enemies":"Gremlin Leader","floor":30,"turns":5},{"damage":0,"enemies":"Chosen and Byrds","floor":31,"turns":3},{"damage":0,"enemies":"Automaton","floor":33,"turns":7},{"damage":0,"enemies":"Orb Walker","floor":35,"turns":3},{"damage":0,"enemies":"3 Darklings","floor":37,"turns":3},{"damage":0,"enemies":"Transient","floor":38,"turns":5},{"damage":0,"enemies":"Sphere and 2 Shapes","floor":39,"turns":5},{"damage":0,"enemies":"R_Hoarder","floor":40,"turns":6},{"damage":0,"enemies":"4 Shapes","floor":45,"turns":5},{"damage":0,"enemies":"Nemesis","floor":46,"turns":5},{"damage":0,"enemies":"Mind Bloom Boss Battle","floor":47,"turns":1},{"damage":0,"enemies":"R_Hoarder","floor":48,"turns":7},{"damage":34,"enemies":"Awakened One","floor":50,"turns":7},{"damage":0,"enemies":"Shield and Spear","floor":54,"turns":5},{"damage":12,"enemies":"The Heart","floor":55,"turns":8}],"seed_played":"-8145512072076566558","potions_obtained":[{"floor":3.0,"key":"Fire Potion"},{"floor":6.0,"key":"Swift Potion"},{"floor":10,"key":"PowerPotion"},{"floor":14,"key":"Regen Potion"},{"floor":18,"key":"Strength Potion"},{"floor":20,"key":"Guardian:BlockOnCardUsePotion"},{"floor":33,"key":"FearPotion"},{"floor":45,"key":"Fire Potion"},{"floor":48,"key":"ColorlessPotion"}],"is_trial":false,"path_per_floor":["M","?","M","?","$","E","R","T","T","E","M","E","?","M","R","B",null,"M","$","M","?","?","R","E","M","T","E","T","$","E","M","R","B",null,"M","?","M","M","M","E","R","?","T","R","M","E","?","E","R","B",null,"R","$","E","B",null],"character_chosen":"WATCHER","items_purchased":["CrushJoints","Gremlin Food","Strength Potion"],"campfire_rested":3,"item_purchase_floors":[5,19,53],"current_hp_per_floor":[72,72,72,72,72,72,72,72,72,72,72,59,59,59,59,59,72,72,72,72,72,72,72,86,86,86,86,86,86,86,86,86,86,86,86,86,86,86,86,86,86,86,86,86,86,86,86,86,86,52,86,86,86,86,79],"gold":537,"neow_bonus":"THREE_ENEMY_KILL","is_daily":false,"chose_seed":false,"campfire_upgraded":2,"win_rate":0.0,"timestamp":1609414950,"path_taken":["M","?","M","?","?","E","R","?","T","E","?","E","?","M","R","BOSS","M","$","M","?","?","R","E","?","T","E","?","$","E","?","R","BOSS","M","?","M","?","M","E","R","?","T","R","M","E","?","E","R","BOSS","R","$","E","BOSS"],"items_purchased_type":["Card","Relic","Potion"],"build_version":"2020-12-22","purchased_purges":3,"victory":true,"max_hp_per_floor":[72,72,72,72,72,72,72,72,72,72,72,72,72,72,72,72,72,72,72,72,72,72,72,86,86,86,86,86,86,86,86,86,86,86,86,86,86,86,86,86,86,86,86,86,86,86,86,86,86,86,86,86,86,86,86],"card_choices":[{"not_picked":["SashWhip","PathToVictory"],"picked":"JustLucky","floor":1.0},{"not_picked":["Outmaneuver","Crescendo"],"picked":"FollowUp","floor":3.0},{"not_picked":["Prostrate","BowlingBash"],"picked":"Replay:Vibes","floor":6.0},{"not_picked":["CrushJoints+1","Consecrate+1"],"picked":"Swivel","floor":10},{"not_picked":["ForeignInfluence","JustLucky+1"],"picked":"MentalFortress","floor":11},{"not_picked":["Worship","Replay:AtTheReady"],"picked":"Devotion","floor":12},{"not_picked":["FlurryOfBlows+1","Outmaneuver"],"picked":"LikeWater","floor":14},{"not_picked":["Wraith Form v2","Adrenaline"],"picked":"Scrawl","floor":16},{"not_picked":["Wallop+1","MentalFortress"],"picked":"Collect+1","floor":18},{"not_picked":["EmptyFist+1","PathToVictory"],"picked":"Replay:BluntJabs+1","floor":20},{"not_picked":["CrushJoints+1","FlurryOfBlows+1"],"picked":"SashWhip+1","floor":24},{"not_picked":["ThirdEye","FollowUp+1"],"picked":"FearNoEvil+1","floor":25},{"not_picked":["FlyingSleeves+1","ForeignInfluence"],"picked":"ReachHeaven+1","floor":27},{"not_picked":["BowlingBash+1","FollowUp+1"],"picked":"Crescendo","floor":30},{"not_picked":["Collect+1","JustLucky+1"],"picked":"Wallop+1","floor":31},{"not_picked":["Blasphemy","Establishment"],"picked":"ConjureBlade","floor":33},{"not_picked":["FearNoEvil+1","WindmillStrike+1"],"picked":"CutThroughFate+1","floor":35},{"not_picked":["Wireheading","WreathOfFlame"],"picked":"MentalFortress+1","floor":37},{"not_picked":["JustLucky+1","BowlingBash+1"],"picked":"Replay:Vibes+1","floor":38},{"not_picked":["Replay:AtTheReady","FlyingSleeves+1"],"picked":"Replay:ManipulateFuture+1","floor":39},{"not_picked":["PathToVictory","Crescendo+1","Replay:DivineShield+1"],"picked":"SKIP","floor":40},{"not_picked":["ForeignInfluence+1","Collect+1"],"picked":"ClearTheMind","floor":44},{"not_picked":["FlyingSleeves+1","Crescendo"],"picked":"WaveOfTheHand","floor":45},{"not_picked":["Replay:ManipulateFuture","Evaluate","PathToVictory"],"picked":"SKIP","floor":46},{"not_picked":["Consecrate+1","Replay:BluntJabs+1"],"picked":"Brilliance+1","floor":48},{"not_picked":["Judgement","SignatureMove+1"],"picked":"Replay:AtTheReady+1","floor":54}],"player_experience":769923,"relics_obtained":[{"floor":4.0,"key":"Ring of Peace"},{"floor":4.0,"key":"Ring of Panic"},{"floor":6.0,"key":"Mercury Hourglass"},{"floor":9.0,"key":"Divine Protection"},{"floor":10,"key":"Molten Egg 2"},{"floor":12,"key":"Iron Hammer"},{"floor":24,"key":"Mango"},{"floor":26,"key":"Replay:Wax Seal"},{"floor":27,"key":"Yang"},{"floor":28,"key":"Replay:Rubber Ducky"},{"floor":30,"key":"Mirror"},{"floor":40,"key":"Ginger"},{"floor":43,"key":"Dream Catcher"},{"floor":46,"key":"Dead Branch"},{"floor":47,"key":"Peace Pipe"},{"floor":48,"key":"Lantern"},{"floor":54,"key":"Oddly Smooth Stone"}],"event_choices":[{"cards_removed":["Strike_P"],"damage_healed":0,"gold_gain":0,"player_choice":"Elegance","damage_taken":0,"max_hp_gain":0,"max_hp_loss":0,"event_name":"Back to Basics","floor":21,"gold_loss":0},{"damage_healed":0,"gold_gain":0,"player_choice":"Cursed","damage_taken":0,"max_hp_gain":0,"max_hp_loss":0,"event_name":"Wheel of Change","floor":22,"gold_loss":0,"cards_obtained":["Decay"]},{"damage_healed":0,"gold_gain":0,"player_choice":"Ignored","damage_taken":0,"max_hp_gain":0,"max_hp_loss":0,"event_name":"SecretPortal","floor":36,"gold_loss":0},{"cards_removed":["Replay:Vibes"],"damage_healed":0,"gold_gain":0,"player_choice":"Removed Skill","damage_taken":0,"max_hp_gain":0,"max_hp_loss":0,"event_name":"Falling","floor":42,"gold_loss":0},{"damage_healed":0,"gold_gain":0,"player_choice":"Fight","damage_taken":0,"max_hp_gain":0,"max_hp_loss":0,"event_name":"MindBloom","floor":47,"gold_loss":0}],"is_beta":false,"boss_relics":[{"not_picked":["ChewingGum","SacredBark"],"picked":"Fusion Hammer"},{"not_picked":["Runic Pyramid","Velvet Choker"],"picked":"Replay:Wanted Poster"}],"items_purged_floors":[5,19,29],"is_endless":false,"potions_floor_spawned":[3,6,10,14,18,20,31,33,38,40,45,47,48],"ascension_level":1}}