{"host":"nukjzc0ca34w6eem","time":1609404689,"event":{"mods":["2.2 Compatiblity","AchievementEnabler","BaseMod","Colored Powertips","Downfall","Minty Spire (QoL Compilation)","StSLib"],"gold_per_floor":[99,110,123,123,123,137,137,150,177,194,119,269,299,316,326,426,426,351,361,373,5,17,50,50,50,63,63,63,63,81,98,110,212,212,212,108,458,478,392,418,471,471,471,482,510,536,536,554,565,565],"floor_reached":51,"playtime":3902,"items_purged":["Guardian:Strike_Guardian","Guardian:Defend_Guardian"],"score":1127,"play_id":"6ab1b2a2-bed5-41ae-b153-61d118c89078","local_time":"20201231005129","is_ascension_mode":true,"campfire_choices":[{"floor":1.0,"key":"RECALL"},{"data":"1","floor":11.0,"key":"LIFT"},{"data":"2","floor":18.0,"key":"LIFT"},{"data":"3","floor":29,"key":"LIFT"},{"data":"Guardian:RefractedBeam","floor":35,"key":"SMITH"},{"data":"Guardian:RefractedBeam+1","floor":47,"key":"SMITH"}],"circlet_count":0,"master_deck":["Guardian:Strike_Guardian","Guardian:Strike_Guardian","Guardian:Defend_Guardian","Guardian:Defend_Guardian","Guardian:Defend_Guardian","Guardian:CurlUp","Guardian:TwinSlam","Guardian:ShieldSpikes","Guardian:RefractedBeam+2","Guardian:PiercingHide","Guardian:Planning","Slimebound:Icky","Guardian:BronzeOrb","Guardian:DecasProtection","Guardian:FierceBash","Guardian:Incinerate+1","Guardian:Incinerate","Guardian:ArmoredProtocol+1","Guardian:SpikerProtocol","Guardian:MultiBeam","Writhe","Shame","Guardian:ArmoredProtocol+1","Guardian:PiercingHide","Guardian:FuturePlans","Guardian:FloatingOrbs+1","Guardian:DonusPower","Guardian:PolyBeam+1"],"relics":["Guardian:ModeShifterPlus","downfall:ShatteredFragment","Girya","Pen Nib","downfall:HeartBlessingRed","FossilizedHelix","downfall:HeartBlessingGreen","Calipers","Boot","The Courier","Ice Cream","Akabeko","SlaversCollar","Old Coin","Bag of Preparation","Bottled Tornado","Shuriken","Oddly Smooth Stone","Juzu Bracelet","Guardian:DefensiveModeMoreBlock"],"acts_visited":["Exordium","TheCity","TheBeyond"],"potions_floor_usage":[33,33,50],"damage_taken":[{"damage":6.0,"enemies":"Small Slimes","floor":2.0,"turns":4.0},{"damage":0.0,"enemies":"Jaw Worm","floor":3.0,"turns":5.0},{"damage":3.0,"enemies":"2 Louse","floor":6.0,"turns":2.0},{"damage":0.0,"enemies":"3 Louse","floor":8.0,"turns":3.0},{"damage":26.0,"enemies":"Gremlin Nob","floor":9.0,"turns":5.0},{"damage":0.0,"enemies":"Exordium Wildlife","floor":10.0,"turns":2.0},{"damage":16.0,"enemies":"3 Sentries","floor":13.0,"turns":5.0},{"damage":0.0,"enemies":"2 Fungi Beasts","floor":14.0,"turns":2.0},{"damage":0.0,"enemies":"3 Louse","floor":15.0,"turns":3.0},{"damage":28.0,"enemies":"downfall:Defect","floor":16.0,"turns":8.0},{"damage":0.0,"enemies":"Spheric Guardian","floor":19.0,"turns":3.0},{"damage":0.0,"enemies":"Shell Parasite","floor":20.0,"turns":3.0},{"damage":0.0,"enemies":"downfall:FleeingMerchant","floor":21.0,"turns":4.0},{"damage":0.0,"enemies":"Centurion and Healer","floor":22.0,"turns":3.0},{"damage":0.0,"enemies":"Book of Stabbing","floor":23.0,"turns":3.0},{"damage":0.0,"enemies":"Snake Plant","floor":26.0,"turns":3.0},{"damage":0,"enemies":"3 Cultists","floor":30,"turns":2},{"damage":0,"enemies":"Centurion and Healer","floor":31,"turns":3},{"damage":0,"enemies":"Snake Plant","floor":32,"turns":3},{"damage":7,"enemies":"downfall:Watcher","floor":33,"turns":9},{"damage":0,"enemies":"downfall:FleeingMerchant","floor":36,"turns":4},{"damage":0,"enemies":"Mind Bloom Boss Battle","floor":37,"turns":6},{"damage":0,"enemies":"Orb Walker","floor":38,"turns":3},{"damage":0,"enemies":"downfall:FleeingMerchant","floor":39,"turns":4},{"damage":0,"enemies":"Reptomancer","floor":40,"turns":5},{"damage":0,"enemies":"3 Shapes","floor":44,"turns":3},{"damage":0,"enemies":"Giant Head","floor":45,"turns":6},{"damage":0,"enemies":"Jaw Worm Horde","floor":48,"turns":3},{"damage":0,"enemies":"Writhing Mass","floor":49,"turns":5},{"damage":0,"enemies":"downfall:Silent","floor":50,"turns":3}],"seed_played":"6294141723211198690","potions_obtained":[{"floor":6.0,"key":"FearPotion"},{"floor":8.0,"key":"Guardian:BlockOnCardUsePotion"},{"floor":9.0,"key":"PowerPotion"},{"floor":15.0,"key":"LiquidMemories"},{"floor":22.0,"key":"Weak Potion"},{"floor":26.0,"key":"champ:CounterPotion"},{"floor":31,"key":"Block Potion"},{"floor":32,"key":"Guardian:DefensiveModePotion"},{"floor":33,"key":"Swift Potion"},{"floor":38,"key":"BlessingOfTheForge"},{"floor":45,"key":"DuplicationPotion"}],"is_trial":false,"path_per_floor":["R","M","M","?","?","M","T","M","E","M","R","?","E","M","M","B",null,"R","M","M","$","M","E","T","?","M","?","?","R","M","M","M","B",null,"R","$","?","M","$","E","T","?","?","M","E","T","R","M","M","B",null],"character_chosen":"GUARDIAN","items_purchased":["Calipers","Guardian:Incinerate","Guardian:FuturePlans","Bag of Preparation","Bottled Tornado"],"campfire_rested":0,"item_purchase_floors":[21,21,36,39,39],"current_hp_per_floor":[80,74,74,50,79,76,76,76,50,50,50,50,34,34,34,6,68,68,68,68,68,68,68,68,68,68,68,68,68,68,68,68,61,81,81,81,81,81,81,81,81,81,81,81,81,81,81,81,81,81],"gold":565,"neow_bonus":"TEN_PERCENT_HP_BONUS","is_daily":false,"chose_seed":false,"campfire_upgraded":2,"win_rate":0.0,"timestamp":1609404689,"path_taken":["R","M","M","?","?","M","T","M","E","M","R","?","E","M","M","BOSS","R","M","M","$","M","E","T","?","M","?","?","R","?","M","M","BOSS","R","$","?","M","$","E","T","?","?","M","E","?","R","M","M","BOSS"],"items_purchased_type":["Relic","Card","Card","Relic","Relic"],"build_version":"2020-12-22","purchased_purges":2,"victory":true,"max_hp_per_floor":[88,88,88,88,88,88,88,88,88,88,88,88,88,88,88,88,88,88,88,88,88,88,88,88,88,88,88,88,88,88,88,88,88,88,88,88,88,88,88,88,88,88,88,88,88,88,88,88,88,88],"card_choices":[{"not_picked":["Guardian:VentSteam","Guardian:Recover"],"picked":"Guardian:ShieldSpikes","floor":2.0},{"not_picked":["Guardian:PrismaticBarrier","Guardian:Recover"],"picked":"Guardian:RefractedBeam","floor":3.0},{"not_picked":["Guardian:Suspension","Guardian:Planning"],"picked":"Guardian:PiercingHide","floor":6.0},{"not_picked":["Guardian:WalkerClaw","Guardian:Clone","Guardian:CrystalBeam"],"picked":"SKIP","floor":8.0},{"not_picked":["Guardian:Preprogram","Guardian:ShieldCharger"],"picked":"Guardian:Planning","floor":9.0},{"not_picked":["Guardian:Reroute","Guardian:Recover"],"picked":"Guardian:Gem_Red","floor":10.0},{"not_picked":["Guardian:RevengeProtocol","Guardian:WalkerClaw"],"picked":"Guardian:BronzeOrb","floor":13.0},{"not_picked":["Guardian:Suspension","Guardian:ShieldCharger"],"picked":"Guardian:Gem_Red","floor":14.0},{"not_picked":["Guardian:Recover","Guardian:BronzeOrb"],"picked":"Guardian:DecasProtection","floor":15.0},{"not_picked":["Guardian:BaubleBeam","Guardian:TimeSifter"],"picked":"Guardian:FierceBash","floor":16.0},{"not_picked":["Guardian:PrismaticBeam","Guardian:Gem_Green"],"picked":"Guardian:Incinerate+1","floor":19.0},{"not_picked":["Guardian:Clone","Guardian:PolyBeam"],"picked":"Guardian:Gem_Red","floor":20.0},{"not_picked":["Guardian:ConstructionForm","Guardian:VentSteam+1","Guardian:RefractedBeam"],"picked":"SKIP","floor":21.0},{"not_picked":["Guardian:VentSteam+1","Guardian:DecasProtection+1"],"picked":"Guardian:Gem_Purple","floor":22.0},{"not_picked":["Guardian:ChargeCore","Guardian:TemporalStrike"],"picked":"Guardian:ArmoredProtocol+1","floor":23.0},{"not_picked":["Guardian:CompilePackage","Guardian:Clone"],"picked":"Guardian:MultiBeam","floor":26.0},{"not_picked":["Guardian:TemporalShield","Guardian:ChargeCore","Guardian:Incinerate"],"picked":"SKIP","floor":30},{"not_picked":["Guardian:PrismaticBeam","Guardian:ChargeCore+1"],"picked":"Guardian:ArmoredProtocol+1","floor":31},{"not_picked":["Guardian:Gem_Cyan","Guardian:Planning"],"picked":"Guardian:PiercingHide","floor":32},{"not_picked":["Guardian:CompilePackage","Guardian:SphericShield"],"picked":"Guardian:Gem_Synthetic","floor":33},{"not_picked":["Guardian:CrystalBeam","Guardian:Recover+1"],"picked":"Guardian:Gem_White","floor":36},{"not_picked":["Guardian:Suspension","Guardian:ChargeCore+1"],"picked":"Guardian:FloatingOrbs+1","floor":37},{"not_picked":["Guardian:RefractedBeam+1","Guardian:ShieldCharger"],"picked":"Guardian:Gem_White","floor":38},{"not_picked":["Guardian:MultiBeam+1","Guardian:WalkerClaw+1","Guardian:Gem_Yellow"],"picked":"SKIP","floor":39},{"not_picked":["Guardian:GuardianWhirl","Guardian:Gem_Yellow"],"picked":"Guardian:Gem_White","floor":40},{"not_picked":["Guardian:TemporalShield","Guardian:RefractedBeam+1","Guardian:TemporalStrike+1"],"picked":"SKIP","floor":44},{"not_picked":["Guardian:Gem_Yellow","Guardian:CrystalBeam"],"picked":"Guardian:DonusPower","floor":45},{"not_picked":["Guardian:VentSteam","Guardian:TimeBomb"],"picked":"Guardian:PolyBeam+1","floor":48},{"not_picked":["Guardian:Gem_Lightblue","Guardian:Planning","Guardian:Gem_Purple"],"picked":"SKIP","floor":49}],"player_experience":477617,"relics_obtained":[{"floor":7.0,"key":"Girya"},{"floor":9.0,"key":"Pen Nib"},{"floor":13.0,"key":"FossilizedHelix"},{"floor":23.0,"key":"Boot"},{"floor":24.0,"key":"The Courier"},{"floor":37,"key":"Old Coin"},{"floor":40,"key":"Shuriken"},{"floor":41,"key":"Oddly Smooth Stone"},{"floor":45,"key":"Juzu Bracelet"},{"floor":46,"key":"Guardian:DefensiveModeMoreBlock"}],"event_choices":[{"damage_healed":29.0,"max_hp_gain":0.0,"max_hp_loss":0.0,"gold_gain":0.0,"event_name":"Big Fish","player_choice":"Banana","floor":5.0,"gold_loss":0.0,"damage_taken":0.0},{"damage_healed":0.0,"max_hp_gain":0.0,"max_hp_loss":0.0,"gold_gain":0.0,"event_name":"The Library","player_choice":"Read","floor":25.0,"gold_loss":0.0,"damage_taken":0.0,"cards_obtained":["Guardian:SpikerProtocol"]},{"damage_healed":0.0,"max_hp_gain":0.0,"max_hp_loss":0.0,"gold_gain":0.0,"event_name":"Addict","player_choice":"Stole Relic","floor":28.0,"gold_loss":0.0,"damage_taken":0.0,"relics_obtained":["Akabeko"],"cards_obtained":["Shame"]},{"cards_removed":["Guardian:Gem_White"],"damage_healed":0,"gold_gain":0,"player_choice":"Removed Skill","damage_taken":0,"max_hp_gain":0,"max_hp_loss":0,"event_name":"Falling","floor":42,"gold_loss":0}],"is_beta":false,"boss_relics":[{"not_picked":["Sozu","Empty Cage"],"picked":"Guardian:ModeShifterPlus"},{"not_picked":["Snecko Eye","Black Star"],"picked":"SlaversCollar"}],"items_purged_floors":[36,39],"is_endless":false,"potions_floor_spawned":[6,8,9,15,22,26,31,32,33,38,40,45,49],"ascension_level":7}}