{"host":"ufl0k2so27eic2iy","time":1609447390,"event":{"mods":["BaseMod","Minty Spire (QoL Compilation)","StSLib","The Animator"],"gold_per_floor":[112,127,140,140,140,181,181,222,245,259,29,29,56,79,79,155,155,168,56,56,56,89,89,89],"floor_reached":23,"playtime":982,"items_purged":["animator:Strike"],"score":362,"play_id":"1c275f3f-a14e-483a-b566-dca3a6cfa808","local_time":"20201231204310","is_ascension_mode":true,"campfire_choices":[{"floor":7,"key":"REST"},{"data":"animator:HidekiHinata","floor":12,"key":"SMITH"},{"data":"animator:EriShiina","floor":15,"key":"SMITH"}],"circlet_count":0,"master_deck":["AscendersBane","animator:Strike_AngelBeats","animator:Defend_AngelBeats","animator:Defend","animator:Defend+1","animator:Defend","animator:HidekiHinata+1","animator:MasamiIwasawa","animator:Shirosaki","animator:Kaijin","animator:Benimaru","animator:ShidoItsuka","animator:Noda","animator:Mikaela","animator:Shinoa","animator:Yusa","animator:EriShiina+1","animator:Rimuru","animator:TohkaYatogami","animator:GuildGirl","animator:Shinoa","animator:MeguKakizaki"],"relics":["animator:LivingPicture","animator:TheMissingPiece","Pantograph","Nunchaku","Dream Catcher","Oddly Smooth Stone","Lee\u0027s Waffle","animator:WizardHat","Philosopher\u0027s Stone","MutagenicStrength","Red Mask"],"acts_visited":["Exordium","TheCity"],"potions_floor_usage":[6,8,8,16,18,22],"damage_taken":[{"damage":0,"enemies":"Small Slimes","floor":1,"turns":4},{"damage":2,"enemies":"Jaw Worm","floor":2,"turns":4},{"damage":2,"enemies":"2 Louse","floor":3,"turns":3},{"damage":31,"enemies":"Gremlin Nob","floor":6,"turns":4},{"damage":16,"enemies":"3 Sentries","floor":8,"turns":7},{"damage":1,"enemies":"Large Slime","floor":10,"turns":5},{"damage":18,"enemies":"Lagavulin","floor":13,"turns":6},{"damage":0,"enemies":"2 Fungi Beasts","floor":14,"turns":3},{"damage":23,"enemies":"The Guardian","floor":16,"turns":8},{"damage":12,"enemies":"2 Thieves","floor":18,"turns":3},{"damage":21,"enemies":"Masked Bandits","floor":22,"turns":4},{"damage":39,"enemies":"Book of Stabbing","floor":23,"turns":6}],"seed_played":"5277745635277161147","potions_obtained":[{"floor":2,"key":"Dexterity Potion"},{"floor":3,"key":"FearPotion"},{"floor":6,"key":"Strength Potion"},{"floor":8,"key":"Weak Potion"},{"floor":14,"key":"Energy Potion"},{"floor":16,"key":"Block Potion"}],"is_trial":false,"path_per_floor":["M","M","M","?","?","E","R","E","T","M","$","R","E","M","R","B",null,"M","$","?","?","?","E"],"character_chosen":"THE_ANIMATOR","items_purchased":["Lee\u0027s Waffle","animator:TohkaYatogami","animator:GuildGirl"],"campfire_rested":1,"item_purchase_floors":[11,19,19],"current_hp_per_floor":[54,52,50,50,32,1,19,3,3,3,68,68,51,51,51,46,63,51,51,51,51,30,0,0],"gold":89,"neow_bonus":"REMOVE_CARD","is_daily":false,"chose_seed":true,"campfire_upgraded":2,"win_rate":0.0,"timestamp":1609447390,"path_taken":["M","M","M","?","?","E","R","E","T","M","$","R","E","M","R","BOSS","M","$","?","?","?","E"],"items_purchased_type":["Relic","Card","Card"],"build_version":"2020-12-22","purchased_purges":1,"victory":false,"max_hp_per_floor":[60,60,60,60,60,60,60,60,60,61,68,68,69,69,69,69,69,69,69,69,69,69,69,69],"card_choices":[{"not_picked":["animator:Hinaichigo","animator:DwarfShaman"],"picked":"animator:Shirosaki","floor":1},{"not_picked":["animator:HighElfArcher","animator:Shigure"],"picked":"animator:Kaijin","floor":2},{"not_picked":["animator:Chaa","animator:Yusa"],"picked":"animator:Benimaru","floor":3},{"not_picked":["animator:YuzuruOtonashi","animator:Yui"],"picked":"animator:Noda","floor":6},{"not_picked":["animator:TomoeKashiwaba","animator:Shizu"],"picked":"animator:Mikaela","floor":8},{"not_picked":["animator:Vesta","animator:Spearman"],"picked":"animator:Shinoa","floor":10},{"not_picked":["animator:CowGirl","animator:Evileye"],"picked":"animator:Yusa","floor":13},{"not_picked":["animator:YuzuruOtonashi","animator:Godan"],"picked":"animator:EriShiina","floor":14},{"not_picked":["animator:SwordMaiden","animator:Shinku"],"picked":"animator:Rimuru","floor":16},{"not_picked":["animator:YamaiSisters","animator:Hakurou","animator:Evileye"],"picked":"SKIP","floor":18},{"not_picked":["animator:EriShiina","animator:YamaiSisters"],"picked":"animator:MeguKakizaki","floor":22}],"player_experience":2398299,"relics_obtained":[{"floor":6,"key":"Nunchaku"},{"floor":8,"key":"Dream Catcher"},{"floor":9,"key":"Oddly Smooth Stone"},{"floor":13,"key":"animator:WizardHat"},{"floor":22,"key":"Red Mask"}],"event_choices":[{"damage_healed":0,"gold_gain":0,"cards_transformed":["animator:Strike"],"player_choice":"Change","damage_taken":0,"max_hp_gain":0,"max_hp_loss":0,"event_name":"Living Wall","floor":4,"gold_loss":0,"cards_obtained":["animator:ShidoItsuka"]},{"damage_healed":0,"gold_gain":0,"player_choice":"Success","damage_taken":18,"relics_obtained":["Pantograph"],"max_hp_gain":0,"max_hp_loss":0,"event_name":"Scrap Ooze","floor":5,"gold_loss":0},{"damage_healed":0,"gold_gain":0,"player_choice":"Read","damage_taken":0,"max_hp_gain":0,"max_hp_loss":0,"event_name":"The Library","floor":20,"gold_loss":0,"cards_obtained":["animator:Shinoa"]},{"damage_healed":0,"gold_gain":0,"player_choice":"Inject Mutagens","damage_taken":0,"relics_obtained":["MutagenicStrength"],"max_hp_gain":0,"max_hp_loss":0,"event_name":"Drug Dealer","floor":21,"gold_loss":0},{"damage_healed":0,"gold_gain":0,"player_choice":"Fought Bandits","damage_taken":0,"max_hp_gain":0,"max_hp_loss":0,"event_name":"Masked Bandits","floor":22,"gold_loss":0}],"is_beta":false,"boss_relics":[{"not_picked":["animator:HolyGrailRelic","Black Star"],"picked":"Philosopher\u0027s Stone"}],"items_purged_floors":[11],"is_endless":false,"potions_floor_spawned":[2,3,6,8,14,16],"killed_by":"Book of Stabbing","ascension_level":15}}