{"host":"ihsge0lre3slh6sc","time":1609409729,"event":{"mods":["BaseMod","Highlight Path","HololiveMod","Lobotomy","LobotomyExtend","Marisa£®ÏF”Í°°ƒß¿Ì…≥£©","Minty Spire (QoL Compilation)","MostiFishMod","Quick Restart","Remilia£®¿Ÿ√◊¿Ú—«£©","Shop Mod","StSLib","TestMod","Waifu the Spire","WarShipGirlsR/’ΩΩ¢…Ÿ≈ÆR mod","Youmu£®ªÍ∆«—˝√Œ£©","[IsaacMod]“‘»ˆº‚À˛","ÛÙª÷∏ƒœ"],"gold_per_floor":[114,131,206,221,221,250,266,292,292,303,228,228,228,239,239,316,316,334,90,109,109,109],"floor_reached":21,"playtime":709,"items_purged":["Strike_MRS","Strike_MRS"],"score":466,"play_id":"8cbacd84-6e7e-4f20-873d-bb44cf26d24d","local_time":"20201231181529","is_ascension_mode":true,"campfire_choices":[{"data":"DarkMatter","floor":12.0,"key":"SMITH"},{"data":"MeteoricShower","floor":15.0,"key":"SMITH"}],"circlet_count":0,"master_deck":["AscendersBane","Strike_MRS","Defend_MRS","Defend_MRS","Defend_MRS","Defend_MRS","MasterSpark","UpSweep","Bloodbath","MeteoricShower+1","RedShoes","MachineGunSpark","OldLady","DarkMatter+1","ManaRampage","MachineGunSpark"],"relics":["MiniHakkero","HushsDoor","GreenFoldingFan","testmod-Prudence","Void","CogitoBucket","RabbitCall","Question Card","LetterFromLob","RedMistMask","BehaviorAdjustment","Coffee Dripper","GuppysHairball","Question Card"],"acts_visited":[],"potions_floor_usage":[21],"damage_taken":[{"damage":6.0,"enemies":"Jaw Worm","floor":1.0,"turns":2.0},{"damage":4.0,"enemies":"Cultist","floor":2.0,"turns":2.0},{"damage":14.0,"enemies":"2 Louse","floor":4.0,"turns":2.0},{"damage":5.0,"enemies":"Lagavulin","floor":6.0,"turns":2.0},{"damage":5.0,"enemies":"Looter","floor":7.0,"turns":2.0},{"damage":5.0,"enemies":"3 Sentries","floor":8.0,"turns":2.0},{"damage":17.0,"enemies":"Gremlin Gang","floor":10.0,"turns":2.0},{"damage":0.0,"enemies":"Lots of Slimes","floor":14.0,"turns":3.0},{"damage":35.0,"enemies":"Hexaghost","floor":16.0,"turns":5.0},{"damage":7.0,"enemies":"Spheric Guardian","floor":18.0,"turns":3.0},{"damage":28,"enemies":"2 Thieves","floor":20,"turns":2},{"damage":38,"enemies":"Sentry and Sphere","floor":21,"turns":5}],"seed_played":"-3727830672556117071","potions_obtained":[{"floor":2.0,"key":"Weak Potion"},{"floor":4.0,"key":"Block Potion"}],"is_trial":false,"path_per_floor":["M","M","?","M","?","E","M","E","T","M","$","R","?","M","R","B",null,"M","$","M","M"],"character_chosen":"MARISA","items_purchased":["GuppysHairball","MachineGunSpark","Question Card"],"campfire_rested":0,"item_purchase_floors":[17,17,19],"current_hp_per_floor":[67,70,59,56,56,62,68,70,70,64,64,64,57,67,67,43,51,53,53,36,0,0],"gold":109,"neow_bonus":"","is_daily":false,"chose_seed":false,"campfire_upgraded":2,"win_rate":0.0,"timestamp":1609409729,"path_taken":["M","M","?","M","?","E","M","E","T","M","?","R","?","M","R","BOSS","M","$","M","?"],"items_purchased_type":["Relic","Card","Relic"],"build_version":"2020-12-22","purchased_purges":2,"victory":false,"max_hp_per_floor":[70,70,70,70,70,70,70,70,70,70,70,70,70,70,70,70,53,53,53,53,53,53],"card_choices":[{"not_picked":[],"picked":"Bomb","floor":0.0},{"not_picked":["CherryBlossoms","SnowQueen"],"picked":"Bloodbath","floor":1.0},{"not_picked":["ChargingUp","NonDirectionalLaser"],"picked":"MeteoricShower","floor":1.0},{"not_picked":["SuperPerseids","LuminesStrike","AsteroidBelt","IllusionStar"],"picked":"SKIP","floor":2.0},{"not_picked":["CherryBlossoms","ShyLook"],"picked":"RedShoes","floor":4.0},{"not_picked":["ShootingEcho","EnergyFlow","Orbital","MilkyWay"],"picked":"SKIP","floor":4.0},{"not_picked":["WitchLeyline","BinaryStars","BlazeAway"],"picked":"Bomb","floor":6.0},{"not_picked":["ShootTheMoon","DC","Orbital","WitchLeyline"],"picked":"SKIP","floor":7.0},{"not_picked":["OpenUniverse","MysteriousBeam","Occultation"],"picked":"MachineGunSpark","floor":8.0},{"not_picked":["SingingMachine","Scorched"],"picked":"OldLady","floor":8.0},{"not_picked":["WitchOfGreed","JA","DC"],"picked":"DarkMatter","floor":10.0},{"not_picked":["NonDirectionalLaser","Robbery","LuminesStrike","Bomb"],"picked":"SKIP","floor":14.0},{"not_picked":["TreasureHunter","MaximisePower","CasketOfStar"],"picked":"ManaRampage","floor":16.0},{"not_picked":["StarlightTyphoon+1","SuperNova","ChargingUp","PropBag+1"],"picked":"SKIP","floor":18},{"not_picked":["DoubleSpark+1","WitchOfGreed","6A","MagicChant","AsteroidBelt"],"picked":"SKIP","floor":20}],"player_experience":840983,"relics_obtained":[{"floor":1.0,"key":"Question Card"},{"floor":1.0,"key":"LetterFromLob"},{"floor":1.0,"key":"RedMistMask"},{"floor":6.0,"key":"Ancient Tea Set"},{"floor":8.0,"key":"DeadEye"},{"floor":9.0,"key":"GnawedLeaf"}],"event_choices":[{"damage_healed":0.0,"max_hp_gain":0.0,"max_hp_loss":0.0,"gold_gain":75.0,"event_name":"World of Goop","player_choice":"Gather Gold","floor":3.0,"gold_loss":0.0,"damage_taken":11.0},{"damage_healed":0.0,"max_hp_gain":0.0,"max_hp_loss":0.0,"gold_gain":0.0,"event_name":"Lab","player_choice":"Got Potions","floor":5.0,"gold_loss":0.0,"damage_taken":0.0},{"cards_removed":["Strike_MRS"],"damage_healed":0.0,"max_hp_gain":0.0,"max_hp_loss":0.0,"gold_gain":0.0,"event_name":"Golden Wing","player_choice":"Card Removal","floor":13.0,"gold_loss":0.0,"damage_taken":7.0}],"is_beta":false,"boss_relics":[{"not_picked":["Runic Dome","Tiny House"],"picked":"Coffee Dripper"},{"not_picked":[]}],"items_purged_floors":[11,17],"is_endless":false,"potions_floor_spawned":[2,4,7,14,18],"killed_by":"Sentry and Sphere","ascension_level":15}}