{"host":"7o30bgpqouqblh42","time":1609390959,"event":{"mods":["AchievementEnabler","Aspiration","BaseMod","Colored Map","Downfall","Highlight Path","Minty Spire (QoL Compilation)","StSLib","SuperFastMode"],"gold_per_floor":[412,34,34,49,49,74,74,36,62,62,79,113,128,143,143,246,246,257,257,276,276,226,242,271,29,29,29,41,51,64,64,64,159,159,174,38,93,113,113,113,138,138,138,138,138],"floor_reached":44,"playtime":2674,"items_purged":["Strike_R","Strike_R","Defend_R"],"score":565,"play_id":"f92c1de3-0566-4d96-9a97-cfccadfb78c0","local_time":"20201231000239","is_ascension_mode":true,"campfire_choices":[{"floor":7,"key":"REST"},{"data":"Carnage","floor":10,"key":"SMITH"},{"data":"Fiend Fire","floor":15,"key":"SMITH"},{"floor":27,"key":"RECALL"},{"floor":32,"key":"REST"},{"data":"Corruption","floor":40,"key":"SMITH"},{"data":"Secret Weapon","floor":42,"key":"SMITH"}],"circlet_count":0,"master_deck":["Strike_R","Strike_R","Defend_R+1","Defend_R+1","Defend_R","Bash","Carnage","Carnage+1","Armaments","Fiend Fire+1","Battle Trance","Flex","Sentinel","Exhume","Corruption+1","Inflame","Shockwave","Rage+1","Secret Weapon+1"],"relics":["Burning Blood","Old Coin","Membership Card","Pocketwatch","Anchor","Lantern","War Paint","Calipers","expansioncontent:StudyCardRelic","aspiration:RitualStick","Enchiridion","Bird Faced Urn","Strange Spoon","Bronze Scales","Coffee Dripper","Lee\u0027s Waffle","aspiration:HatOfInfinitePower","Oddly Smooth Stone","Eternal Feather"],"acts_visited":["Exordium","TheCity","TheBeyond"],"potions_floor_usage":[16,16,24,28,33,38,44,44],"damage_taken":[{"damage":1,"enemies":"Cultist","floor":1,"turns":3},{"damage":1,"enemies":"2 Louse","floor":4,"turns":2},{"damage":55,"enemies":"Lagavulin","floor":6,"turns":9},{"damage":0,"enemies":"Small Slimes","floor":11,"turns":2},{"damage":0,"enemies":"Gremlin Nob","floor":12,"turns":2},{"damage":0,"enemies":"Gremlin Gang","floor":13,"turns":4},{"damage":0,"enemies":"3 Louse","floor":14,"turns":2},{"damage":21,"enemies":"The Guardian","floor":16,"turns":5},{"damage":2,"enemies":"Shell Parasite","floor":18,"turns":2},{"damage":3,"enemies":"Spheric Guardian","floor":20,"turns":3},{"damage":0,"enemies":"3 Cultists","floor":23,"turns":3},{"damage":14,"enemies":"Slavers","floor":24,"turns":3},{"damage":34,"enemies":"Shelled Parasite and Fungi","floor":28,"turns":3},{"damage":2,"enemies":"Cultist and Chosen","floor":29,"turns":3},{"damage":15,"enemies":"3 Cultists","floor":30,"turns":5},{"damage":56,"enemies":"Champ","floor":33,"turns":7},{"damage":13,"enemies":"3 Shapes","floor":35,"turns":3},{"damage":44,"enemies":"2 Orb Walkers","floor":37,"turns":4},{"damage":12,"enemies":"3 Darklings","floor":38,"turns":4},{"damage":30,"enemies":"Nemesis","floor":41,"turns":5},{"damage":51,"enemies":"Giant Head","floor":44,"turns":7}],"seed_played":"4293869838354157919","potions_obtained":[{"floor":6,"key":"Regen Potion"},{"floor":12,"key":"sneckomod:MuddlingPotion"},{"floor":13,"key":"SpeedPotion"},{"floor":14,"key":"champ:CounterPotion"},{"floor":20,"key":"Explosive Potion"},{"floor":28,"key":"Dexterity Potion"},{"floor":30,"key":"GamblersBrew"},{"floor":35,"key":"CultistPotion"},{"floor":37,"key":"champ:CounterPotion"}],"is_trial":false,"path_per_floor":["M","$","?","M","?","E","R","$","T","R","M","E","M","M","R","B",null,"M","?","M","?","?","M","E","$","T","R","M","M","M","?","R","B",null,"M","$","?","M","?","R","E","R","T","E"],"character_chosen":"IRONCLAD","items_purchased":["Membership Card","Pocketwatch","Carnage","Feel No Pain","Inflame","Strange Spoon","Bronze Scales","Lee\u0027s Waffle"],"campfire_rested":2,"item_purchase_floors":[2,2,2,2,25,25,25,36],"current_hp_per_floor":[61,61,61,66,66,17,41,41,41,41,47,53,59,65,65,59,80,80,64,67,51,51,57,49,49,49,49,27,37,38,38,62,18,80,73,87,51,53,48,48,34,34,34,0,0],"gold":138,"neow_bonus":"ONE_RARE_RELIC","is_daily":false,"chose_seed":false,"campfire_upgraded":4,"win_rate":0.0,"timestamp":1609390959,"path_taken":["M","?","?","M","?","E","R","$","T","R","M","E","?","?","R","BOSS","M","?","M","?","?","M","E","$","T","R","M","M","?","?","R","BOSS","M","$","?","M","?","R","E","R","T","E"],"items_purchased_type":["Relic","Relic","Card","Card","Card","Relic","Relic","Relic"],"build_version":"2020-12-22","purchased_purges":3,"victory":false,"max_hp_per_floor":[80,80,80,80,80,80,80,80,80,80,80,80,80,80,80,80,80,80,80,80,80,80,80,80,80,80,80,80,80,80,80,80,80,80,80,87,87,87,87,87,87,87,87,87,87],"card_choices":[{"not_picked":["Thunderclap","Rupture"],"picked":"Carnage","floor":1},{"not_picked":["Sword Boomerang","Clothesline"],"picked":"Armaments","floor":4},{"not_picked":["Seeing Red","Flex"],"picked":"Fiend Fire","floor":6},{"not_picked":["Searing Blow","True Grit"],"picked":"Battle Trance","floor":11},{"not_picked":["Hemokinesis","Entrench"],"picked":"Flex","floor":12},{"not_picked":["Clash","Hemokinesis","Burning Pact"],"picked":"SKIP","floor":13},{"not_picked":["Thunderclap","Perfected Strike"],"picked":"Sentinel","floor":14},{"not_picked":["Brutality","Bludgeon"],"picked":"Exhume","floor":16},{"not_picked":["Twin Strike","Iron Wave","Searing Blow"],"picked":"SKIP","floor":18},{"not_picked":["Burning Pact","Evolve","Heavy Blade"],"picked":"SKIP","floor":20},{"not_picked":["Rupture","Armaments","Headbutt"],"picked":"SKIP","floor":23},{"not_picked":["Cleave+1","Reckless Charge"],"picked":"Corruption","floor":24},{"not_picked":["Rupture","Heavy Blade","Thunderclap"],"picked":"SKIP","floor":28},{"not_picked":["Heavy Blade","Body Slam"],"picked":"Shockwave","floor":29},{"not_picked":["Feel No Pain","Second Wind+1","Fire Breathing+1"],"picked":"SKIP","floor":30},{"not_picked":["Second Wind+1","Body Slam","Anger"],"picked":"SKIP","floor":35},{"not_picked":["Hemokinesis","Pommel Strike"],"picked":"Rage+1","floor":38},{"not_picked":["expansioncontent:DefensiveMode","Trip"],"picked":"Secret Weapon","floor":39},{"not_picked":["Havoc+1","Thunderclap","Armaments"],"picked":"SKIP","floor":41}],"player_experience":205616,"relics_obtained":[{"floor":6,"key":"Lantern"},{"floor":9,"key":"War Paint"},{"floor":12,"key":"Calipers"},{"floor":21,"key":"Enchiridion"},{"floor":24,"key":"Bird Faced Urn"},{"floor":37,"key":"aspiration:HatOfInfinitePower"},{"floor":41,"key":"Oddly Smooth Stone"},{"floor":43,"key":"Eternal Feather"}],"event_choices":[{"cards_removed":["Strike_R"],"damage_healed":0,"gold_gain":0,"player_choice":"Forget","damage_taken":0,"max_hp_gain":0,"max_hp_loss":0,"event_name":"Living Wall","floor":3,"gold_loss":0},{"cards_removed":["Feel No Pain"],"damage_healed":0,"gold_gain":0,"player_choice":"Gave Card","damage_taken":0,"relics_obtained":["Anchor"],"max_hp_gain":0,"max_hp_loss":0,"event_name":"WeMeetAgain","floor":5,"gold_loss":0},{"damage_healed":0,"gold_gain":0,"player_choice":"Obtained Book","damage_taken":16,"max_hp_gain":0,"max_hp_loss":0,"event_name":"Cursed Tome","floor":21,"gold_loss":0},{"damage_healed":0,"gold_gain":0,"player_choice":"Bet on Owner","damage_taken":0,"max_hp_gain":0,"max_hp_loss":0,"event_name":"The Joust","floor":22,"gold_loss":50},{"damage_healed":0,"gold_gain":0,"player_choice":"Ignored","damage_taken":0,"max_hp_gain":0,"max_hp_loss":0,"event_name":"Ghosts","floor":31,"gold_loss":0},{"damage_healed":0,"gold_gain":0,"player_choice":"Fight","damage_taken":0,"max_hp_gain":0,"max_hp_loss":0,"event_name":"Mysterious Sphere","floor":37,"gold_loss":0},{"damage_healed":0,"gold_gain":0,"player_choice":"Memory 2","damage_taken":5,"max_hp_gain":0,"max_hp_loss":0,"event_name":"SensoryStone","floor":39,"gold_loss":0}],"is_beta":false,"boss_relics":[{"not_picked":["aspiration:DefectSkillbook","Runic Dome"],"picked":"expansioncontent:StudyCardRelic"},{"not_picked":["Mark of Pain","aspiration:RitualDagger"],"picked":"Coffee Dripper"}],"items_purged_floors":[8,25,36],"is_endless":false,"potions_floor_spawned":[6,12,13,14,20,28,30,35,37],"killed_by":"Giant Head","ascension_level":3}}