{"host":"pgqkv8mh62pnrbci","time":1609412090,"event":{"mods":["2.2 Compatiblity","AchievementEnabler","BaseMod","Custom Start","DeckTracker","Minty Spire (QoL Compilation)","StSLib","SuperFastMode","¡¼?Úª?ø«¡½REMEMod"],"gold_per_floor":[363,375,300,182,182,182,201,218,244,244,260,274,274,11,11,93,93,104,104,118,136,61,61,70,96,96,121,141,141,167,167,167],"floor_reached":31,"playtime":1395,"items_purged":["Defend_G"],"score":486,"play_id":"a1bf39f4-bb45-43a5-a482-4bb3723ad4a6","local_time":"20201231195450","is_ascension_mode":true,"campfire_choices":[{"data":"Neutralize","floor":6.0,"key":"SMITH"},{"data":"Creative AI","floor":10.0,"key":"SMITH"},{"data":"Dash","floor":15.0,"key":"SMITH"},{"floor":29,"key":"REST"}],"circlet_count":0,"master_deck":["AscendersBane","Defend_G+1","Defend_G+1","Defend_G+1","Survivor","Neutralize+1","Creative AI+1","Reflex","Dash+1","Masterful Stab","Setup","Cloak And Dagger","Accuracy","REME_GreenPollution","Tools of the Trade","Leg Sweep","Burst","Footwork","Well Laid Plans","REME_CopyPotion","Catalyst+1","Footwork+1"],"relics":["Ring of the Snake","REME_ComplimentaryCards","Akabeko","CeramicFish","Meat on the Bone","Empty Cage","Bottled Flame"],"acts_visited":["Exordium","TheCity"],"potions_floor_usage":[28],"damage_taken":[{"damage":1.0,"enemies":"Small Slimes","floor":1.0,"turns":5.0},{"damage":4.0,"enemies":"2 Louse","floor":2.0,"turns":3.0},{"damage":0.0,"enemies":"Jaw Worm","floor":7.0,"turns":4.0},{"damage":3.0,"enemies":"Looter","floor":8.0,"turns":3.0},{"damage":2.0,"enemies":"Large Slime","floor":11.0,"turns":6.0},{"damage":0.0,"enemies":"Red Slaver","floor":12.0,"turns":3.0},{"damage":2.0,"enemies":"Hexaghost","floor":16.0,"turns":10.0},{"damage":10.0,"enemies":"Chosen","floor":18.0,"turns":6.0},{"damage":17.0,"enemies":"3 Byrds","floor":20.0,"turns":8.0},{"damage":0.0,"enemies":"Slavers","floor":23.0,"turns":1.0},{"damage":18.0,"enemies":"Snake Plant","floor":25.0,"turns":8.0},{"damage":10.0,"enemies":"Shelled Parasite and Fungi","floor":27.0,"turns":11.0},{"damage":30,"enemies":"3 Cultists","floor":28,"turns":8},{"damage":9,"enemies":"Snecko","floor":30,"turns":9},{"damage":40,"enemies":"Masked Bandits","floor":31,"turns":3}],"seed_played":"6071526158993772171","potions_obtained":[{"floor":2.0,"key":"CultistPotion"},{"floor":8.0,"key":"SpeedPotion"},{"floor":12.0,"key":"SmokeBomb"},{"floor":16.0,"key":"BlessingOfTheForge"},{"floor":20.0,"key":"SkillPotion"},{"floor":25.0,"key":"GhostInAJar"}],"is_trial":false,"path_per_floor":["M","M","?","$","?","R","M","M","T","R","M","M","?","$","R","B",null,"M","?","M","?","?","E","?","M","T","M","M","R","M","?"],"character_chosen":"THE_SILENT","items_purchased":["Masterful Stab","Meat on the Bone"],"campfire_rested":1,"item_purchase_floors":[4,14],"current_hp_per_floor":[43,39,39,39,19,19,19,16,16,16,14,14,3,3,3,13,53,43,43,38,38,38,38,38,32,32,34,16,35,38,0,0],"gold":167,"neow_bonus":"TWO_FIFTY_GOLD","is_daily":false,"chose_seed":false,"campfire_upgraded":3,"win_rate":0.0,"timestamp":1609412090,"path_taken":["M","M","?","$","?","R","M","M","T","R","M","M","?","$","R","BOSS","M","?","M","?","?","E","?","M","T","M","M","R","M","?"],"items_purchased_type":["Card","Relic"],"build_version":"2020-12-22","purchased_purges":1,"victory":false,"max_hp_per_floor":[66,66,66,66,66,66,66,66,66,66,66,66,66,66,66,66,66,66,66,66,66,66,66,66,66,66,66,66,66,66,66,66],"card_choices":[{"not_picked":["Backflip","Dodge and Roll"],"picked":"Reflex","floor":1.0},{"not_picked":["Escape Plan","Backstab"],"picked":"Dash","floor":2.0},{"not_picked":["Caltrops","Dagger Throw"],"picked":"Setup","floor":7.0},{"not_picked":["Bane","Flechettes"],"picked":"Cloak And Dagger","floor":8.0},{"not_picked":["Tactician","Flechettes"],"picked":"Accuracy","floor":11.0},{"not_picked":["Leg Sweep","Dagger Throw"],"picked":"REME_GreenPollution","floor":12.0},{"not_picked":["Grand Finale","Venomology"],"picked":"Tools of the Trade","floor":16.0},{"not_picked":["Sucker Punch","Prepared","Eviscerate"],"picked":"SKIP","floor":18.0},{"not_picked":["Skewer","Flechettes","Sucker Punch"],"picked":"SKIP","floor":20.0},{"not_picked":["Acrobatics","Cloak And Dagger"],"picked":"Well Laid Plans","floor":25.0},{"not_picked":["Quick Slash","Dagger Throw"],"picked":"REME_CopyPotion","floor":27.0},{"not_picked":["Backflip","Prepared"],"picked":"Catalyst+1","floor":28},{"not_picked":["Distraction","Acrobatics"],"picked":"Footwork+1","floor":30}],"player_experience":574122,"relics_obtained":[{"floor":9.0,"key":"Akabeko"},{"floor":26.0,"key":"Bottled Flame"}],"event_choices":[{"cards_removed":["Strike_G"],"damage_healed":0.0,"max_hp_gain":0.0,"max_hp_loss":0.0,"gold_gain":0.0,"event_name":"The Cleric","player_choice":"Card Removal","floor":3.0,"gold_loss":75.0,"damage_taken":0.0},{"damage_healed":0.0,"max_hp_gain":0.0,"max_hp_loss":0.0,"gold_gain":0.0,"event_name":"Shining Light","player_choice":"Entered Light","floor":5.0,"gold_loss":0.0,"damage_taken":20.0,"cards_upgraded":["Strike_G","Defend_G"]},{"damage_healed":0.0,"max_hp_gain":0.0,"max_hp_loss":0.0,"gold_gain":0.0,"event_name":"Scrap Ooze","player_choice":"Success","floor":13.0,"gold_loss":0.0,"damage_taken":11.0,"relics_obtained":["CeramicFish"]},{"damage_healed":0.0,"max_hp_gain":0.0,"max_hp_loss":0.0,"gold_gain":0.0,"event_name":"Back to Basics","player_choice":"Simplicity","floor":19.0,"gold_loss":0.0,"damage_taken":0.0,"cards_upgraded":["Strike_G","Defend_G","Defend_G","Defend_G"]},{"damage_healed":0.0,"max_hp_gain":0.0,"max_hp_loss":0.0,"gold_gain":0.0,"cards_transformed":["Defend_G","Strike_G"],"event_name":"Drug Dealer","player_choice":"Became Test Subject","floor":21.0,"gold_loss":0.0,"damage_taken":0.0,"cards_obtained":["Leg Sweep","Burst"]},{"cards_removed":["Strike_G"],"damage_healed":0.0,"max_hp_gain":0.0,"max_hp_loss":0.0,"gold_gain":0.0,"event_name":"Beggar","player_choice":"Gave Gold","floor":22.0,"gold_loss":75.0,"damage_taken":0.0},{"damage_healed":0.0,"max_hp_gain":0.0,"max_hp_loss":0.0,"gold_gain":0.0,"event_name":"The Library","player_choice":"Read","floor":24.0,"gold_loss":0.0,"damage_taken":0.0,"cards_obtained":["Footwork"]},{"damage_healed":0,"gold_gain":0,"player_choice":"Fought Bandits","damage_taken":0,"max_hp_gain":0,"max_hp_loss":0,"event_name":"Masked Bandits","floor":31,"gold_loss":0}],"is_beta":false,"boss_relics":[{"not_picked":["Runic Dome","REME_DemonsWealth"],"picked":"Empty Cage"}],"items_purged_floors":[4],"is_endless":false,"potions_floor_spawned":[2,8,12,16,20,23,25],"killed_by":"Masked Bandits","ascension_level":19}}