{"host":"girf3bnli6r7x4ah","time":1609391506,"event":{"mods":["2.2 Compatiblity","AchievementEnabler","BaseMod","Colored Map","DeckTracker","Highlight Path","Minty Spire (QoL Compilation)","Random Character Button","Rare Cards Sparkle"],"gold_per_floor":[118,118,131,131,190,217,217,242,242,242,256,270,286,296,296,397,397,413,265,281,131,230,230,260,260,260,295,312,29,29,29,29,128,128,148,163,176,176,128,163,163,163],"floor_reached":41,"playtime":2587,"items_purged":[],"score":539,"play_id":"2cbe9827-55db-4e3b-83fc-149ef12500c2","local_time":"20201231061146","is_ascension_mode":true,"campfire_choices":[{"floor":10.0,"key":"REST"},{"floor":15.0,"key":"REST"},{"floor":23.0,"key":"REST"},{"floor":30.0,"key":"REST"},{"floor":32.0,"key":"RECALL"}],"circlet_count":0,"master_deck":["Strike_R","Strike_R","Strike_R","Strike_R","Strike_R","Defend_R","Defend_R","Defend_R","Defend_R","Bash","Cleave","Impervious","Clash","Clothesline","Shockwave","Bloodletting","Twin Strike","Twin Strike","Demon Form","Clash","Dropkick","Twin Strike+1","Demon Form","Armaments+1","Limit Break+1","Uppercut+1","Armaments+1","Clothesline+1","Parasite"],"relics":["Black Star","StoneCalendar","White Beast Statue","Oddly Smooth Stone","Regal Pillow","Sozu","Bronze Scales","Ancient Tea Set","Champion Belt","Toy Ornithopter","MutagenicStrength","Toxic Egg 2","Anchor","HornCleat","Tiny Chest","Philosopher\u0027s Stone","Turnip","Strawberry"],"acts_visited":["Exordium","TheCity","TheBeyond"],"potions_floor_usage":[],"damage_taken":[{"damage":7.0,"enemies":"Small Slimes","floor":1.0,"turns":3.0},{"damage":0.0,"enemies":"Cultist","floor":3.0,"turns":4.0},{"damage":65.0,"enemies":"Lagavulin","floor":6.0,"turns":11.0},{"damage":18.0,"enemies":"Gremlin Nob","floor":8.0,"turns":5.0},{"damage":7.0,"enemies":"2 Louse","floor":11.0,"turns":2.0},{"damage":0.0,"enemies":"2 Fungi Beasts","floor":12.0,"turns":3.0},{"damage":4.0,"enemies":"Blue Slaver","floor":13.0,"turns":3.0},{"damage":11.0,"enemies":"Exordium Thugs","floor":14.0,"turns":3.0},{"damage":6.0,"enemies":"The Guardian","floor":16.0,"turns":6.0},{"damage":18.0,"enemies":"Chosen","floor":18.0,"turns":4.0},{"damage":15.0,"enemies":"3 Byrds","floor":20.0,"turns":3.0},{"damage":31.0,"enemies":"Slavers","floor":24.0,"turns":5.0},{"damage":8.0,"enemies":"Gremlin Leader","floor":27.0,"turns":7.0},{"damage":4.0,"enemies":"Snecko","floor":28.0,"turns":3.0},{"damage":14.0,"enemies":"Champ","floor":33.0,"turns":7.0},{"damage":5.0,"enemies":"Orb Walker","floor":35.0,"turns":4.0},{"damage":13.0,"enemies":"3 Darklings","floor":36.0,"turns":4.0},{"damage":39.0,"enemies":"4 Shapes","floor":37.0,"turns":6.0},{"damage":25.0,"enemies":"Reptomancer","floor":40.0,"turns":5.0},{"damage":11,"enemies":"Writhing Mass","floor":41,"turns":4}],"seed_played":"-6383208718788005324","potions_obtained":[{"floor":3.0,"key":"BloodPotion"},{"floor":8.0,"key":"Weak Potion"},{"floor":11.0,"key":"Weak Potion"},{"floor":12.0,"key":"PowerPotion"},{"floor":14.0,"key":"BloodPotion"},{"floor":16.0,"key":"SteroidPotion"}],"is_trial":false,"path_per_floor":["M","?","M","$","?","E","?","E","T","R","M","M","M","M","R","B",null,"M","$","M","$","?","R","E","?","T","E","M","$","R","?","R","B",null,"M","M","M","?","$","E","M"],"character_chosen":"IRONCLAD","items_purchased":["Bronze Scales","Ancient Tea Set","Demon Form","Tiny Chest","Armaments+1"],"campfire_rested":4,"item_purchase_floors":[19,21,29,29,39],"current_hp_per_floor":[73,73,73,73,73,24,24,6,6,45,38,38,34,39,78,72,80,62,62,47,47,47,80,49,49,49,41,37,37,76,76,76,62,80,75,67,28,28,28,10,0,0],"gold":163,"neow_bonus":"BOSS_RELIC","is_daily":false,"chose_seed":false,"campfire_upgraded":0,"win_rate":0.0,"timestamp":1609391506,"path_taken":["M","?","M","?","?","E","?","E","T","R","M","M","M","M","R","BOSS","M","$","M","$","?","R","E","?","T","E","?","?","R","?","R","BOSS","M","M","M","?","$","E","M"],"items_purchased_type":["Relic","Relic","Card","Relic","Card"],"build_version":"2020-12-22","purchased_purges":0,"victory":false,"max_hp_per_floor":[80,80,80,80,80,80,80,80,80,80,80,80,80,80,80,80,80,80,80,80,80,80,80,80,80,80,80,80,80,80,80,80,80,80,80,80,80,80,80,87,87,87],"card_choices":[{"not_picked":["Flex","Metallicize"],"picked":"Cleave","floor":1.0},{"not_picked":["Intimidate","Carnage"],"picked":"Clothesline","floor":3.0},{"not_picked":["Heavy Blade","Second Wind"],"picked":"Shockwave","floor":6.0},{"not_picked":["Warcry","Evolve","Ghostly Armor"],"picked":"SKIP","floor":8.0},{"not_picked":["True Grit","Entrench"],"picked":"Bloodletting","floor":11.0},{"not_picked":["Wild Strike","Sword Boomerang"],"picked":"Twin Strike","floor":12.0},{"not_picked":["Flame Barrier","Havoc","Sever Soul"],"picked":"SKIP","floor":13.0},{"not_picked":["Warcry","Evolve"],"picked":"Twin Strike","floor":14.0},{"not_picked":["Reaper","Limit Break"],"picked":"Demon Form","floor":16.0},{"not_picked":["Headbutt","Armaments","Warcry+1"],"picked":"SKIP","floor":18.0},{"not_picked":["Pommel Strike","Sentinel"],"picked":"Clash","floor":20.0},{"not_picked":["Headbutt","Ghostly Armor"],"picked":"Dropkick","floor":24.0},{"not_picked":["Metallicize","Warcry+1"],"picked":"Twin Strike+1","floor":27.0},{"not_picked":["True Grit+1","Power Through+1","Dropkick"],"picked":"SKIP","floor":28.0},{"not_picked":["Offering+1","Reaper"],"picked":"Limit Break+1","floor":33.0},{"not_picked":["Havoc+1","Anger+1","Perfected Strike"],"picked":"SKIP","floor":35.0},{"not_picked":["Havoc+1","Clash","Sword Boomerang+1"],"picked":"SKIP","floor":36.0},{"not_picked":["Perfected Strike","Power Through+1"],"picked":"Uppercut+1","floor":37.0},{"not_picked":["Body Slam","Perfected Strike"],"picked":"Clothesline+1","floor":40.0}],"player_experience":140575,"relics_obtained":[{"floor":6.0,"key":"StoneCalendar"},{"floor":6.0,"key":"White Beast Statue"},{"floor":8.0,"key":"Oddly Smooth Stone"},{"floor":8.0,"key":"Regal Pillow"},{"floor":24.0,"key":"Champion Belt"},{"floor":24.0,"key":"Toy Ornithopter"},{"floor":26.0,"key":"Toxic Egg 2"},{"floor":27.0,"key":"Anchor"},{"floor":27.0,"key":"HornCleat"},{"floor":40.0,"key":"Turnip"},{"floor":40.0,"key":"Strawberry"}],"event_choices":[{"damage_healed":0.0,"max_hp_gain":0.0,"max_hp_loss":0.0,"gold_gain":0.0,"event_name":"Match and Keep!","player_choice":"2 cards matched","floor":2.0,"gold_loss":0.0,"damage_taken":0.0,"cards_obtained":["Impervious","Clash"]},{"damage_healed":0.0,"max_hp_gain":0.0,"max_hp_loss":0.0,"gold_gain":59.0,"event_name":"Golden Wing","player_choice":"Gained Gold","floor":5.0,"gold_loss":0.0,"damage_taken":0.0},{"damage_healed":0.0,"max_hp_gain":0.0,"max_hp_loss":0.0,"gold_gain":0.0,"event_name":"Dead Adventurer","player_choice":"Searched \u00270\u0027 times","floor":7.0,"gold_loss":0.0,"damage_taken":0.0},{"damage_healed":0.0,"max_hp_gain":0.0,"max_hp_loss":0.0,"gold_gain":99.0,"event_name":"Nest","player_choice":"Stole From Cult","floor":22.0,"gold_loss":0.0,"damage_taken":0.0},{"damage_healed":0.0,"max_hp_gain":0.0,"max_hp_loss":0.0,"gold_gain":0.0,"event_name":"Drug Dealer","player_choice":"Inject Mutagens","floor":25.0,"gold_loss":0.0,"damage_taken":0.0,"relics_obtained":["MutagenicStrength"]},{"damage_healed":0.0,"max_hp_gain":0.0,"max_hp_loss":0.0,"gold_gain":0.0,"event_name":"The Library","player_choice":"Read","floor":31.0,"gold_loss":0.0,"damage_taken":0.0,"cards_obtained":["Armaments"]},{"damage_healed":0.0,"max_hp_gain":0.0,"max_hp_loss":0.0,"gold_gain":0.0,"event_name":"Mysterious Sphere","player_choice":"Ignored","floor":38.0,"gold_loss":0.0,"damage_taken":0.0}],"is_beta":false,"boss_relics":[{"not_picked":["Pandora\u0027s Box","Busted Crown"],"picked":"Sozu"},{"not_picked":["Calling Bell","SacredBark"],"picked":"Philosopher\u0027s Stone"}],"items_purged_floors":[],"is_endless":false,"potions_floor_spawned":[3,8,11,12,13,14,16,18,20,24,27,28,33,35,36,37,40],"killed_by":"Writhing Mass","ascension_level":3}}