{"host":"344lv32hnei0mdhu","time":1609407662,"event":{"mods":["Act Like it!","BaseMod","Better Match","Better Sensory Stone","Better Skull","Better Third Choice","Better Vampires","Colored Powertips","Highlight Path","Minty Spire (QoL Compilation)","Quick Restart","Random Character Button","Rare Cards Sparkle","StSLib"],"gold_per_floor":[119,294,309,77,152,187,197,197,197,212,238,238,297,322,322,322,322],"floor_reached":16,"playtime":499,"items_purged":[],"score":193,"play_id":"2333ec88-1e7b-47dc-8db7-975d2d27c58d","local_time":"20201231034102","is_ascension_mode":true,"campfire_choices":[{"data":"Disarm","floor":8,"key":"SMITH"},{"floor":12,"key":"REST"},{"floor":15,"key":"REST"}],"circlet_count":0,"master_deck":["Strike_R","Strike_R","Strike_R","Strike_R","Strike_R","Defend_R+1","Defend_R","Defend_R","Defend_R","Bash","Anger","Doubt","Intimidate","Inflame","Disarm+1","Power Through+1","Feel No Pain","Thunderclap","Seeing Red"],"relics":["Burning Blood","NeowsBlessing","HandDrill","Mango","Eternal Feather","War Paint","Unceasing Top","Dream Catcher"],"acts_visited":["Exordium"],"potions_floor_usage":[11,11,11],"damage_taken":[{"damage":0,"enemies":"Jaw Worm","floor":1,"turns":1},{"damage":0,"enemies":"2 Louse","floor":3,"turns":1},{"damage":0,"enemies":"3 Sentries","floor":6,"turns":2},{"damage":7,"enemies":"Small Slimes","floor":7,"turns":4},{"damage":14,"enemies":"Looter","floor":10,"turns":4},{"damage":30,"enemies":"Gremlin Nob","floor":11,"turns":5},{"damage":43,"enemies":"Gremlin Nob","floor":13,"turns":5},{"damage":47,"enemies":"Hexaghost","floor":16,"turns":8}],"seed_played":"6168609958556465544","potions_obtained":[{"floor":3,"key":"GamblersBrew"},{"floor":6,"key":"DuplicationPotion"},{"floor":7,"key":"Energy Potion"}],"is_trial":false,"path_per_floor":["M","?","M","$","?","E","M","R","T","M","E","R","?","T","R","B"],"character_chosen":"IRONCLAD","items_purchased":["Inflame","HandDrill"],"campfire_rested":2,"item_purchase_floors":[4,4],"current_hp_per_floor":[78,78,80,80,69,89,88,88,88,80,56,93,56,56,93,46,46],"gold":322,"neow_bonus":"THREE_ENEMY_KILL","is_daily":false,"chose_seed":false,"campfire_upgraded":1,"win_rate":0.0,"timestamp":1609407662,"path_taken":["M","?","M","$","?","E","M","R","T","M","E","R","?","?","R","BOSS"],"items_purchased_type":["Card","Relic"],"build_version":"2020-12-22","purchased_purges":0,"victory":false,"max_hp_per_floor":[80,80,80,80,80,94,94,94,94,94,94,94,94,94,94,94,94],"card_choices":[{"not_picked":["Armaments","Headbutt"],"picked":"Anger","floor":1},{"not_picked":["Twin Strike","Sever Soul"],"picked":"Intimidate","floor":3},{"not_picked":["Bloodletting","Anger"],"picked":"Disarm","floor":6},{"not_picked":["Pommel Strike","Sever Soul","True Grit"],"picked":"SKIP","floor":7},{"not_picked":["Dual Wield","Anger"],"picked":"Power Through","floor":10},{"not_picked":["Body Slam","Seeing Red"],"picked":"Feel No Pain","floor":11},{"not_picked":["Sentinel","Body Slam"],"picked":"Thunderclap","floor":13},{"not_picked":["Anger","Twin Strike"],"picked":"Seeing Red","floor":15}],"player_experience":291201,"relics_obtained":[{"floor":6,"key":"Mango"},{"floor":9,"key":"Eternal Feather"},{"floor":11,"key":"War Paint"},{"floor":13,"key":"Unceasing Top"},{"floor":14,"key":"Dream Catcher"}],"event_choices":[{"damage_healed":0,"gold_gain":175,"player_choice":"AGREE","damage_taken":119,"max_hp_gain":0,"max_hp_loss":0,"event_name":"betterThird:BetterSerpent","floor":2,"gold_loss":0},{"damage_healed":0,"gold_gain":75,"player_choice":"Gold","damage_taken":11,"max_hp_gain":0,"max_hp_loss":0,"event_name":"betterThird:BetterGoop","floor":5,"gold_loss":0},{"damage_healed":0,"gold_gain":30,"player_choice":"Searched \u00272\u0027 times","damage_taken":0,"max_hp_gain":0,"max_hp_loss":0,"event_name":"Dead Adventurer","floor":13,"gold_loss":0}],"is_beta":false,"boss_relics":[],"items_purged_floors":[],"is_endless":false,"potions_floor_spawned":[3,6,7,10],"killed_by":"Hexaghost","ascension_level":9}}