{"host":"31zwhwtym9x8cse5","time":1609398971,"event":{"mods":["ATMod(°¢èªMod)","BaseMod","Dota2Spire","Faster Ascension Climbing","GungeonMod","Lobotomy","Minty Spire (QoL Compilation)","Quick Restart","Replay The Spire","StSLib","The Poker Player","Yakumo Yukari mod","Youmu£¨»êÆÇÑýÃÎ£©","[IsaacMod]ÒÔÈö¼âËþ","¡¾ÒÅÎï¿¨ÅÆ¡¿REMEMod"],"gold_per_floor":[118,43,55,55,70,96,96,113,139,172,203,103,103,135,135,237,237,255,272,285,102,150,175,175,203,203,239,273,4,38,69,69,166,166,179,196,246,100,158,185,210,210,210,242,277,302,152,179,230,334,334,350,398,417,433,258,288,314,362,362,418,447,480,510,573,573,573,573],"floor_reached":67,"playtime":4431,"items_purged":["DemoMod:Strike_Huntress","DemoMod:Defend_Huntress","DemoMod:Defend_Huntress","DemoMod:Strike_Huntress","DemoMod:Strike_Huntress+1","DemoMod:RustySidearm","DemoMod:DarkMarker"],"score":2727,"play_id":"9ad5b266-5aa6-48c0-a4eb-1718062eee0f","local_time":"20201231151611","daily_mods":["Heirloom","Time Dilation","Flight","DeadlyEvents","Elite Swarm"],"is_ascension_mode":true,"campfire_choices":[{"floor":7,"key":"REST"},{"floor":13,"key":"REST"},{"data":"DemoMod:PotionOfGunFriendShip","floor":15,"key":"SMITH"},{"data":"DemoMod:SniperShot","floor":24,"key":"SMITH"},{"data":"DemoMod:Roll","floor":32,"key":"SMITH"},{"data":"DemoMod:FullFirepower","floor":42,"key":"SMITH"},{"data":"DemoMod:DirectionalPad","floor":66,"key":"PURGE"}],"circlet_count":0,"master_deck":["DemoMod:Defend_Huntress+1","DemoMod:Defend_Huntress+1","DemoMod:Roll+1","DemoMod:ManualReload+1","DemoMod:CrossBow","DemoMod:Unity","DemoMod:TeaPot","DemoMod:FastSwitch+1","DemoMod:BulletBore","DemoMod:PotionOfGunFriendShip+1","DemoMod:GunslingerForm","DemoMod:BSG","DemoMod:DoubleVision+1","DemoMod:Slinger","DemoMod:MachoBrace+1","DemoMod:SniperShot+1","DemoMod:EasyReloadBullets","DemoMod:FinishedGun","DemoMod:FullFirepower+1","DemoMod:DoubleSwitch","Pot Of Greed","Pot Of Greed","DemoMod:ShadowBullets"],"relics":["DemoMod:Dog","HushsDoor","TheBean","Void","DemoMod:ResourcefulSack","Bag of Marbles","DemoMod:PartiallyEatenCheese","GuppysHairball","GuppysPaw","Dota2Spire:Vanguard","Vajra","Dota2Spire:UrnOfShadows","DemoMod:GundromedaStrain","AT_EbonyIvory","DemoMod:VorpalBullet","Dota2Spire:RefresherOrb","GuppysHead","JudasShadow","Anchor","AT_RabadonDeathcap","AT_RedTearstoneRing","AT_BellDemon","Shuriken","Dota2Spire:PhaseBoots","MoneyPower","Bottled Lightning","Coffee Dripper","Dota2Spire:HandOfMidas","Grinning Jar","Pondfish Scales","Omamori","BookofShadows","Lantern","BelialBook","DemoMod:SevenLeafClover"],"acts_visited":["Exordium","TheCity","TheBeyond","Exordium"],"potions_floor_usage":[11,11,18,22,23,23,67],"damage_taken":[{"damage":3,"enemies":"Cultist","floor":1,"turns":4},{"damage":12,"enemies":"Jaw Worm","floor":3,"turns":2},{"damage":1,"enemies":"2 Louse","floor":5,"turns":2},{"damage":30,"enemies":"Lagavulin","floor":6,"turns":4},{"damage":18,"enemies":"Exordium Thugs","floor":8,"turns":4},{"damage":2,"enemies":"3 Sentries","floor":10,"turns":4},{"damage":0,"enemies":"Lagavulin","floor":11,"turns":4},{"damage":0,"enemies":"Replay:BlueRogue","floor":14,"turns":3},{"damage":0,"enemies":"Fading Forest","floor":16,"turns":11},{"damage":0,"enemies":"3 Byrds","floor":18,"turns":1},{"damage":0,"enemies":"Chosen","floor":19,"turns":1},{"damage":0,"enemies":"Snecko","floor":20,"turns":2},{"damage":0,"enemies":"Centurion and Healer","floor":22,"turns":2},{"damage":0,"enemies":"Gremlin Leader","floor":23,"turns":2},{"damage":0,"enemies":"REME_1_Revenger","floor":25,"turns":2},{"damage":24,"enemies":"Slavers","floor":27,"turns":3},{"damage":0,"enemies":"Gremlin Leader","floor":28,"turns":3},{"damage":0,"enemies":"Replay:Snechameleon","floor":30,"turns":2},{"damage":0,"enemies":"REME_1_Revenger","floor":31,"turns":1},{"damage":0,"enemies":"Champ","floor":33,"turns":3},{"damage":0,"enemies":"3 Darklings","floor":35,"turns":1},{"damage":0,"enemies":"Orb Walker","floor":36,"turns":1},{"damage":0,"enemies":"Sphere and 2 Shapes","floor":37,"turns":1},{"damage":0,"enemies":"Maw","floor":39,"turns":1},{"damage":0,"enemies":"Giant Head","floor":40,"turns":3},{"damage":0,"enemies":"Reptomancer","floor":41,"turns":1},{"damage":0,"enemies":"Giant Head","floor":44,"turns":2},{"damage":0,"enemies":"Nemesis","floor":45,"turns":1},{"damage":0,"enemies":"Giant Head","floor":46,"turns":2},{"damage":0,"enemies":"Reptomancer","floor":48,"turns":1},{"damage":0,"enemies":"Donu and Deca","floor":50,"turns":2},{"damage":0,"enemies":"Jaw Worm","floor":52,"turns":1},{"damage":0,"enemies":"Small Slimes","floor":53,"turns":1},{"damage":0,"enemies":"2 Louse","floor":54,"turns":1},{"damage":0,"enemies":"Looter","floor":55,"turns":1},{"damage":0,"enemies":"Gremlin Nob","floor":57,"turns":1},{"damage":0,"enemies":"3 Sentries","floor":58,"turns":1},{"damage":0,"enemies":"Exordium Thugs","floor":59,"turns":1},{"damage":0,"enemies":"Gremlin Nob","floor":61,"turns":1},{"damage":0,"enemies":"Lagavulin","floor":62,"turns":1},{"damage":0,"enemies":"Gremlin Nob","floor":63,"turns":1},{"damage":0,"enemies":"Lagavulin","floor":64,"turns":1},{"damage":0,"enemies":"Gremlin Nob","floor":65,"turns":1},{"damage":19,"enemies":"Delirium","floor":67,"turns":7}],"seed_played":"6890174527965968263","potions_obtained":[{"floor":5,"key":"ColorlessPotion"},{"floor":8,"key":"Swift Potion"},{"floor":11,"key":"Energy Potion"},{"floor":14,"key":"BlessingOfTheForge"},{"floor":18,"key":"SteroidPotion"},{"floor":22,"key":"Explosive Potion"},{"floor":23,"key":"Languid Potion"},{"floor":27,"key":"SneckoOil"},{"floor":30,"key":"SteroidPotion"},{"floor":31,"key":"Energy Potion"}],"is_trial":true,"path_per_floor":["M","$","M","?","M","E","R","M","T","E","E","$","R","E","R","B",null,"M","M","M","$","M","E","R","E","T","E","E","$","E","E","R","B",null,"M","M","M","$","M","E","E","R","T","E","E","E","$","E","R","B",null,"M","M","M","M","$","E","E","M","T","E","E","E","E","E","R","B"],"character_chosen":"HUNTRESS","items_purchased":["Damocles","GuppysHairball","GuppysPaw","DemoMod:SniperShot","Vajra","War Paint","GuppysHead","JudasShadow","Anchor"],"campfire_rested":2,"item_purchase_floors":[17,17,17,21,21,29,34,34,38],"current_hp_per_floor":[60,60,48,34,33,3,24,6,6,4,4,4,25,25,25,25,33,33,33,33,33,33,35,35,35,35,14,20,20,20,20,20,20,5,5,5,5,5,5,5,5,5,5,5,5,5,5,5,5,5,5,5,5,5,5,5,5,5,5,5,5,5,5,5,5,5,1,1],"gold":573,"neow_bonus":"","is_daily":false,"chose_seed":false,"campfire_upgraded":4,"win_rate":0.0,"timestamp":1609398971,"path_taken":["M","$","M","?","M","E","R","?","T","E","?","$","R","E","R","BOSS","M","M","M","$","M","E","R","E","T","E","E","$","E","E","R","BOSS","M","M","M","$","M","E","E","R","T","E","E","E","$","E","R","BOSS","M","M","M","M","$","E","E","M","T","E","E","E","E","E","R","BOSS"],"items_purchased_type":["Relic","Relic","Relic","Card","Relic","Relic","Relic","Relic","Relic"],"build_version":"2020-12-22","purchased_purges":7,"victory":false,"max_hp_per_floor":[70,70,70,70,70,70,70,70,70,70,70,70,70,70,70,70,35,35,35,35,35,35,35,35,35,35,35,35,35,35,35,35,35,5,5,5,5,5,5,5,5,5,5,5,5,5,5,5,5,5,5,5,5,5,5,5,5,5,5,5,5,5,5,5,5,5,1,1],"card_choices":[{"not_picked":[],"picked":"Bomb","floor":0},{"not_picked":["DemoMod:AWP","DemoMod:StickyCrossBow"],"picked":"DemoMod:Unity","floor":1},{"not_picked":["DemoMod:HuntsMan","DemoMod:HardPowerCard"],"picked":"DemoMod:TeaPot","floor":3},{"not_picked":["DemoMod:StickyCrossBow","DemoMod:BoxingGlove"],"picked":"DemoMod:FastSwitch","floor":5},{"not_picked":["DemoMod:Elimentaler","DemoMod:SuppressiveFire"],"picked":"DemoMod:BulletBore","floor":6},{"not_picked":["DemoMod:LifeOrb","DemoMod:CombinedRifle"],"picked":"DemoMod:PotionOfGunFriendShip","floor":8},{"not_picked":["DemoMod:BSG","DemoMod:BalloonGun"],"picked":"DemoMod:GunslingerForm","floor":10},{"not_picked":["DemoMod:GunslingerForm","DemoMod:ThirdPartyController"],"picked":"DemoMod:BSG","floor":11},{"not_picked":["DemoMod:BlackHoleGun","DemoMod:BlankBullets"],"picked":"DemoMod:DoubleVision","floor":14},{"not_picked":["DemoMod:FightSabre","DemoMod:DarkMarker"],"picked":"DemoMod:Slinger","floor":16},{"not_picked":["DemoMod:DirectionalPad","DemoMod:ConditionalReflex+1"],"picked":"DemoMod:MachoBrace+1","floor":18},{"not_picked":["DemoMod:AC15+1","DemoMod:ProbeStrike"],"picked":"DemoMod:DirectionalPad","floor":19},{"not_picked":["DemoMod:JK47","DemoMod:PracticeMakesPerfect","DemoMod:FeignSurrender"],"picked":"SKIP","floor":20},{"not_picked":["DemoMod:StickyCrossBow","DemoMod:PracticeMakesPerfect"],"picked":"DemoMod:EasyReloadBullets","floor":22},{"not_picked":["DemoMod:Elimentaler","DemoMod:BulletBore"],"picked":"DemoMod:FinishedGun","floor":23},{"not_picked":["DemoMod:FinishedGun","DemoMod:Elimentaler","DemoMod:BlankBullets"],"picked":"SKIP","floor":25},{"not_picked":["DemoMod:DoubleVision","DemoMod:BlackHoleGun","DemoMod:BSG"],"picked":"SKIP","floor":27},{"not_picked":["DemoMod:FinishedGun","DemoMod:BlankBullets","DemoMod:GunslingerForm"],"picked":"SKIP","floor":28},{"not_picked":["DemoMod:DoubleVision","DemoMod:Elimentaler","DemoMod:Slinger"],"picked":"SKIP","floor":30},{"not_picked":["DemoMod:Desperate","DemoMod:BlankBullets"],"picked":"DemoMod:DarkMarker","floor":31},{"not_picked":["DemoMod:BoxingGlove","DemoMod:MachoBrace","DemoMod:ConditionalReflex"],"picked":"SKIP","floor":35},{"not_picked":["DemoMod:PotionOfGunFriendShip+1","DemoMod:LifeOrb","DemoMod:AC15+1"],"picked":"SKIP","floor":36},{"not_picked":["DemoMod:PotionOfGunFriendShip+1","DemoMod:GunstockTap","DemoMod:SAA+1"],"picked":"SKIP","floor":37},{"not_picked":["DemoMod:ConditionalReflex","DemoMod:JK47","DemoMod:RadGun"],"picked":"SKIP","floor":39},{"not_picked":["DemoMod:Slinger","DemoMod:BulletBore","DemoMod:GunslingerForm"],"picked":"SKIP","floor":40},{"not_picked":["DemoMod:FightSabre","DemoMod:BlankBullets"],"picked":"DemoMod:FullFirepower","floor":41},{"not_picked":["DemoMod:Elimentaler","DemoMod:DarkMarker","DemoMod:BlankBullets"],"picked":"SKIP","floor":44},{"not_picked":["DemoMod:BlankBullets","DemoMod:ThirdPartyController","DemoMod:FightSabre"],"picked":"SKIP","floor":45},{"not_picked":["DemoMod:Desperate","DemoMod:BSG","DemoMod:BalloonGun"],"picked":"SKIP","floor":46},{"not_picked":["DemoMod:Slinger","DemoMod:BlackHoleGun","DemoMod:Desperate"],"picked":"SKIP","floor":48},{"not_picked":["DemoMod:LifeOrb","DemoMod:HuntsMan"],"picked":"DemoMod:DoubleSwitch","floor":52},{"not_picked":["DemoMod:MegaHand","DemoMod:EasyReloadBullets","DemoMod:StickyCrossBow"],"picked":"SKIP","floor":53},{"not_picked":["DemoMod:Ejector","DemoMod:HighKaliber","DemoMod:Unity"],"picked":"SKIP","floor":54},{"not_picked":["DemoMod:PotionOfGunFriendShip","DemoMod:MegaHand"],"picked":"DemoMod:ShadowBullets","floor":55},{"not_picked":["DemoMod:FullFirepower","DemoMod:SuppressiveFire","DemoMod:FinishedGun"],"picked":"SKIP","floor":57},{"not_picked":["DemoMod:GunslingerForm","DemoMod:FinishedGun","DemoMod:SuppressiveFire"],"picked":"SKIP","floor":58},{"not_picked":["DemoMod:SniperShot","DemoMod:JK47","DemoMod:TeaPot"],"picked":"SKIP","floor":59},{"not_picked":["DemoMod:FullFirepower","DemoMod:GunslingerForm","DemoMod:BalloonGun"],"picked":"SKIP","floor":61},{"not_picked":["DemoMod:ThirdPartyController","DemoMod:BulletBore","DemoMod:BSG"],"picked":"SKIP","floor":62},{"not_picked":["DemoMod:Slinger","DemoMod:ThirdPartyController","DemoMod:DoubleVision"],"picked":"SKIP","floor":63},{"not_picked":["DemoMod:ThirdPartyController","DemoMod:BulletBore","DemoMod:FullFirepower"],"picked":"SKIP","floor":64},{"not_picked":["DemoMod:BalloonGun","DemoMod:Desperate","DemoMod:BlankBullets"],"picked":"SKIP","floor":65}],"player_experience":90253,"relics_obtained":[{"floor":6,"key":"DemoMod:ResourcefulSack"},{"floor":9,"key":"Simple Rune"},{"floor":10,"key":"Bag of Marbles"},{"floor":11,"key":"DemoMod:PartiallyEatenCheese"},{"floor":14,"key":"Tiny Chest"},{"floor":18,"key":"Dota2Spire:Vanguard"},{"floor":19,"key":"Quantum Egg"},{"floor":20,"key":"Kunai"},{"floor":22,"key":"Dota2Spire:UrnOfShadows"},{"floor":23,"key":"Replay:Bottled Snecko"},{"floor":25,"key":"DemoMod:MeltedRock"},{"floor":26,"key":"Art of War"},{"floor":27,"key":"Eternal Feather"},{"floor":28,"key":"DemoMod:GundromedaStrain"},{"floor":30,"key":"AT_EbonyIvory"},{"floor":31,"key":"DemoMod:VorpalBullet"},{"floor":40,"key":"Ancient Tea Set"},{"floor":41,"key":"Replay:Accelerometer"},{"floor":43,"key":"AT_RabadonDeathcap"},{"floor":44,"key":"AT_RedTearstoneRing"},{"floor":45,"key":"AT_BellDemon"},{"floor":46,"key":"AT_SpeedBoots"},{"floor":46,"key":"Shuriken"},{"floor":48,"key":"Dota2Spire:PhaseBoots"},{"floor":48,"key":"MoneyPower"},{"floor":50,"key":"Bottled Lightning"},{"floor":52,"key":"Dota2Spire:HandOfMidas"},{"floor":53,"key":"Grinning Jar"},{"floor":54,"key":"MealTicket"},{"floor":55,"key":"Pondfish Scales"},{"floor":57,"key":"Omamori"},{"floor":58,"key":"SalivaCoin"},{"floor":59,"key":"Bronze Scales"},{"floor":60,"key":"BookofShadows"},{"floor":61,"key":"Lantern"},{"floor":62,"key":"BelialBook"},{"floor":63,"key":"DemoMod:SevenLeafClover"},{"floor":65,"key":"REME_ArchaeologicalTools"}],"event_choices":[{"damage_healed":0,"gold_gain":0,"player_choice":"Entered Light","damage_taken":14,"max_hp_gain":0,"max_hp_loss":0,"event_name":"Shining Light","floor":4,"gold_loss":0,"cards_upgraded":["DemoMod:ManualReload","DemoMod:Strike_Huntress"]}],"is_beta":false,"boss_relics":[{"not_picked":["Ectoplasm","Painkiller Herb"],"picked":"Replay:Ancient Bell"},{"not_picked":[]},{"not_picked":["SlaversCollar","Replay:Bronze Core"],"picked":"Dota2Spire:RefresherOrb"},{"not_picked":[]},{"not_picked":["MagicMushroom","Cursed Key"],"picked":"Coffee Dripper"},{"not_picked":[]}],"items_purged_floors":[2,12,17,29,34,47,56],"is_endless":true,"potions_floor_spawned":[5,8,11,14,18,22,23,27,30,31,36,39,40,45,52,57,62,63,64,65],"killed_by":"Delirium","ascension_level":9}}