{"host":"v4tuy5ykrbdcm9o9","time":1609437181,"event":{"mods":["BaseMod","Duelist Mod","Minty Spire (QoL Compilation)","Replay The Spire","StSLib"],"gold_per_floor":[116,116,65,165,179,213,213,244,268,302,317,27,61,72,72,175,175,186,196,24,24,24,24,53,53,53,1,26,38,72,83,83,181,181,196,39,57,77,93,120,120,120,120,153,172,172,189,223,223,223,223],"floor_reached":50,"playtime":4841,"items_purged":[],"score":882,"play_id":"fa5fbb2a-c3bf-4ec4-93af-d0360ddd2528","local_time":"20201231125301","is_ascension_mode":true,"campfire_choices":[{"floor":7,"key":"REST"},{"floor":15,"key":"REST"},{"floor":23,"key":"RECALL"},{"data":"Thunder Strike","floor":25,"key":"SMITH"},{"floor":32,"key":"DIG"},{"floor":41,"key":"REST"},{"data":"ReplaySolidLightProjector","floor":46,"key":"SMITH"},{"data":"Lockon","floor":49,"key":"SMITH"},{"data":"Zap","floor":49,"key":"SMITH"}],"circlet_count":0,"master_deck":["Defend_B","Defend_B","Defend_B","Defend_B","Zap+1","Dualcast","Sunder","Static Discharge+1","Lockon+1","Go for the Eyes","Doom and Gloom","Steam","Redo","ReplaySolidLightProjector+1","Ball Lightning","Thunder Strike+1","Self Repair+1","Storm+1","Self Repair+1","Bite","Bite","Bite","Bite","Bite","Steam+1","Pot Of Greed","Pot Of Greed","Pot Of Greed","Beam Cell","Beam Cell+1","ReplayTheSpireMod:Omega Cannon+1","ReplaySolidLightProjector+1","Force Field","Ball Lightning+1","Loop+1","Streamline+1"],"relics":["Cracked Core","NeowsBlessing","Replay:Rubber Ducky","WingedGreaves","Frozen Egg 2","Ice Cream","Raider\u0027s Mask","Orichalcum","SlaversCollar","Centennial Puzzle","Question Card","Vajra","Grinning Jar","Mango","Black Star","ClockworkSouvenir","Sundial","Bronze Scales","Ginger","Blood Vial","Blue Doll","Replay:Arrowhead","Geode"],"acts_visited":["Exordium","TheCity","TheBeyond"],"potions_floor_usage":[10,10,10,13,13,19,24,28,30,35,37,39,50,50,50],"damage_taken":[{"damage":0,"enemies":"Jaw Worm","floor":1,"turns":1},{"damage":0,"enemies":"Small Slimes","floor":5,"turns":1},{"damage":0,"enemies":"Lagavulin","floor":6,"turns":1},{"damage":6,"enemies":"Replay:BlueRogue","floor":8,"turns":4},{"damage":0,"enemies":"Lagavulin","floor":10,"turns":3},{"damage":1,"enemies":"Cultist","floor":11,"turns":3},{"damage":6,"enemies":"Replay:BlueRogue","floor":13,"turns":3},{"damage":6,"enemies":"Gremlin Gang","floor":14,"turns":3},{"damage":24,"enemies":"The Guardian","floor":16,"turns":7},{"damage":0,"enemies":"3 Byrds","floor":18,"turns":3},{"damage":0,"enemies":"Spheric Guardian","floor":19,"turns":3},{"damage":7,"enemies":"theDuelist:KaibaA2","floor":24,"turns":3},{"damage":38,"enemies":"Book of Stabbing","floor":28,"turns":4},{"damage":6,"enemies":"Chosen and Byrds","floor":29,"turns":4},{"damage":0,"enemies":"theDuelist:KaibaA2","floor":30,"turns":3},{"damage":22,"enemies":"Snake Plant","floor":31,"turns":3},{"damage":33,"enemies":"Automaton","floor":33,"turns":6},{"damage":22,"enemies":"3 Darklings","floor":35,"turns":3},{"damage":0,"enemies":"Orb Walker","floor":37,"turns":3},{"damage":58,"enemies":"3 Darklings","floor":38,"turns":5},{"damage":5,"enemies":"4 Shapes","floor":39,"turns":4},{"damage":41,"enemies":"Nemesis","floor":40,"turns":5},{"damage":7,"enemies":"R_Hoarder","floor":44,"turns":5},{"damage":9,"enemies":"Spire Growth","floor":45,"turns":6},{"damage":6,"enemies":"3 Darklings","floor":47,"turns":4},{"damage":26,"enemies":"Giant Head","floor":48,"turns":7},{"damage":75,"enemies":"Donu and Deca","floor":50,"turns":6}],"seed_played":"-9204415525381533918","potions_obtained":[{"floor":5,"key":"ColorlessPotion"},{"floor":6,"key":"Energy Potion"},{"floor":8,"key":"ColorlessPotion"},{"floor":18,"key":"AttackPotion"},{"floor":28,"key":"Toxic Potion"},{"floor":29,"key":"LiquidBronze"},{"floor":35,"key":"AttackPotion"},{"floor":38,"key":"ColorlessPotion"},{"floor":45,"key":"PowerPotion"},{"floor":47,"key":"Weak Potion"}],"is_trial":false,"path_per_floor":["M","?","$","?","M","E","R","E","T","E","M","$","E","M","R","B",null,"M","M","$","$","?","R","E","R","T","$","E","M","E","M","R","B",null,"M","$","M","M","M","E","R","?","T","E","M","R","M","E","R","B"],"character_chosen":"DEFECT","items_purchased":["Static Discharge+1","Raider\u0027s Mask","Redo","AttackPotion","AttackPotion","Self Repair+1","SkillPotion","BlessingOfTheForge","SkillPotion","ClockworkSouvenir"],"campfire_rested":3,"item_purchase_floors":[3,12,12,12,12,20,20,20,27,36],"current_hp_per_floor":[75,42,42,42,42,42,64,58,58,58,57,57,51,45,67,43,75,75,75,75,75,52,52,52,52,52,52,36,52,52,52,66,41,66,58,58,62,32,45,34,53,53,53,66,66,66,66,62,62,0,0],"gold":223,"neow_bonus":"THREE_ENEMY_KILL","is_daily":false,"chose_seed":false,"campfire_upgraded":4,"win_rate":0.0,"timestamp":1609437181,"path_taken":["M","?","$","?","?","E","R","E","T","E","?","$","E","M","R","BOSS","M","M","?","$","?","R","E","R","T","?","E","M","E","?","R","BOSS","M","$","M","M","M","E","R","?","T","E","M","R","M","E","R","BOSS"],"items_purchased_type":["Card","Relic","Card","Potion","Potion","Card","Potion","Potion","Potion","Relic"],"build_version":"2020-12-22","purchased_purges":0,"victory":false,"max_hp_per_floor":[75,75,75,75,75,75,75,75,75,75,75,75,75,75,75,75,75,75,75,75,75,52,52,52,52,52,52,52,52,52,52,66,66,66,66,66,66,66,66,66,66,66,66,66,66,66,66,66,66,66,66],"card_choices":[{"not_picked":["Streamline","BasicCrystalCard"],"picked":"Sunder","floor":1},{"not_picked":["Aggregate","Streamline"],"picked":"Lockon","floor":5},{"not_picked":["ReplaySort","Reprogram","Streamline"],"picked":"SKIP","floor":6},{"not_picked":["Chill","Reinforced Body"],"picked":"Go for the Eyes","floor":8},{"not_picked":["Panic Button","Turbo"],"picked":"Doom and Gloom","floor":10},{"not_picked":["Leap","Coolheaded"],"picked":"Steam","floor":11},{"not_picked":["Heatsinks+1","Cold Snap"],"picked":"ReplaySolidLightProjector","floor":13},{"not_picked":["Gash","Cold Snap"],"picked":"Ball Lightning","floor":14},{"not_picked":["Amplify","Biased Cognition+1"],"picked":"Thunder Strike","floor":16},{"not_picked":["Rebound+1","Compile Driver"],"picked":"Self Repair+1","floor":18},{"not_picked":["BasicCrystalCard+1","Stack+1"],"picked":"Storm+1","floor":19},{"not_picked":["Hologram","Force Field","ReplayTheSpireMod:GoodbyeWorld+1"],"picked":"SKIP","floor":24},{"not_picked":["ReplayTheSpireMod:GoodbyeWorld+1","ReplayGash","Coolheaded","Barrage"],"picked":"SKIP","floor":28},{"not_picked":["Leap+1","Defragment+1","BasicCrystalCard"],"picked":"Steam+1","floor":29},{"not_picked":["Chaos","Thunder Strike","Capacitor+1"],"picked":"Beam Cell","floor":30},{"not_picked":["Turbo","Scrape+1","Doom and Gloom"],"picked":"Beam Cell+1","floor":31},{"not_picked":["ReplayRNGCard","Echo Form+1","Seek"],"picked":"ReplayTheSpireMod:Omega Cannon","floor":33},{"not_picked":["ReplaySort","Turbo+1","Ball Lightning"],"picked":"ReplaySolidLightProjector+1","floor":35},{"not_picked":["Hologram","Beam Cell+1","Cold Snap+1","Turbo+1"],"picked":"SKIP","floor":37},{"not_picked":["Sunder","Steam Power","Darkness","Biased Cognition+1"],"picked":"SKIP","floor":38},{"not_picked":["Hologram","Turbo","Leap+1","Steam"],"picked":"SKIP","floor":39},{"not_picked":["Ball Lightning","Hologram","Meteor Strike"],"picked":"Force Field","floor":40},{"not_picked":["Stack+1","Go for the Eyes+1","BasicCrystalCard"],"picked":"Ball Lightning+1","floor":44},{"not_picked":["Ball Lightning+1","Seek","Sweeping Beam+1"],"picked":"Loop+1","floor":45},{"not_picked":["Cold Snap","Leap+1","Conserve Battery"],"picked":"Streamline+1","floor":47},{"not_picked":["Gash","Reprogram","Crystallizer+1","Rainbow"],"picked":"SKIP","floor":48}],"player_experience":505137,"relics_obtained":[{"floor":6,"key":"WingedGreaves"},{"floor":8,"key":"Frozen Egg 2"},{"floor":10,"key":"Ice Cream"},{"floor":13,"key":"Orichalcum"},{"floor":24,"key":"Centennial Puzzle"},{"floor":26,"key":"Question Card"},{"floor":28,"key":"Vajra"},{"floor":30,"key":"Grinning Jar"},{"floor":32,"key":"Mango"},{"floor":40,"key":"Sundial"},{"floor":40,"key":"Bronze Scales"},{"floor":43,"key":"Ginger"},{"floor":44,"key":"Blood Vial"},{"floor":44,"key":"Blue Doll"},{"floor":48,"key":"Replay:Arrowhead"},{"floor":48,"key":"Geode"}],"event_choices":[{"damage_healed":0,"gold_gain":0,"player_choice":"Success","damage_taken":33,"relics_obtained":["Replay:Rubber Ducky"],"max_hp_gain":0,"max_hp_loss":0,"event_name":"Scrap Ooze","floor":2,"gold_loss":0},{"damage_healed":0,"gold_gain":100,"player_choice":"Pray","damage_taken":0,"max_hp_gain":0,"max_hp_loss":0,"event_name":"Golden Shrine","floor":4,"gold_loss":0},{"damage_healed":0,"gold_gain":0,"player_choice":"Became a vampire","damage_taken":0,"max_hp_gain":0,"max_hp_loss":23,"event_name":"Vampires","floor":22,"gold_loss":0,"cards_obtained":["Bite","Bite","Bite","Bite","Bite"]},{"damage_healed":0,"gold_gain":0,"player_choice":"Forge","damage_taken":0,"max_hp_gain":0,"max_hp_loss":0,"event_name":"Accursed Blacksmith","floor":42,"gold_loss":0,"cards_upgraded":["ReplayTheSpireMod:Omega Cannon"]}],"is_beta":false,"boss_relics":[{"not_picked":["Kintsugi","Replay:Wanted Poster"],"picked":"SlaversCollar"},{"not_picked":["Sozu","Nuclear Battery"],"picked":"Black Star"}],"items_purged_floors":[],"is_endless":false,"potions_floor_spawned":[5,6,8,13,18,28,29,35,38,45,47],"killed_by":"Donu and Deca","ascension_level":4}}