{"host":"5fpb1gzflhq9886n","time":1609447708,"event":{"mods":["AchievementEnabler","BaseMod","Colored Map","Colored Powertips","Minty Spire (QoL Compilation)","Permanent Neow"],"gold_per_floor":[116,116,3,3,23,52,52,13,88,88,107,107,54,80,80,80,80],"floor_reached":16,"playtime":711,"items_purged":[],"score":127,"play_id":"8fc4cee5-8c3b-4b89-a05a-b38091ea2a08","local_time":"20201231154828","is_ascension_mode":true,"campfire_choices":[{"floor":7,"key":"REST"},{"floor":10,"key":"REST"},{"data":"Whirlwind","floor":15,"key":"SMITH"}],"circlet_count":0,"master_deck":["Strike_R","Strike_R","Strike_R","Strike_R","Strike_R","Defend_R","Defend_R","Defend_R","Defend_R","Bash","Flex","Whirlwind+1","Feel No Pain","Shockwave","Havoc","Fiend Fire","Carnage","Parasite","Warcry","Thunderclap"],"relics":["Burning Blood","Prayer Wheel","InkBottle","Mango"],"acts_visited":["Exordium"],"potions_floor_usage":[],"damage_taken":[{"damage":12,"enemies":"Jaw Worm","floor":1,"turns":2},{"damage":17,"enemies":"Small Slimes","floor":5,"turns":4},{"damage":62,"enemies":"Lagavulin","floor":6,"turns":7},{"damage":0,"enemies":"2 Louse","floor":11,"turns":1},{"damage":32,"enemies":"Gremlin Nob","floor":14,"turns":5},{"damage":72,"enemies":"Hexaghost","floor":16,"turns":9}],"seed_played":"-6208207600914449262","potions_obtained":[{"floor":14,"key":"BloodPotion"}],"is_trial":false,"path_per_floor":["M","?","$","?","M","E","R","?","T","R","M","?","$","E","R","B"],"character_chosen":"IRONCLAD","items_purchased":["Feel No Pain","Shockwave","Warcry"],"campfire_rested":2,"item_purchase_floors":[3,3,13],"current_hp_per_floor":[74,74,74,74,63,7,31,31,31,55,61,80,80,68,68,0,0],"gold":80,"neow_bonus":"THREE_CARDS","is_daily":false,"chose_seed":false,"campfire_upgraded":1,"win_rate":0.0,"timestamp":1609447708,"path_taken":["M","?","$","?","M","E","R","?","T","R","M","?","?","E","R","BOSS"],"items_purchased_type":["Card","Card","Card"],"build_version":"2020-12-22","purchased_purges":0,"victory":false,"max_hp_per_floor":[80,80,80,80,80,80,80,80,80,80,80,80,80,94,94,94,94],"card_choices":[{"not_picked":["Clash","Armaments"],"picked":"Flex","floor":0},{"not_picked":["Perfected Strike","Flame Barrier"],"picked":"Whirlwind","floor":1},{"not_picked":["Blood for Blood","Shockwave"],"picked":"Havoc","floor":5},{"not_picked":["Body Slam","Disarm"],"picked":"Fiend Fire","floor":6},{"not_picked":["Clothesline","Shrug It Off"],"picked":"Carnage","floor":11},{"not_picked":["Body Slam","Perfected Strike","Flame Barrier"],"picked":"SKIP","floor":11},{"not_picked":["Shrug It Off","Whirlwind"],"picked":"Thunderclap","floor":14}],"player_experience":645593,"relics_obtained":[{"floor":6,"key":"Prayer Wheel"},{"floor":9,"key":"InkBottle"},{"floor":14,"key":"Mango"}],"event_choices":[{"damage_healed":0,"gold_gain":0,"player_choice":"Ignored","damage_taken":0,"max_hp_gain":0,"max_hp_loss":0,"event_name":"Golden Wing","floor":2,"gold_loss":0},{"damage_healed":0,"gold_gain":0,"player_choice":"Ignored","damage_taken":0,"max_hp_gain":0,"max_hp_loss":0,"event_name":"Liars Game","floor":4,"gold_loss":0},{"damage_healed":0,"gold_gain":0,"player_choice":"Left Gold","damage_taken":0,"max_hp_gain":0,"max_hp_loss":0,"event_name":"World of Goop","floor":8,"gold_loss":39},{"damage_healed":20,"gold_gain":0,"player_choice":"Healed and dodged fight","damage_taken":0,"max_hp_gain":0,"max_hp_loss":0,"event_name":"Mushrooms","floor":12,"gold_loss":0,"cards_obtained":["Parasite"]}],"is_beta":false,"boss_relics":[],"items_purged_floors":[],"is_endless":false,"potions_floor_spawned":[14],"killed_by":"Hexaghost","ascension_level":4}}