{"host":"ci7ivtocgfxh0ueo","time":1609388298,"event":{"mods":["BaseMod","GifTheSpireLib","Minty Spire (QoL Compilation)","StSLib"],"gold_per_floor":[110,110,124,124,143,168,187,187,212,240,240,253,204,204,204,277,277,291,5,0,0,0,0,0,18,42,67,67,67,81,99,99,99,99],"floor_reached":33,"playtime":924,"items_purged":["Clumsy"],"score":505,"play_id":"c4d1370d-49ac-49d8-bc72-e7cb6e376bbd","local_time":"20201231121818","is_ascension_mode":true,"campfire_choices":[{"floor":8,"key":"REST"},{"floor":11,"key":"REST"},{"floor":15,"key":"REST"},{"floor":23,"key":"REST"},{"floor":28,"key":"REST"},{"floor":32,"key":"REST"}],"circlet_count":0,"master_deck":["AscendersBane","Strike_R+1","Strike_R+1","Defend_R+1","Defend_R+1","Defend_R+1","Bash+1","Spot Weakness","Wild Strike","Heavy Blade","Armaments","Armaments","Inflame","Disarm","Reaper","Pommel Strike+1","Havoc+1","Heavy Blade+1","Warcry","Dropkick","Double Tap"],"relics":["Mark of Pain","Whetstone","PreservedInsect","Regal Pillow","Akabeko","Astrolabe","Boot","Lantern","Bag of Preparation"],"acts_visited":["Exordium","TheCity"],"potions_floor_usage":[6,16,16,27,33],"damage_taken":[{"damage":1,"enemies":"Cultist","floor":1,"turns":3},{"damage":7,"enemies":"Small Slimes","floor":3,"turns":4},{"damage":0,"enemies":"2 Louse","floor":5,"turns":1},{"damage":40,"enemies":"Lagavulin","floor":6,"turns":6},{"damage":9,"enemies":"Large Slime","floor":7,"turns":7},{"damage":10,"enemies":"3 Sentries","floor":10,"turns":7},{"damage":23,"enemies":"Lots of Slimes","floor":12,"turns":7},{"damage":31,"enemies":"Slime Boss","floor":16,"turns":9},{"damage":33,"enemies":"Shell Parasite","floor":18,"turns":4},{"damage":17,"enemies":"Chosen","floor":25,"turns":5},{"damage":23,"enemies":"Book of Stabbing","floor":27,"turns":5},{"damage":17,"enemies":"Centurion and Healer","floor":30,"turns":7},{"damage":31,"enemies":"3 Cultists","floor":31,"turns":5},{"damage":75,"enemies":"Champ","floor":33,"turns":7}],"seed_played":"-4251146950046167275","potions_obtained":[{"floor":5,"key":"SteroidPotion"},{"floor":6,"key":"Strength Potion"},{"floor":7,"key":"Strength Potion"},{"floor":25,"key":"Weak Potion"}],"is_trial":false,"path_per_floor":["M","?","M","?","M","E","M","R","T","E","R","M","?","?","R","B",null,"M","$","?","?","$","R","?","M","T","E","R","?","M","M","R","B"],"character_chosen":"IRONCLAD","items_purchased":["Boot","SteroidPotion"],"campfire_rested":6,"item_purchase_floors":[19,19],"current_hp_per_floor":[67,67,60,60,60,20,11,33,33,23,60,37,37,19,56,25,63,40,40,40,40,40,75,75,63,63,40,75,75,65,52,75,0,0],"gold":99,"neow_bonus":"BOSS_RELIC","is_daily":false,"chose_seed":false,"campfire_upgraded":0,"win_rate":0.0,"timestamp":1609388298,"path_taken":["M","?","M","?","?","E","M","R","T","E","R","M","?","?","R","BOSS","M","$","?","?","$","R","?","M","T","E","R","?","M","M","R","BOSS"],"items_purchased_type":["Relic","Potion"],"build_version":"2020-12-22","purchased_purges":1,"victory":false,"max_hp_per_floor":[75,75,75,75,75,75,75,75,75,75,75,75,75,75,75,75,75,75,75,75,75,75,75,75,75,75,75,75,75,75,75,75,75,75],"card_choices":[{"not_picked":["Armaments","Havoc"],"picked":"Spot Weakness","floor":1},{"not_picked":["Sword Boomerang","Headbutt"],"picked":"Wild Strike","floor":3},{"not_picked":["Pommel Strike","Cleave"],"picked":"Heavy Blade","floor":5},{"not_picked":["Metallicize","Flame Barrier"],"picked":"Armaments","floor":6},{"not_picked":["Flex","Perfected Strike"],"picked":"Armaments","floor":7},{"not_picked":["Pommel Strike","Twin Strike"],"picked":"Inflame","floor":10},{"not_picked":["Flex","Headbutt"],"picked":"Disarm","floor":12},{"not_picked":["Brutality","Limit Break"],"picked":"Reaper","floor":16},{"not_picked":["Dual Wield","Thunderclap","Searing Blow"],"picked":"SKIP","floor":18},{"not_picked":["Perfected Strike","Anger"],"picked":"Warcry","floor":25},{"not_picked":["Sever Soul","Headbutt","Heavy Blade"],"picked":"SKIP","floor":27},{"not_picked":["Headbutt+1","Combust","Dark Embrace"],"picked":"SKIP","floor":30},{"not_picked":["Fire Breathing","Wild Strike"],"picked":"Double Tap","floor":31}],"player_experience":1316733,"relics_obtained":[{"floor":6,"key":"Whetstone"},{"floor":9,"key":"PreservedInsect"},{"floor":10,"key":"Regal Pillow"},{"floor":26,"key":"Lantern"},{"floor":27,"key":"Bag of Preparation"}],"event_choices":[{"damage_healed":0,"gold_gain":0,"player_choice":"Ignored","damage_taken":0,"max_hp_gain":0,"max_hp_loss":0,"event_name":"Golden Wing","floor":2,"gold_loss":0},{"damage_healed":0,"gold_gain":0,"player_choice":"1 cards matched","damage_taken":0,"max_hp_gain":0,"max_hp_loss":0,"event_name":"Match and Keep!","floor":4,"gold_loss":0,"cards_obtained":["Clumsy"]},{"damage_healed":0,"gold_gain":0,"player_choice":"Left Gold","damage_taken":0,"max_hp_gain":0,"max_hp_loss":0,"event_name":"World of Goop","floor":13,"gold_loss":49},{"damage_healed":0,"gold_gain":0,"player_choice":"Success","damage_taken":18,"relics_obtained":["Akabeko"],"max_hp_gain":0,"max_hp_loss":0,"event_name":"Scrap Ooze","floor":14,"gold_loss":0},{"damage_healed":0,"gold_gain":0,"player_choice":"Paid Fearfully","damage_taken":0,"max_hp_gain":0,"max_hp_loss":0,"event_name":"Masked Bandits","floor":20,"gold_loss":5},{"damage_healed":0,"gold_gain":0,"player_choice":"Simplicity","damage_taken":0,"max_hp_gain":0,"max_hp_loss":0,"event_name":"Back to Basics","floor":21,"gold_loss":0,"cards_upgraded":["Strike_R","Strike_R","Defend_R","Defend_R","Defend_R"]},{"damage_healed":0,"gold_gain":0,"player_choice":"Ignored","damage_taken":0,"max_hp_gain":0,"max_hp_loss":0,"event_name":"Ghosts","floor":24,"gold_loss":0},{"damage_healed":0,"gold_gain":0,"cards_transformed":["Strike_R"],"player_choice":"Transformed","damage_taken":0,"max_hp_gain":0,"max_hp_loss":0,"event_name":"Transmorgrifier","floor":29,"gold_loss":0,"cards_obtained":["Dropkick"]}],"is_beta":false,"boss_relics":[{"not_picked":["Black Star","Coffee Dripper"],"picked":"Astrolabe"}],"items_purged_floors":[19],"is_endless":false,"potions_floor_spawned":[5,6,7,12,25],"killed_by":"Champ","ascension_level":17}}