{"host":"96bpdudduaq3ttpf","time":1609387693,"event":{"mods":["2.2 Compatiblity","Act Like it!","Astrologer","Bard","Bartender","BaseMod","CapriCore","Challenge The Spire","Chen","Downfall","Elementarium","Energized Spire","Friendly Minions","Gensokyo","GifTheSpireLib","Hallownest","Hermit","Jorbs\u0027s Wanderer Trilogy","KinomotoSakuraMod(????)","Koishi","KomeijiMod","Mari Mod (Legacy)","Mari\u0027s V1 Patch","Marisa????????","Mimic Mod","Minty Spire (QoL Compilation)","Prisma Mod","Quick Restart","Remilia??????","Replay The Spire","Robot Space Explorer","Shade Mod","StSLib","Td1madao Mod","The Administrix","The Bladedancer","The Bug Knight","The Construct","The Cursed","The Factory","The Forsaken","The Gatherer","The Hierophant","The Immortal","The IronCluck","The Jungle","The Marked","The Mystic","The Necromancer","The Runesmith","The Senshi","The Servant 0.9.4","Wandering Minibosses","WarShipGirlsR/????R mod","Yohane!","Yuyuko"],"gold_per_floor":[109,109,109,11,30,61,61,86,122,134,164,176,188,13,13,136,86,124,158,174,174,26,26,26,26,26,52,86,86,103,43,43,160,160,172,172,242,14,47,47,64,64,116,116,116,66,84,0,0,0],"floor_reached":51,"playtime":2916,"items_purged":["Strike_RM","Strike_RM","Writhe","Wraith"],"score":774,"play_id":"25ff3717-9134-479c-b66e-f29541f9b34c","local_time":"20201230210813","is_ascension_mode":false,"campfire_choices":[{"data":"RedRainbow","floor":7,"key":"SMITH"},{"data":"Stigmanizer","floor":12,"key":"SMITH"},{"data":"MastersStateliness","floor":15,"key":"SMITH"},{"floor":23,"key":"REST"},{"data":"BloodySeventeenLaser","floor":25,"key":"SMITH"},{"floor":29,"key":"REST"},{"floor":32,"key":"DIG"},{"floor":40,"key":"REST"},{"data":"TwelveNightmare","floor":42,"key":"SMITH"},{"data":"DiffusionOfMisfortune","floor":45,"key":"SMITH"},{"data":"DiffusionOfMisfortune","floor":49,"key":"SMITH"}],"circlet_count":0,"master_deck":["Strike_RM","Strike_RM","Defend_RM","Defend_RM","Defend_RM","RedMoon","ScarletShoot","ScarletDream","Koishi:BasicDefend","RedRainbow+1","AfternoonTea","BlasphemousPunishment","UnstableMagic","Stigmanizer+1","FavorOfDestiny+1","FavorOfDestiny","MastersStateliness+1","DemonKingCradle","Strike_RM","GlobalNightmare","DiffusionOfMisfortune+1","BloodyTrap","ReincarnationDial","DiffusionOfMisfortune+1","BloodySeventeenLaser+1","DiffusionOfMisfortune+1","ScarletMeister","MastersStateliness+1","TwelveNightmare+1","CharismaGuard","ScarletImprint+1","ScarletMeister","theForsaken:PlagueCurse","CharismaGuard","HunterOfTheNight+1"],"relics":["ScarletHat","NeowsBlessing","HoshigumaDish","Pocketwatch","MawBank","Replay:Towering Pillar of Hats","energizedSpire:HugeHouse","ReplayTheSpireMod:TigerMarble","Replay:Rubber Ducky","Centennial Puzzle","Question Card","construct:ClawGrip","Bird Faced Urn","FairyMaid","theForsaken:PlagueMask","Red Mask"],"acts_visited":["Exordium","TheCity","TheBeyond"],"potions_floor_usage":[16,28,28,37,37,43,50,50],"damage_taken":[{"damage":0,"enemies":"Cultist","floor":1,"turns":1},{"damage":0,"enemies":"Jaw Worm","floor":5,"turns":1},{"damage":0,"enemies":"3 Sentries","floor":6,"turns":1},{"damage":8,"enemies":"Lagavulin","floor":8,"turns":4},{"damage":14,"enemies":"2 Louse","floor":9,"turns":5},{"damage":0,"enemies":"2 Louse","floor":11,"turns":1},{"damage":25,"enemies":"Fading Forest","floor":16,"turns":11},{"damage":16,"enemies":"Chosen","floor":18,"turns":4},{"damage":13,"enemies":"Shell Parasite","floor":19,"turns":3},{"damage":12,"enemies":"Snake Plant","floor":20,"turns":4},{"damage":24,"enemies":"Centurion and Healer","floor":28,"turns":7},{"damage":6,"enemies":"Snecko","floor":30,"turns":3},{"damage":17,"enemies":"Automaton","floor":33,"turns":7},{"damage":0,"enemies":"Orb Walker","floor":35,"turns":2},{"damage":28,"enemies":"Mind Bloom Boss Battle","floor":37,"turns":7},{"damage":12,"enemies":"3 Shapes","floor":39,"turns":4},{"damage":15,"enemies":"Writhing Mass","floor":41,"turns":6},{"damage":0,"enemies":"Maw","floor":43,"turns":6},{"damage":20,"enemies":"Maw","floor":47,"turns":4},{"damage":13,"enemies":"Time Eater","floor":50,"turns":10}],"seed_played":"-5272649546351471401","potions_obtained":[{"floor":6,"key":"Weak Potion"},{"floor":11,"key":"ColorlessPotion"},{"floor":16,"key":"Energy Potion"},{"floor":18,"key":"Explosive Potion"},{"floor":18,"key":"BlessingOfTheForge"},{"floor":20,"key":"hexamod:EctoCoolerPotion"},{"floor":28,"key":"Doom Potion"},{"floor":28,"key":"SkillPotion"},{"floor":41,"key":"champ:CounterPotion"},{"floor":43,"key":"Block Potion"},{"floor":47,"key":"Toxic Potion"}],"is_trial":false,"path_per_floor":["M","?","?","$","M","E","R","E","MIM","?","M","R","?","$","R","B",null,"M","M","M","?","$","R","?","R","T","T","M","R","M","?","R","B",null,"M","?","?","$","M","R","M","R","MIM","?","R","$","M","?","R","B",null],"character_chosen":"REMILIA","items_purchased":["DiffusionOfMisfortune","FavorOfDestiny","MastersStateliness","DiffusionOfMisfortune","TwelveNightmare","CharismaGuard"],"campfire_rested":3,"item_purchase_floors":[4,14,14,22,38,46],"current_hp_per_floor":[75,80,80,80,80,80,80,72,58,58,58,58,58,58,58,45,75,59,50,39,39,39,61,61,61,61,61,39,61,58,58,58,49,75,75,75,53,53,47,69,68,68,75,75,75,75,66,66,66,75],"gold":0,"neow_bonus":"THREE_ENEMY_KILL","is_daily":false,"chose_seed":false,"campfire_upgraded":7,"win_rate":0.0,"timestamp":1609387693,"path_taken":["M","?","?","$","M","E","R","E","MIM","?","M","R","?","$","R","BOSS","M","M","?","?","$","R","?","R","T","?","M","R","M","?","R","BOSS","M","?","?","?","M","R","M","R","MIM","?","R","$","M","?","R","BOSS"],"items_purchased_type":["Card","Card","Card","Card","Card","Card"],"build_version":"2020-12-22","purchased_purges":4,"victory":true,"max_hp_per_floor":[75,80,80,80,80,80,80,80,80,80,80,80,80,80,80,80,75,75,75,75,75,75,75,75,75,75,75,75,75,75,75,75,75,75,75,75,75,75,75,75,75,75,75,75,75,75,75,75,75,75],"card_choices":[{"not_picked":["FavorOfDestiny","UnstableMagic"],"picked":"ScarletDream","floor":1},{"not_picked":["MastersStateliness","EmergencyRegeneration"],"picked":"RedRainbow","floor":5},{"not_picked":["BloodHunter","ScarletGensokyo"],"picked":"AfternoonTea","floor":6},{"not_picked":["ScarletSymphony","BloodHunter"],"picked":"BlasphemousPunishment","floor":8},{"not_picked":["ScarletDream","BloodHunter"],"picked":"UnstableMagic","floor":9},{"not_picked":["ScarletGensokyo","BlasphemousPunishment"],"picked":"Stigmanizer","floor":11},{"not_picked":["TransientEternity","HellCatastrophe"],"picked":"DemonKingCradle","floor":16},{"not_picked":["RedRainbow","ScarletImprint"],"picked":"DiffusionOfMisfortune+1","floor":18},{"not_picked":["UltimateOffering","BloodHunter"],"picked":"BloodyTrap","floor":18},{"not_picked":["BloodyTrap","ForbiddenFruit+1","BloodHunter"],"picked":"SKIP","floor":19},{"not_picked":["Maim","HellCatastrophe"],"picked":"ReincarnationDial","floor":20},{"not_picked":[],"picked":"BloodySeventeenLaser","floor":24},{"not_picked":["ForbiddenFruit","UltimateOffering"],"picked":"DiffusionOfMisfortune","floor":28},{"not_picked":["VampireSweep","Maim+1","FavorOfDestiny+1"],"picked":"SKIP","floor":30},{"not_picked":["EquivalentExchange","BloodRain","ForecastOfChange"],"picked":"ScarletMeister","floor":33},{"not_picked":["DevilSight+1","RedRainbow+1","EternalNight"],"picked":"MastersStateliness+1","floor":35},{"not_picked":["UnstableMagic+1","DevilSight+1","FavorOfDestiny+1"],"picked":"CharismaGuard","floor":39},{"not_picked":["EmergencyRegeneration","ReincarnationDial","NightLord+1"],"picked":"ScarletImprint+1","floor":41},{"not_picked":["FavorOfDestiny","EndlessAdversity+1","ScarletDevilSign"],"picked":"ScarletMeister","floor":43},{"not_picked":["Stigmanizer","Maim+1","FavorOfDestiny+1"],"picked":"HunterOfTheNight+1","floor":47}],"player_experience":767969,"relics_obtained":[{"floor":6,"key":"HoshigumaDish"},{"floor":8,"key":"Pocketwatch"},{"floor":9,"key":"MawBank"},{"floor":26,"key":"Replay:Rubber Ducky"},{"floor":27,"key":"Centennial Puzzle"},{"floor":32,"key":"Question Card"},{"floor":37,"key":"Bird Faced Urn"},{"floor":43,"key":"FairyMaid"}],"event_choices":[{"damage_healed":0,"gold_gain":0,"player_choice":"Donut","damage_taken":0,"max_hp_gain":5,"max_hp_loss":0,"event_name":"Big Fish","floor":2,"gold_loss":0},{"cards_removed":["Defend_RM"],"damage_healed":0,"gold_gain":0,"player_choice":"Took Card","damage_taken":0,"max_hp_gain":0,"max_hp_loss":0,"event_name":"NoteForYourself","floor":3,"gold_loss":0,"cards_obtained":["Koishi:BasicDefend"]},{"damage_healed":0,"gold_gain":0,"player_choice":"Grow","damage_taken":0,"max_hp_gain":0,"max_hp_loss":0,"event_name":"Living Wall","floor":10,"gold_loss":0,"cards_upgraded":["DiffusionOfMisfortune"]},{"damage_healed":0,"gold_gain":0,"player_choice":"Gave Potion","damage_taken":0,"relics_obtained":["Replay:Towering Pillar of Hats"],"max_hp_gain":0,"max_hp_loss":0,"event_name":"WeMeetAgain","floor":13,"gold_loss":0},{"damage_healed":0,"gold_gain":0,"player_choice":"Opened","damage_taken":0,"relics_obtained":["ReplayTheSpireMod:TigerMarble"],"max_hp_gain":0,"max_hp_loss":0,"event_name":"The Mausoleum","floor":21,"gold_loss":0,"cards_obtained":["Writhe"]},{"damage_healed":0,"gold_gain":0,"player_choice":"Ignored","damage_taken":0,"max_hp_gain":0,"max_hp_loss":0,"event_name":"OrinTheCat","floor":36,"gold_loss":0},{"damage_healed":0,"gold_gain":0,"player_choice":"Fight","damage_taken":0,"max_hp_gain":0,"max_hp_loss":0,"event_name":"MindBloom","floor":37,"gold_loss":0},{"damage_healed":0,"gold_gain":0,"player_choice":"Obtain Plague Curse","damage_taken":0,"max_hp_gain":0,"max_hp_loss":0,"event_name":"Plague Doctor","floor":44,"gold_loss":0,"cards_obtained":["theForsaken:PlagueCurse"]},{"damage_healed":0,"gold_gain":0,"player_choice":"Paid","damage_taken":0,"relics_obtained":["Red Mask"],"max_hp_gain":0,"max_hp_loss":0,"event_name":"Tomb of Lord Red Mask","floor":48,"gold_loss":84}],"is_beta":false,"boss_relics":[{"not_picked":["SacredBark","Silver_Glasses"],"picked":"energizedSpire:HugeHouse"},{"not_picked":["Replay:Drink Me","Runic Pyramid"],"picked":"construct:ClawGrip"}],"items_purged_floors":[4,14,22,38],"is_endless":false,"potions_floor_spawned":[6,11,16,18,28,41,47],"ascension_level":0}}