{"host":"pyvkqaq4yb2dtxwu","time":1609385360,"event":{"mods":["AchievementEnabler","BaseMod","Colored Map","Colored Powertips","DeckTracker","Minty Spire (QoL Compilation)"],"gold_per_floor":[212,62,62,76,93,122,139,154,181,200,200,214,226,238,238,341,341,353,72,82,94,10,10,23,34,34,34,34,34,46,46,46,147,147,161,171,190,207,207,207],"floor_reached":39,"playtime":3813,"items_purged":["Strike_G","Strike_G"],"score":418,"play_id":"22e814bb-430d-4383-97e9-150923a37529","local_time":"20201230192920","is_ascension_mode":false,"campfire_choices":[{"data":"Neutralize","floor":11,"key":"SMITH"},{"data":"Tools of the Trade","floor":15,"key":"SMITH"},{"data":"Footwork","floor":23,"key":"SMITH"},{"floor":27,"key":"REST"},{"floor":29,"key":"REST"},{"data":"Apotheosis","floor":32,"key":"SMITH"}],"circlet_count":0,"master_deck":["Defend_G","Defend_G","Defend_G","Defend_G","Defend_G","Survivor","Neutralize+1","Dagger Spray","Footwork+1","Backstab","Poisoned Stab","Deflect","Unload","Slice","Noxious Fumes","Poisoned Stab","Eviscerate","Tools of the Trade+1","Escape Plan","Apotheosis+1","Outmaneuver","Flying Knee+1","Accuracy","Blade Dance","After Image","Envenom","Blade Dance"],"relics":["Ring of the Snake","Lantern","Happy Flower","WristBlade","Bottled Tornado","Empty Cage"],"acts_visited":["Exordium","TheCity","TheBeyond"],"potions_floor_usage":[30,37,38,39],"damage_taken":[{"damage":0.0,"enemies":"2 Louse","floor":1.0,"turns":4.0},{"damage":0.0,"enemies":"Cultist","floor":4.0,"turns":3.0},{"damage":3.0,"enemies":"Jaw Worm","floor":5.0,"turns":4.0},{"damage":3.0,"enemies":"Lagavulin","floor":6.0,"turns":9.0},{"damage":6,"enemies":"Lots of Slimes","floor":7,"turns":2},{"damage":0,"enemies":"2 Fungi Beasts","floor":8,"turns":3},{"damage":0,"enemies":"3 Louse","floor":10,"turns":1},{"damage":2,"enemies":"Looter","floor":12,"turns":2},{"damage":0,"enemies":"Lots of Slimes","floor":13,"turns":2},{"damage":0,"enemies":"Exordium Thugs","floor":14,"turns":4},{"damage":32,"enemies":"Slime Boss","floor":16,"turns":10},{"damage":2,"enemies":"3 Byrds","floor":18,"turns":5},{"damage":6,"enemies":"2 Thieves","floor":20,"turns":4},{"damage":34,"enemies":"Snecko","floor":21,"turns":5},{"damage":5,"enemies":"3 Cultists","floor":24,"turns":5},{"damage":4,"enemies":"Snake Plant","floor":25,"turns":4},{"damage":0,"enemies":"Centurion and Healer","floor":30,"turns":7},{"damage":10,"enemies":"Automaton","floor":33,"turns":8},{"damage":48,"enemies":"3 Darklings","floor":35,"turns":5},{"damage":12,"enemies":"3 Shapes","floor":36,"turns":5},{"damage":20,"enemies":"Spire Growth","floor":37,"turns":5},{"damage":0,"enemies":"Transient","floor":38,"turns":5},{"damage":12,"enemies":"Sphere and 2 Shapes","floor":39,"turns":3}],"seed_played":"-5435154087206116477","potions_obtained":[{"floor":1.0,"key":"BlessingOfTheForge"},{"floor":7,"key":"ColorlessPotion"},{"floor":8,"key":"SmokeBomb"},{"floor":30,"key":"DuplicationPotion"},{"floor":35,"key":"PowerPotion"},{"floor":38,"key":"DuplicationPotion"}],"is_trial":false,"path_per_floor":["M","$","?","M","M","E","M","M","T","M","R","M","M","M","R","B",null,"M","$","M","M","$","R","M","M","T","R","?","R","M","?","R","B",null,"M","M","M","M","M"],"character_chosen":"THE_SILENT","items_purchased":["Footwork","Apotheosis","Accuracy","Blade Dance"],"campfire_rested":2,"item_purchase_floors":[2,19,22,22],"current_hp_per_floor":[70,70,70,70,67,64,58,58,58,58,58,56,56,56,56,24,70,68,68,62,28,28,28,23,19,19,40,27,49,49,85,85,75,85,37,25,5,5,0,0],"gold":207,"neow_bonus":"HUNDRED_GOLD","is_daily":false,"chose_seed":false,"campfire_upgraded":4,"win_rate":0.0,"timestamp":1609385360,"path_taken":["M","$","?","M","M","E","M","M","T","M","R","M","M","?","R","BOSS","M","$","?","M","$","R","M","M","T","R","?","R","M","?","R","BOSS","M","M","M","M","M"],"items_purchased_type":["Card","Card","Card","Card"],"build_version":"2020-12-22","purchased_purges":2,"victory":false,"max_hp_per_floor":[70,70,70,70,70,70,70,70,70,70,70,70,70,70,70,70,70,70,70,70,70,70,70,70,70,70,70,75,75,75,85,85,85,85,85,85,85,85,85,85],"card_choices":[{"not_picked":["Slice","Catalyst"],"picked":"Dagger Spray","floor":1.0},{"not_picked":["Terror","Caltrops"],"picked":"Poisoned Stab","floor":4.0},{"not_picked":["Blade Dance","Dagger Spray"],"picked":"Deflect","floor":5.0},{"not_picked":["Sucker Punch","Dodge and Roll"],"picked":"Unload","floor":6},{"not_picked":["Reflex","Heel Hook"],"picked":"Slice","floor":7},{"not_picked":["Dodge and Roll","Heel Hook"],"picked":"Noxious Fumes","floor":8},{"not_picked":["Dodge and Roll","Deflect"],"picked":"Poisoned Stab","floor":10},{"not_picked":["Underhanded Strike","Dagger Spray"],"picked":"Eviscerate","floor":12},{"not_picked":["Dagger Throw","Acrobatics"],"picked":"Tools of the Trade","floor":13},{"not_picked":["Sucker Punch","Calculated Gamble"],"picked":"Escape Plan","floor":14},{"not_picked":["Doppelganger","Unload"],"picked":"Wraith Form v2","floor":16},{"not_picked":["Prepared","Deadly Poison+1","Poisoned Stab"],"picked":"SKIP","floor":18},{"not_picked":["Well Laid Plans","Bane+1"],"picked":"Outmaneuver","floor":20},{"not_picked":["Terror","Caltrops"],"picked":"Flying Knee+1","floor":21},{"not_picked":["Well Laid Plans+1","Slice"],"picked":"After Image","floor":24},{"not_picked":["Sucker Punch","Skewer+1","Prepared"],"picked":"SKIP","floor":25},{"not_picked":["Crippling Poison","Dodge and Roll","Escape Plan+1"],"picked":"SKIP","floor":30},{"not_picked":["Venomology","After Image"],"picked":"Envenom","floor":33},{"not_picked":["Terror","Flying Knee+1","Cloak And Dagger"],"picked":"SKIP","floor":35},{"not_picked":["Dodge and Roll","Outmaneuver+1","Deadly Poison+1"],"picked":"SKIP","floor":36},{"not_picked":["Acrobatics","Escape Plan+1"],"picked":"Blade Dance","floor":37},{"not_picked":["Dodge and Roll+1","Heel Hook","Poisoned Stab"],"picked":"SKIP","floor":38}],"player_experience":87791,"relics_obtained":[{"floor":6,"key":"Lantern"},{"floor":9,"key":"Happy Flower"},{"floor":26,"key":"Bottled Tornado"}],"event_choices":[{"damage_healed":0.0,"max_hp_gain":0.0,"max_hp_loss":0.0,"gold_gain":0.0,"cards_transformed":["Strike_G"],"event_name":"Transmorgrifier","player_choice":"Transformed","floor":3.0,"gold_loss":0.0,"damage_taken":0.0,"cards_obtained":["Backstab"]},{"damage_healed":0,"gold_gain":0,"player_choice":"Shed Blood","damage_taken":18,"max_hp_gain":5,"max_hp_loss":0,"event_name":"Forgotten Altar","floor":28,"gold_loss":0},{"cards_removed":["Wraith Form v2"],"damage_healed":26,"gold_gain":0,"player_choice":"Offered Rare","damage_taken":0,"max_hp_gain":10,"max_hp_loss":0,"event_name":"Bonfire Elementals","floor":31,"gold_loss":0}],"is_beta":false,"boss_relics":[{"not_picked":["Philosopher\u0027s Stone","Astrolabe"],"picked":"WristBlade"},{"not_picked":["Ring of the Serpent","Runic Pyramid"],"picked":"Empty Cage"}],"items_purged_floors":[2,19],"is_endless":false,"potions_floor_spawned":[1,7,8,10,14,16,18,21,25,30,35,38],"killed_by":"Sphere and 2 Shapes","ascension_level":0}}