{"host":"fhq3k2nq5elnbks3","time":1609390522,"event":{"mods":["2.2 Compatiblity","AchievementEnabler","Act Like it!","AlwaysNeverKeys","Aspiration","Astrologer","Bard","BaseMod","Better Altar","Better Vampires","Better-Laid Plans","Block Reminder","CCEM","Card Filter","Colored Powertips","Displayed Cursed Tome","Ekko","Energized Spire","Fireblade Mod","Friendly Minions","FutureSeer","GifTheSpireLib","Gremlin Skip","HololiveMod","Hunter ??","Jorbs\u0027s Wanderer Trilogy","Koishi","Marisa????????","Mathemortician","Minty Spire (QoL Compilation)","Onozuka Komachi Mod","Pale of the Ancients","Permanent Neow","Prisma Mod","Quick Restart","Reimu??????","Relic Filter","Robot Space Explorer","Shop Mod","Spikes Relics","StSLib","SuperFastMode","The Blackbeard","The Cursed","The Death Knight","The Exordian Avenger","The Gatherer","The Hierophant","The Runesmith","The Servant 0.9.4","The Trickster","The Valiant","The Wild Card","TheBandit","Trackpad","Transform Curses","Uncapped","Unknown Chances","Wandering Minibosses","thorton","vexMod"],"gold_per_floor":[112,131,143,156,171,171,191,191,191,191,191,203,203,215,215,316,316,330,345,364,39,53,53,53,71,71,87,98,108,108,124,124,227,227,238,249,269,279,291,67,85,85,85,104,122,137,157,175,175,175,175,175],"floor_reached":51,"playtime":3274,"items_purged":[],"score":811,"play_id":"bd9e186e-ea98-40d6-9da8-dc84300062ba","local_time":"20201230225522","daily_mods":["Vintage","Heirloom","Time Dilation","Flight"],"is_ascension_mode":false,"campfire_choices":[{"data":"Bash","floor":6,"key":"SMITH"},{"data":"Strike_R","floor":8,"key":"SMITH"},{"data":"Strike_R","floor":10,"key":"SMITH"},{"data":"Strike_R","floor":11,"key":"SMITH"},{"data":"Strike_R","floor":13,"key":"SMITH"},{"data":"Strike_R","floor":15,"key":"SMITH"},{"data":"Berserk","floor":23,"key":"SMITH"},{"data":"Defend_R","floor":30,"key":"SMITH"},{"data":"Defend_R","floor":32,"key":"SMITH"},{"data":"Defend_R","floor":42,"key":"SMITH"},{"data":"Defend_R","floor":49,"key":"SMITH"}],"circlet_count":0,"master_deck":["Strike_R+1","Strike_R+1","Strike_R+1","Strike_R+1","Strike_R+1","Defend_R+1","Defend_R+1","Defend_R+1","Defend_R+1","Bash+1","Berserk+1","Flash of Steel+1"],"relics":["Burning Blood","BlackRope","StoneCalendar","SnailShell","Incense Burner","Anchor","BrokenLever","Hololive_LightStick","CCEMRelics:PorcelainBowl","CCEMRelics:SpiritsEdge","MerchantsRug","aspiration:HatOfInfinitePower","Winged Necklace","trackpad:ByrdCharm","aspiration:StickyExplosives_weak","Mastiff:ReiMu","Tiny Chest","aspiration:MobileForge","Centennial Puzzle","vexMod:Dragonfruit","Nunchaku","The Courier","aspiration:HummingbirdHeart","Question Card","aspiration:FrozenJewel","wanderingMiniBosses:AbyssPearl","Akabeko","SpikesRelics:DaevaFist","Runesmith:AutoHammer","ShockBauble","Happy Flower","Ancient Tea Set","MealTicket","paleoftheancients:Timepiece","paleoftheancients:KeyRelic","Oddly Smooth Stone","Coffee Dripper","Bronze Scales"],"acts_visited":["Exordium","TheCity","TheBeyond","paleoftheancients:PaleOfTheAncients"],"potions_floor_usage":[7,7,28,33],"damage_taken":[{"damage":0,"enemies":"2 Louse","floor":1,"turns":4},{"damage":5,"enemies":"Jaw Worm","floor":2,"turns":4},{"damage":2,"enemies":"Small Slimes","floor":3,"turns":5},{"damage":0,"enemies":"3 Louse","floor":4,"turns":5},{"damage":1,"enemies":"2 Fungi Beasts","floor":5,"turns":5},{"damage":8,"enemies":"Looter","floor":7,"turns":6},{"damage":0,"enemies":"Gremlin Gang","floor":12,"turns":5},{"damage":0,"enemies":"Exordium Wildlife","floor":14,"turns":1},{"damage":32,"enemies":"Hexaghost","floor":16,"turns":7},{"damage":0,"enemies":"3 Byrds","floor":18,"turns":5},{"damage":0,"enemies":"Chosen","floor":19,"turns":3},{"damage":0,"enemies":"Snake Plant","floor":20,"turns":3},{"damage":0,"enemies":"3 Cultists","floor":22,"turns":6},{"damage":0,"enemies":"Shelled Parasite and Fungi","floor":25,"turns":1},{"damage":0,"enemies":"Sentry and Sphere","floor":27,"turns":5},{"damage":0,"enemies":"Snecko","floor":28,"turns":5},{"damage":0,"enemies":"Shelled Parasite and Fungi","floor":29,"turns":5},{"damage":0,"enemies":"Centurion and Healer","floor":31,"turns":5},{"damage":0,"enemies":"Automaton","floor":33,"turns":11},{"damage":0,"enemies":"3 Darklings","floor":35,"turns":5},{"damage":0,"enemies":"3 Shapes","floor":36,"turns":5},{"damage":0,"enemies":"Spire Growth","floor":37,"turns":4},{"damage":0,"enemies":"Transient","floor":38,"turns":5},{"damage":0,"enemies":"Jaw Worm Horde","floor":39,"turns":5},{"damage":0,"enemies":"Writhing Mass","floor":41,"turns":5},{"damage":0,"enemies":"Transient","floor":44,"turns":5},{"damage":0,"enemies":"Maw","floor":45,"turns":4},{"damage":0,"enemies":"Writhing Mass","floor":46,"turns":4},{"damage":0,"enemies":"Sphere and 2 Shapes","floor":47,"turns":3},{"damage":0,"enemies":"Jaw Worm Horde","floor":48,"turns":3},{"damage":0,"enemies":"Awakened One","floor":50,"turns":7}],"seed_played":"-6003225436302587530","potions_obtained":[{"floor":1,"key":"SkillPotion"},{"floor":2,"key":"SpeedPotion"},{"floor":4,"key":"Fire Potion"},{"floor":14,"key":"FairyPotion"},{"floor":16,"key":"Block Potion"},{"floor":25,"key":"Strength Potion"},{"floor":28,"key":"BlessingOfTheForge"},{"floor":29,"key":"BloodPotion"},{"floor":31,"key":"BloodPotion"},{"floor":37,"key":"FearPotion"},{"floor":46,"key":"FearPotion"},{"floor":47,"key":"Strength Potion"}],"is_trial":true,"path_per_floor":["M","M","M","M","M","R","M","R","T","R","R","M","R","M","R","B",null,"M","M","M","$","M","R","?","M","T","M","M","M","R","M","R","B",null,"M","M","M","M","M","$","M","R","T","M","M","M","M","M","R","B","M"],"character_chosen":"IRONCLAD","items_purchased":["MerchantsRug","aspiration:HatOfInfinitePower","Question Card","aspiration:FrozenJewel","Flash of Steel+1"],"campfire_rested":0,"item_purchase_floors":[21,21,40,40,40],"current_hp_per_floor":[80,80,80,80,80,80,78,78,84,84,84,86,86,86,86,60,86,86,86,86,86,86,86,86,86,86,86,86,86,86,86,86,86,86,86,91,91,91,91,91,91,91,91,91,91,91,91,91,91,91,91,91],"gold":175,"neow_bonus":"","is_daily":false,"chose_seed":false,"campfire_upgraded":11,"win_rate":0.0,"timestamp":1609390522,"path_taken":["M","M","M","M","M","R","M","R","T","R","R","M","R","M","R","BOSS","M","M","M","$","M","R","?","M","T","M","M","M","R","M","R","BOSS","M","M","M","M","M","$","M","R","T","M","M","M","M","M","R","BOSS","M"],"items_purchased_type":["Relic","Relic","Relic","Relic","Card"],"build_version":"2020-12-22","purchased_purges":0,"victory":false,"max_hp_per_floor":[80,80,80,80,80,80,80,80,86,86,86,86,86,86,86,86,86,86,86,86,86,86,86,86,86,86,86,86,86,86,86,86,86,86,86,91,91,91,91,91,91,91,91,91,91,91,91,91,91,91,91,91],"card_choices":[{"not_picked":["Impervious","Barricade"],"picked":"Berserk","floor":16},{"not_picked":["Dramatic Entrance+1","Jack Of All Trades+1","Forethought+1"],"picked":"SKIP","floor":29},{"not_picked":["Swift Strike+1","Jack Of All Trades+1","Enlightenment+1"],"picked":"SKIP","floor":31}],"player_experience":384030,"relics_obtained":[{"floor":1,"key":"Molten Egg 2"},{"floor":2,"key":"StoneCalendar"},{"floor":3,"key":"SnailShell"},{"floor":4,"key":"Incense Burner"},{"floor":5,"key":"Anchor"},{"floor":7,"key":"BrokenLever"},{"floor":9,"key":"vexMod:BerryBomb"},{"floor":12,"key":"Hololive_LightStick"},{"floor":14,"key":"CCEMRelics:Barrel"},{"floor":18,"key":"CCEMRelics:PorcelainBowl"},{"floor":19,"key":"CCEMRelics:SpiritsEdge"},{"floor":20,"key":"trackpad:GuardianSpirit"},{"floor":22,"key":"Winged Necklace"},{"floor":25,"key":"trackpad:ByrdCharm"},{"floor":26,"key":"aspiration:StickyExplosives_weak"},{"floor":27,"key":"Mastiff:ReiMu"},{"floor":28,"key":"CCEMRelics:FestiveHat"},{"floor":29,"key":"Huge Egg"},{"floor":31,"key":"Tiny Chest"},{"floor":35,"key":"Centennial Puzzle"},{"floor":36,"key":"vexMod:Dragonfruit"},{"floor":37,"key":"Nunchaku"},{"floor":38,"key":"The Courier"},{"floor":39,"key":"aspiration:HummingbirdHeart"},{"floor":41,"key":"wanderingMiniBosses:AbyssPearl"},{"floor":41,"key":"Akabeko"},{"floor":43,"key":"SpikesRelics:DaevaFist"},{"floor":44,"key":"Runesmith:AutoHammer"},{"floor":45,"key":"ShockBauble"},{"floor":46,"key":"Happy Flower"},{"floor":47,"key":"Ancient Tea Set"},{"floor":48,"key":"MealTicket"}],"event_choices":[{"damage_healed":0,"gold_gain":0,"player_choice":"Ignored","damage_taken":0,"max_hp_gain":0,"max_hp_loss":0,"event_name":"Cursed Tome","floor":24,"gold_loss":0}],"is_beta":false,"boss_relics":[{"not_picked":["Astrolabe","aspiration:SecretTechniqueScroll","trackpad:StolenKidneys"]},{"not_picked":["energizedSpire:HugeHouse","energizedSpire:TabascoSauce"],"picked":"aspiration:MobileForge"}],"items_purged_floors":[],"is_endless":false,"potions_floor_spawned":[1,2,4,14,16,19,25,28,29,31,37,38,39,46,47],"killed_by":"Awakened One","ascension_level":0}}