{"host":"wkcoec525dnrk4jw","time":1609416323,"event":{"mods":["BaseMod","Conspire","Minty Spire (QoL Compilation)","Quick Restart","Replay The Spire","Shop Mod","StSLib","TestMod","The Bug Knight","The Cursed","[IsaacMod]ÒÔÈö¼âËþ"],"gold_per_floor":[117,117,132,144,154,167,167,194,194,227,245,245,273,292,292,389,389,401,419,134,147,158,190,190,215,238,238,238,238,238,78,78,181,181,192,192,192,58,78,78,78,78],"floor_reached":41,"playtime":2598,"items_purged":["Strike_P","Eruption","Vigilance"],"score":525,"play_id":"7ced4d8b-ad1d-438d-9b42-0898dc7ca349","local_time":"20201231200523","is_ascension_mode":true,"campfire_choices":[{"data":"Judgement","floor":7,"key":"SMITH"},{"data":"SignatureMove","floor":12,"key":"SMITH"},{"data":"Collect","floor":15,"key":"SMITH"},{"floor":24,"key":"DIG"},{"floor":27,"key":"DIG"},{"floor":29,"key":"DIG"},{"floor":32,"key":"DIG"},{"floor":40,"key":"DIG"}],"circlet_count":0,"master_deck":["Strike_P","Strike_P","Strike_P","Defend_P","Defend_P","Defend_P","Defend_P","SuicideKing","Judgement+1","Replay:ManipulateFuture","Prostrate","CutThroughFate","Collect+1","SignatureMove+1","Wireheading","Replay:Hum","ReachHeaven","Scrawl","CurseOfTheBell","BowlingBash","Alpha","BattleHymn","Evaluate","Nirvana","Pot Of Greed","Pot Of Greed","Pot Of Greed","DevaForm","RitualDagger","Wallop+1","Blasphemy","DeusExMachina","Bandage Up","testmod-DeathImprint","testmod-PerfectCombo","ReplayTheSpireMod:IOU","ReplayTheSpireMod:IOU","ReplayTheSpireMod:IOU"],"relics":["PureWater","HushsDoor","testmod-ChristmasGift","Void","Ancient Tea Set","Incense Burner","Nunchaku","Chameleon Ring","Shovel","Quantum Egg","testmod-Justice","Simple Rune","Oddly Smooth Stone","Toy Ornithopter","Orichalcum","testmod-SaigiyounoYou","Incubus","Replay:Wax Seal","Vajra","Habit","Blue Doll"],"acts_visited":["Exordium","TheCity","TheBeyond"],"potions_floor_usage":[8,8,8,8,8,10,16,19,23,23,23,25,33,33,33,33,33],"damage_taken":[{"damage":0.0,"enemies":"2 Louse","floor":1.0,"turns":1.0},{"damage":0,"enemies":"Cultist","floor":3,"turns":3},{"damage":2,"enemies":"Small Slimes","floor":4,"turns":2},{"damage":0,"enemies":"Exordium Wildlife","floor":5,"turns":3},{"damage":3,"enemies":"conspire:2 RoseBushes","floor":6,"turns":3},{"damage":5,"enemies":"HollowMod:MossKnight","floor":8,"turns":7},{"damage":7,"enemies":"Replay:BlueRogue","floor":10,"turns":8},{"damage":5,"enemies":"Looter","floor":11,"turns":2},{"damage":14,"enemies":"3 Sentries","floor":13,"turns":5},{"damage":0,"enemies":"3 Louse","floor":14,"turns":2},{"damage":26,"enemies":"The Guardian","floor":16,"turns":5},{"damage":0,"enemies":"Spheric Guardian","floor":18,"turns":1},{"damage":1,"enemies":"3 Byrds","floor":19,"turns":3},{"damage":4,"enemies":"Cultist and Chosen","floor":21,"turns":5},{"damage":0,"enemies":"3 Cultists","floor":22,"turns":3},{"damage":17,"enemies":"conspire:Head Lice","floor":23,"turns":5},{"damage":17,"enemies":"conspire:SneckoGhost","floor":25,"turns":3},{"damage":10,"enemies":"Pondfish","floor":33,"turns":7},{"damage":0,"enemies":"3 Shapes","floor":35,"turns":2},{"damage":0,"enemies":"3 Darklings","floor":39,"turns":3},{"damage":0,"enemies":"R_Hoarder","floor":41,"turns":2}],"seed_played":"-7796715931932640695","potions_obtained":[{"floor":1.0,"key":"Weak Potion"},{"floor":6,"key":"Flashbang"},{"floor":13,"key":"SneckoOil"},{"floor":16,"key":"Strength Potion"},{"floor":19,"key":"SpeedPotion"},{"floor":22,"key":"Regen Potion"},{"floor":23,"key":"Reflective Coating"},{"floor":25,"key":"AttackPotion"}],"is_trial":false,"path_per_floor":["M","?","M","M","M","M","R","E","T","E","M","R","E","M","R","B",null,"M","M","$","M","M","E","R","E","T","R","?","R","?","$","R","B",null,"M","?","?","$","M","R","E"],"character_chosen":"WATCHER","items_purchased":["Alpha","BattleHymn","Wallop+1","Incubus","DeusExMachina","Replay:Wax Seal","Vajra","Habit"],"campfire_rested":0,"item_purchase_floors":[20,20,31,34,34,38,38,38],"current_hp_per_floor":[72,65,66,65,66,64,64,61,71,72,69,69,63,64,64,43,82,82,82,82,82,82,82,82,70,70,70,64,64,64,64,64,82,58,58,58,48,48,58,58,58,58],"gold":78,"neow_bonus":"THREE_RARE_CARDS","is_daily":false,"chose_seed":false,"campfire_upgraded":3,"win_rate":0.0,"timestamp":1609416323,"path_taken":["M","?","M","?","M","M","R","E","T","E","M","R","E","M","R","BOSS","M","M","$","M","M","E","R","E","T","R","?","R","?","$","R","BOSS","M","?","?","$","M","R","E"],"items_purchased_type":["Card","Card","Card","Relic","Card","Relic","Relic","Relic"],"build_version":"2020-12-22","purchased_purges":3,"victory":false,"max_hp_per_floor":[72,72,72,72,72,72,72,72,82,82,82,82,82,82,82,82,82,82,82,82,82,82,82,82,82,82,82,82,82,82,82,82,82,58,58,58,58,58,58,58,58,58],"card_choices":[{"not_picked":[],"picked":"SuicideKing","floor":0.0},{"not_picked":["Replay:AllIn","LessonLearned"],"picked":"Judgement","floor":0.0},{"not_picked":["Swivel","SashWhip","WindmillStrike"],"picked":"SKIP","floor":1.0},{"not_picked":["Consecrate","CrushJoints"],"picked":"Replay:ManipulateFuture","floor":3},{"not_picked":["WheelKick","Vengeance"],"picked":"Prostrate","floor":4},{"not_picked":["Meditate","Replay:Anticipation"],"picked":"CutThroughFate","floor":5},{"not_picked":["Study","Halt","Evaluate"],"picked":"SKIP","floor":6},{"not_picked":["Blasphemy","EmptyFist"],"picked":"Collect","floor":8},{"not_picked":["BowlingBash","CutThroughFate"],"picked":"SignatureMove","floor":10},{"not_picked":["SashWhip","ClearTheMind"],"picked":"Wireheading","floor":11},{"not_picked":["ThirdEye","CutThroughFate"],"picked":"Replay:Hum","floor":13},{"not_picked":["Protect","CutThroughFate"],"picked":"ReachHeaven","floor":14},{"not_picked":["Establishment","LessonLearned"],"picked":"Scrawl","floor":16},{"not_picked":["Adaptation","WindmillStrike","Prostrate"],"picked":"SKIP","floor":18},{"not_picked":["FollowUp","Replay:Hum"],"picked":"BowlingBash","floor":19},{"not_picked":["CutThroughFate","CrushJoints","Crescendo"],"picked":"SKIP","floor":21},{"not_picked":["Halt+1","Tantrum+1"],"picked":"Evaluate","floor":22},{"not_picked":["SpiritShield","Indignation"],"picked":"Nirvana","floor":23},{"not_picked":["Protect+1","Prostrate+1"],"picked":"DevaForm","floor":25},{"not_picked":["Establishment","Judgement"],"picked":"Blasphemy","floor":33},{"not_picked":["Crescendo","FlurryOfBlows","Fasting2"],"picked":"SKIP","floor":35},{"not_picked":["Madness","Violence"],"picked":"Bandage Up","floor":37},{"not_picked":["testmod-LifeRuler","testmod-RabbitOfFibonacci"],"picked":"testmod-DeathImprint","floor":37},{"not_picked":["testmod-HandmadeProducts","Finesse"],"picked":"testmod-PerfectCombo","floor":37},{"not_picked":["ClearTheMind+1","Evaluate+1","Perseverance+1"],"picked":"SKIP","floor":39}],"player_experience":174853,"relics_obtained":[{"floor":8,"key":"Ancient Tea Set"},{"floor":9,"key":"Pear"},{"floor":10,"key":"Incense Burner"},{"floor":13,"key":"Whetstone"},{"floor":17,"key":"Nunchaku"},{"floor":17,"key":"Chameleon Ring"},{"floor":17,"key":"Shovel"},{"floor":23,"key":"Quantum Egg"},{"floor":24,"key":"Grinning Jar"},{"floor":25,"key":"testmod-Justice"},{"floor":26,"key":"Simple Rune"},{"floor":27,"key":"Oddly Smooth Stone"},{"floor":29,"key":"Toy Ornithopter"},{"floor":32,"key":"Orichalcum"},{"floor":40,"key":"Blue Doll"}],"event_choices":[{"cards_removed":["Looming Evil"],"damage_healed":0.0,"max_hp_gain":0.0,"max_hp_loss":0.0,"gold_gain":0.0,"event_name":"Golden Wing","player_choice":"Card Removal","floor":2.0,"gold_loss":0.0,"damage_taken":7.0},{"damage_healed":0,"gold_gain":0,"player_choice":"Joined the Cult","damage_taken":6,"max_hp_gain":0,"max_hp_loss":0,"event_name":"Nest","floor":28,"gold_loss":0,"cards_obtained":["RitualDagger"]},{"damage_healed":0,"gold_gain":0,"player_choice":"Simplicity","damage_taken":0,"max_hp_gain":0,"max_hp_loss":0,"event_name":"Back to Basics","floor":30,"gold_loss":0,"cards_upgraded":["Strike_P","Strike_P","Strike_P","Defend_P","Defend_P","Defend_P","Defend_P"]},{"damage_healed":0,"gold_gain":0,"player_choice":"Memory 3","damage_taken":10,"max_hp_gain":0,"max_hp_loss":0,"event_name":"SensoryStone","floor":37,"gold_loss":0}],"is_beta":false,"boss_relics":[{"not_picked":["testmod-BatchProcessingSystem","testmod-PortableAltar"],"picked":"Calling Bell"},{"not_picked":[]},{"not_picked":["Velvet Choker","Pandora\u0027s Box"],"picked":"testmod-SaigiyounoYou"},{"not_picked":[]}],"items_purged_floors":[20,31,38],"is_endless":false,"potions_floor_spawned":[1,6,8,13,14,16,19,22,23,25,35,39],"killed_by":"R_Hoarder","ascension_level":1}}