{"host":"dhyczjm99amxd3qx","time":1609384446,"event":{"mods":["BaseMod","Colored Map","Googly Eyes","Highlight Path","Minty Spire (QoL Compilation)","Quick Restart","StSLib"],"gold_per_floor":[116,66,78,78,78,78,89,89,89,101,101,127,138,198,198,294,294,312,325,337,437,452,484,115,147,147,246,246,263,289,289,289,388,388,400,400,2,12,27,56,73,103,103,103,116,134,134,9,9,9],"floor_reached":51,"playtime":5422,"items_purged":["Strike_G","Strike_G","Die Die Die"],"score":1030,"play_id":"9a2bd718-624b-40ca-8518-ae6e8e723a4b","local_time":"20201230221406","is_ascension_mode":true,"campfire_choices":[{"data":"Bouncing Flask","floor":6.0,"key":"SMITH"},{"data":"Survivor","floor":8.0,"key":"SMITH"},{"data":"Noxious Fumes","floor":11.0,"key":"SMITH"},{"data":"Defend_G","floor":15.0,"key":"SMITH"},{"data":"Noxious Fumes","floor":28.0,"key":"SMITH"},{"data":"Corpse Explosion","floor":32.0,"key":"SMITH"},{"data":"Adrenaline","floor":47,"key":"SMITH"},{"data":"Leg Sweep","floor":49,"key":"SMITH"}],"circlet_count":0,"master_deck":["Defend_G+1","Defend_G+1","Defend_G+1","Defend_G+1","Survivor+1","Neutralize+1","Bouncing Flask+1","Noxious Fumes+1","Poisoned Stab","Prepared+1","Noxious Fumes+1","Footwork+1","Corpse Explosion+1","Malaise+1","Footwork+1","Well Laid Plans+1","Escape Plan+1","Footwork+1","Catalyst+1","Adrenaline+1","Leg Sweep+1"],"relics":["Ring of the Snake","Pantograph","War Paint","Lizard Tail","Coffee Dripper","Meat on the Bone","Art of War","Potion Belt","Kunai","Pen Nib","Empty Cage","DollysMirror","Bag of Preparation","Dream Catcher","Happy Flower","Bronze Scales"],"acts_visited":["Exordium","TheCity","TheBeyond"],"potions_floor_usage":[46],"damage_taken":[{"damage":1.0,"enemies":"Small Slimes","floor":1.0,"turns":5.0},{"damage":4.0,"enemies":"Jaw Worm","floor":3.0,"turns":4.0},{"damage":0.0,"enemies":"2 Louse","floor":7.0,"turns":3.0},{"damage":0.0,"enemies":"2 Fungi Beasts","floor":10.0,"turns":4.0},{"damage":10.0,"enemies":"Lagavulin","floor":12.0,"turns":6.0},{"damage":0.0,"enemies":"Blue Slaver","floor":13.0,"turns":3.0},{"damage":6.0,"enemies":"3 Sentries","floor":14.0,"turns":7.0},{"damage":0.0,"enemies":"Hexaghost","floor":16.0,"turns":8.0},{"damage":21.0,"enemies":"2 Thieves","floor":18.0,"turns":5.0},{"damage":0.0,"enemies":"Chosen","floor":19.0,"turns":4.0},{"damage":4.0,"enemies":"Snecko","floor":20.0,"turns":5.0},{"damage":9.0,"enemies":"Centurion and Healer","floor":22.0,"turns":6.0},{"damage":28.0,"enemies":"Slavers","floor":23.0,"turns":5.0},{"damage":30.0,"enemies":"Book of Stabbing","floor":25.0,"turns":6.0},{"damage":11.0,"enemies":"Snake Plant","floor":29.0,"turns":4.0},{"damage":11.0,"enemies":"Gremlin Leader","floor":30.0,"turns":6.0},{"damage":20.0,"enemies":"Collector","floor":33.0,"turns":8.0},{"damage":15.0,"enemies":"Orb Walker","floor":35.0,"turns":4.0},{"damage":0.0,"enemies":"3 Shapes","floor":38.0,"turns":4.0},{"damage":10.0,"enemies":"Sphere and 2 Shapes","floor":39.0,"turns":4.0},{"damage":13.0,"enemies":"Giant Head","floor":40.0,"turns":8.0},{"damage":8.0,"enemies":"Jaw Worm Horde","floor":41.0,"turns":4.0},{"damage":19.0,"enemies":"Nemesis","floor":42.0,"turns":7.0},{"damage":1.0,"enemies":"Writhing Mass","floor":45.0,"turns":4.0},{"damage":9,"enemies":"4 Shapes","floor":46,"turns":2},{"damage":32,"enemies":"Time Eater","floor":50,"turns":12}],"seed_played":"-6346614579073194051","potions_obtained":[{"floor":10.0,"key":"SneckoOil"},{"floor":12.0,"key":"EssenceOfSteel"},{"floor":13.0,"key":"Dexterity Potion"},{"floor":18.0,"key":"Block Potion"},{"floor":20.0,"key":"LiquidMemories"},{"floor":22.0,"key":"SkillPotion"},{"floor":30.0,"key":"Strength Potion"},{"floor":35.0,"key":"Poison Potion"},{"floor":38.0,"key":"FearPotion"},{"floor":41.0,"key":"LiquidMemories"}],"is_trial":false,"path_per_floor":["M","?","M","?","?","R","M","R","T","M","R","E","M","?","R","B",null,"M","M","M","?","M","E","$","E","T","?","R","M","E","?","R","B",null,"M","?","$","M","M","E","M","E","T","?","M","M","R","$","R","B",null],"character_chosen":"THE_SILENT","items_purchased":["Art of War","Die Die Die","DollysMirror","Bag of Preparation"],"campfire_rested":0,"item_purchase_floors":[24,24,37,37],"current_hp_per_floor":[69,69,65,58,43,43,43,43,43,43,43,33,33,27,27,52,71,50,50,46,46,37,9,9,32,32,32,32,33,34,34,34,39,68,53,53,53,53,43,42,46,39,39,39,50,41,41,41,41,46],"gold":9,"neow_bonus":"TEN_PERCENT_HP_BONUS","is_daily":false,"chose_seed":false,"campfire_upgraded":8,"win_rate":0.0,"timestamp":1609384446,"path_taken":["M","?","M","?","?","R","M","R","T","M","R","E","M","?","R","BOSS","M","M","M","?","?","E","$","E","T","?","R","M","E","?","R","BOSS","M","?","$","?","M","E","M","E","T","?","M","M","R","?","R","BOSS"],"items_purchased_type":["Relic","Card","Relic","Relic"],"build_version":"2020-12-22","purchased_purges":3,"victory":true,"max_hp_per_floor":[77,77,77,77,77,77,77,77,77,77,77,77,77,77,77,77,77,77,77,77,77,77,77,77,77,77,77,77,77,77,77,77,77,77,77,77,77,77,77,77,77,77,77,77,77,77,77,77,77,77],"card_choices":[{"not_picked":["Acrobatics","PiercingWail","Backflip"],"picked":"SKIP","floor":1.0},{"not_picked":["Blur","Sucker Punch"],"picked":"Bouncing Flask","floor":3.0},{"not_picked":["Skewer","Sucker Punch","Flying Knee"],"picked":"SKIP","floor":7.0},{"not_picked":["Flying Knee","Slice"],"picked":"Noxious Fumes","floor":10.0},{"not_picked":["Bane","Flying Knee","Outmaneuver"],"picked":"SKIP","floor":12.0},{"not_picked":["Dagger Spray","Deadly Poison","Backflip"],"picked":"SKIP","floor":13.0},{"not_picked":["Sucker Punch","Concentrate+1","Distraction+1"],"picked":"SKIP","floor":18.0},{"not_picked":["Flying Knee","Sucker Punch","Deadly Poison"],"picked":"SKIP","floor":19.0},{"not_picked":["Quick Slash","Underhanded Strike","Concentrate"],"picked":"SKIP","floor":20.0},{"not_picked":["Dagger Throw+1","Predator"],"picked":"Poisoned Stab","floor":22.0},{"not_picked":["Sucker Punch+1","Quick Slash"],"picked":"Prepared+1","floor":23.0},{"not_picked":["Masterful Stab","Caltrops+1"],"picked":"Noxious Fumes","floor":25.0},{"not_picked":["Underhanded Strike+1","Sucker Punch","PiercingWail"],"picked":"SKIP","floor":29.0},{"not_picked":["Slice","PiercingWail+1"],"picked":"Footwork+1","floor":30.0},{"not_picked":["Corpse Explosion","A Thousand Cuts"],"picked":"Malaise","floor":33.0},{"not_picked":["PiercingWail","Deflect","Concentrate"],"picked":"SKIP","floor":35.0},{"not_picked":["PiercingWail+1","Deadly Poison"],"picked":"Well Laid Plans+1","floor":38.0},{"not_picked":["Cloak And Dagger","Eviscerate"],"picked":"Escape Plan+1","floor":39.0},{"not_picked":["Deflect+1","Tactician"],"picked":"Footwork+1","floor":40.0},{"not_picked":["Outmaneuver","Skewer"],"picked":"Catalyst+1","floor":41.0},{"not_picked":["Infinite Blades","Distraction"],"picked":"Adrenaline","floor":42.0},{"not_picked":["Underhanded Strike","Accuracy","Deadly Poison+1"],"picked":"SKIP","floor":45.0},{"not_picked":["Cloak And Dagger","Reflex+1"],"picked":"Leg Sweep","floor":46}],"player_experience":235543,"relics_obtained":[{"floor":9.0,"key":"Pantograph"},{"floor":12.0,"key":"War Paint"},{"floor":23.0,"key":"Meat on the Bone"},{"floor":25.0,"key":"Potion Belt"},{"floor":26.0,"key":"Kunai"},{"floor":30.0,"key":"Pen Nib"},{"floor":40.0,"key":"Dream Catcher"},{"floor":42.0,"key":"Happy Flower"},{"floor":43.0,"key":"Bronze Scales"}],"event_choices":[{"cards_removed":["Defend_G"],"damage_healed":0.0,"max_hp_gain":0.0,"max_hp_loss":0.0,"gold_gain":0.0,"event_name":"The Cleric","player_choice":"Card Removal","floor":2.0,"gold_loss":50.0,"damage_taken":0.0},{"cards_removed":["Strike_G"],"damage_healed":0.0,"max_hp_gain":0.0,"max_hp_loss":0.0,"gold_gain":0.0,"event_name":"Golden Wing","player_choice":"Card Removal","floor":4.0,"gold_loss":0.0,"damage_taken":7.0},{"damage_healed":0.0,"max_hp_gain":0.0,"max_hp_loss":0.0,"gold_gain":0.0,"event_name":"Shining Light","player_choice":"Entered Light","floor":5.0,"gold_loss":0.0,"damage_taken":15.0,"cards_upgraded":["Defend_G","Neutralize"]},{"damage_healed":0.0,"max_hp_gain":0.0,"max_hp_loss":0.0,"gold_gain":0.0,"event_name":"Dead Adventurer","player_choice":"Searched \u00272\u0027 times","floor":14.0,"gold_loss":0.0,"damage_taken":0.0,"relics_obtained":["Lizard Tail"]},{"damage_healed":0.0,"max_hp_gain":0.0,"max_hp_loss":0.0,"gold_gain":100.0,"event_name":"Golden Shrine","player_choice":"Pray","floor":21.0,"gold_loss":0.0,"damage_taken":0.0},{"damage_healed":0.0,"max_hp_gain":0.0,"max_hp_loss":0.0,"gold_gain":99.0,"event_name":"Nest","player_choice":"Stole From Cult","floor":27.0,"gold_loss":0.0,"damage_taken":0.0},{"damage_healed":0.0,"max_hp_gain":0.0,"max_hp_loss":0.0,"gold_gain":0.0,"event_name":"The Library","player_choice":"Read","floor":31.0,"gold_loss":0.0,"damage_taken":0.0,"cards_obtained":["Corpse Explosion"]},{"damage_healed":0.0,"max_hp_gain":0.0,"max_hp_loss":0.0,"gold_gain":0.0,"event_name":"Upgrade Shrine","player_choice":"Upgraded","floor":36.0,"gold_loss":0.0,"damage_taken":0.0,"cards_upgraded":["Malaise"]},{"damage_healed":0.0,"max_hp_gain":0.0,"max_hp_loss":0.0,"gold_gain":0.0,"event_name":"Transmorgrifier","player_choice":"Ignored","floor":44.0,"gold_loss":0.0,"damage_taken":0.0}],"is_beta":false,"boss_relics":[{"not_picked":["Runic Pyramid","Philosopher\u0027s Stone"],"picked":"Coffee Dripper"},{"not_picked":["Calling Bell","Busted Crown"],"picked":"Empty Cage"}],"items_purged_floors":[24,37,48],"is_endless":false,"potions_floor_spawned":[10,12,13,18,20,22,30,35,38,41],"ascension_level":6}}