{"host":"q8niu1x2pgv94o1d","time":1609444362,"event":{"mods":["AchievementEnabler","BaseMod","Colored Map","Colored Powertips","Minty Spire (QoL Compilation)","StSLib"],"gold_per_floor":[113,123,48,48,48,48,83,83,151,151,166,186,196,229,229,301,301,258,258,258,70,70,97,97,97,97,97,109,135,135,135,135,209,209,226,226,501,501,518,518,518,549,549,166,166,201,201,201,201],"floor_reached":48,"playtime":3531,"items_purged":["Strike_G","Shame","Regret"],"score":1231,"play_id":"51060116-b207-40ee-8332-b06946d7031d","local_time":"20201231205242","is_ascension_mode":true,"campfire_choices":[{"data":"Malaise","floor":6.0,"key":"SMITH"},{"data":"Deadly Poison","floor":8.0,"key":"SMITH"},{"floor":10.0,"key":"REST"},{"data":"Crippling Poison","floor":15.0,"key":"SMITH"},{"data":"Footwork","floor":24,"key":"SMITH"},{"data":"Footwork","floor":27,"key":"SMITH"},{"data":"Malaise","floor":32,"key":"SMITH"},{"data":"Footwork","floor":40,"key":"SMITH"},{"data":"Noxious Fumes","floor":45,"key":"SMITH"},{"floor":47,"key":"RECALL"}],"circlet_count":0,"master_deck":["AscendersBane","Strike_G+1","Strike_G+1","Strike_G+1","Strike_G+1","Defend_G+1","Defend_G+1","Defend_G+1","Defend_G+1","Survivor","Neutralize","Bouncing Flask+1","Malaise+1","Deadly Poison+1","PiercingWail","Crippling Poison+1","Dash","Malaise+1","Footwork+1","Footwork+1","Acrobatics+1","Noxious Fumes+1","CurseOfTheBell","Footwork+1","Madness+1","Madness+1","Well Laid Plans","Blur+1","Madness+1"],"relics":["Sozu","WingedGreaves","Darkstone Periapt","Juzu Bracelet","SlaversCollar","Toxic Egg 2","HornCleat","StoneCalendar","Calling Bell","Blood Vial","Question Card","Dead Branch","Meat on the Bone","White Beast Statue","OrangePellets","Torii"],"acts_visited":["Exordium","TheCity","TheBeyond"],"potions_floor_usage":[],"damage_taken":[{"damage":2.0,"enemies":"Cultist","floor":1.0,"turns":5.0},{"damage":0.0,"enemies":"2 Louse","floor":2.0,"turns":2.0},{"damage":21.0,"enemies":"3 Sentries","floor":7.0,"turns":11.0},{"damage":1.0,"enemies":"Jaw Worm","floor":11.0,"turns":2.0},{"damage":17.0,"enemies":"Lots of Slimes","floor":12.0,"turns":5.0},{"damage":0.0,"enemies":"3 Louse","floor":13.0,"turns":4.0},{"damage":6.0,"enemies":"Lagavulin","floor":14.0,"turns":8.0},{"damage":0.0,"enemies":"Hexaghost","floor":16.0,"turns":9.0},{"damage":7.0,"enemies":"2 Thieves","floor":18.0,"turns":5.0},{"damage":13,"enemies":"Book of Stabbing","floor":23,"turns":7},{"damage":0,"enemies":"Spheric Guardian","floor":28,"turns":3},{"damage":38,"enemies":"Gremlin Leader","floor":29,"turns":10},{"damage":11,"enemies":"Champ","floor":33,"turns":12},{"damage":0,"enemies":"3 Shapes","floor":35,"turns":5},{"damage":2,"enemies":"Orb Walker","floor":39,"turns":4},{"damage":11,"enemies":"Nemesis","floor":42,"turns":9},{"damage":0,"enemies":"Giant Head","floor":46,"turns":9},{"damage":63,"enemies":"Reptomancer","floor":48,"turns":6}],"seed_played":"-3039674850939226374","potions_obtained":[],"is_trial":false,"path_per_floor":["M","M","$","?","?","R","E","R","T","R","M","M","M","E","R","B",null,"M","?","?","$","?","E","R","?","T","R","M","E","?","?","R","B",null,"M","?","?","?","M","R","?","E","T","$","R","E","R","E"],"character_chosen":"THE_SILENT","items_purchased":["Footwork","Madness+1","OrangePellets"],"campfire_rested":1,"item_purchase_floors":[21,44,44],"current_hp_per_floor":[57,57,57,57,57,57,36,36,36,55,54,37,37,31,31,31,57,50,50,56,56,56,43,43,43,43,43,43,5,72,72,72,61,75,77,77,83,68,68,68,68,59,59,59,59,61,61,0,0],"gold":201,"neow_bonus":"BOSS_RELIC","is_daily":false,"chose_seed":false,"campfire_upgraded":8,"win_rate":0.0,"timestamp":1609444362,"path_taken":["M","M","?","?","?","R","E","R","T","R","?","M","?","E","R","BOSS","M","?","?","$","?","E","R","?","T","R","M","E","?","?","R","BOSS","M","?","?","?","M","R","?","E","T","$","R","E","R","E"],"items_purchased_type":["Card","Card","Relic"],"build_version":"2020-12-22","purchased_purges":3,"victory":false,"max_hp_per_floor":[66,66,66,66,66,66,66,66,66,66,66,66,66,66,66,66,66,66,66,72,72,72,72,72,72,72,72,72,72,72,72,72,72,78,78,78,84,84,84,84,84,84,84,84,84,84,84,84,84],"card_choices":[{"not_picked":["Crippling Poison","Outmaneuver"],"picked":"Bouncing Flask","floor":1.0},{"not_picked":["Slice","Underhanded Strike"],"picked":"Sucker Punch","floor":2.0},{"not_picked":["Slice","Sucker Punch","Deadly Poison"],"picked":"SKIP","floor":7.0},{"not_picked":["Slice","Sucker Punch","Deadly Poison"],"picked":"SKIP","floor":7.0},{"not_picked":["Slice","Sucker Punch"],"picked":"Deadly Poison","floor":7.0},{"not_picked":["All Out Attack","Heel Hook"],"picked":"PiercingWail","floor":11.0},{"not_picked":["Dodge and Roll","Accuracy"],"picked":"Crippling Poison","floor":12.0},{"not_picked":["Setup","Accuracy"],"picked":"Dash","floor":13.0},{"not_picked":["Deadly Poison","Terror","Reflex"],"picked":"SKIP","floor":14.0},{"not_picked":["Storm of Steel","A Thousand Cuts"],"picked":"Malaise","floor":16.0},{"not_picked":["Flying Knee","PiercingWail","Sucker Punch"],"picked":"SKIP","floor":18.0},{"not_picked":["Flying Knee","Riddle With Holes"],"picked":"Footwork","floor":23},{"not_picked":["Tactician+1","Quick Slash"],"picked":"Acrobatics+1","floor":28},{"not_picked":["Dash","Dodge and Roll+1"],"picked":"Noxious Fumes","floor":29},{"not_picked":["Eviscerate","PiercingWail+1","Backflip+1"],"picked":"Footwork","floor":35},{"not_picked":["Sucker Punch","Caltrops","Heel Hook"],"picked":"Well Laid Plans","floor":39},{"not_picked":["Underhanded Strike","Deflect+1","Distraction+1"],"picked":"Blur+1","floor":42},{"not_picked":["Sucker Punch","Underhanded Strike","Dagger Throw","Skewer"],"picked":"SKIP","floor":46}],"player_experience":1718249,"relics_obtained":[{"floor":7.0,"key":"WingedGreaves"},{"floor":9.0,"key":"Darkstone Periapt"},{"floor":14.0,"key":"Juzu Bracelet"},{"floor":23,"key":"HornCleat"},{"floor":29,"key":"StoneCalendar"},{"floor":34,"key":"Blood Vial"},{"floor":34,"key":"Question Card"},{"floor":34,"key":"Dead Branch"},{"floor":42,"key":"Meat on the Bone"},{"floor":43,"key":"White Beast Statue"},{"floor":46,"key":"Torii"}],"event_choices":[{"damage_healed":0.0,"max_hp_gain":0.0,"max_hp_loss":0.0,"gold_gain":0.0,"event_name":"Living Wall","player_choice":"Grow","floor":4.0,"gold_loss":0.0,"damage_taken":0.0,"cards_upgraded":["Bouncing Flask"]},{"damage_healed":0.0,"max_hp_gain":0.0,"max_hp_loss":0.0,"gold_gain":0.0,"cards_transformed":["Defend_G"],"event_name":"Transmorgrifier","player_choice":"Transformed","floor":5.0,"gold_loss":0.0,"damage_taken":0.0,"cards_obtained":["Malaise"]},{"damage_healed":0.0,"max_hp_gain":0.0,"max_hp_loss":0.0,"gold_gain":0.0,"event_name":"Ghosts","player_choice":"Ignored","floor":19.0,"gold_loss":0.0,"damage_taken":0.0},{"damage_healed":0.0,"max_hp_gain":0.0,"max_hp_loss":0.0,"gold_gain":0.0,"event_name":"Addict","player_choice":"Stole Relic","floor":20.0,"gold_loss":0.0,"damage_taken":0.0,"relics_obtained":["Toxic Egg 2"],"cards_obtained":["Shame"]},{"damage_healed":0.0,"max_hp_gain":0.0,"max_hp_loss":0.0,"gold_gain":0.0,"event_name":"Match and Keep!","player_choice":"1 cards matched","floor":22.0,"gold_loss":0.0,"damage_taken":0.0,"cards_obtained":["Flechettes"]},{"damage_healed":0.0,"max_hp_gain":0.0,"max_hp_loss":0.0,"gold_gain":0.0,"event_name":"Match and Keep!","player_choice":"1 cards matched","floor":22.0,"gold_loss":0.0,"damage_taken":0.0,"cards_obtained":["Flechettes"]},{"damage_healed":0,"gold_gain":0,"player_choice":"Ignored","damage_taken":0,"max_hp_gain":0,"max_hp_loss":0,"event_name":"Vampires","floor":25,"gold_loss":0},{"cards_removed":["Flechettes"],"damage_healed":67,"gold_gain":0,"player_choice":"Offered Uncommon","damage_taken":0,"max_hp_gain":0,"max_hp_loss":0,"event_name":"Bonfire Elementals","floor":30,"gold_loss":0},{"damage_healed":0,"gold_gain":0,"player_choice":"Simplicity","damage_taken":0,"max_hp_gain":0,"max_hp_loss":0,"event_name":"Back to Basics","floor":31,"gold_loss":0,"cards_upgraded":["Strike_G","Strike_G","Strike_G","Strike_G","Defend_G","Defend_G","Defend_G","Defend_G"]},{"cards_removed":["Sucker Punch"],"damage_healed":0,"gold_gain":0,"player_choice":"Removed Attack","damage_taken":0,"max_hp_gain":0,"max_hp_loss":0,"event_name":"Falling","floor":36,"gold_loss":0},{"damage_healed":0,"gold_gain":275,"player_choice":"Desecrate","damage_taken":0,"max_hp_gain":0,"max_hp_loss":0,"event_name":"Golden Shrine","floor":37,"gold_loss":0,"cards_obtained":["Regret"]},{"damage_healed":0,"gold_gain":0,"player_choice":"Embrace Madness","damage_taken":15,"max_hp_gain":0,"max_hp_loss":0,"event_name":"Winding Halls","floor":38,"gold_loss":0,"cards_obtained":["Madness","Madness"]},{"damage_healed":0,"gold_gain":0,"player_choice":"Ignored","damage_taken":0,"max_hp_gain":0,"max_hp_loss":0,"event_name":"SecretPortal","floor":41,"gold_loss":0}],"is_beta":false,"boss_relics":[{"not_picked":["SacredBark","Fusion Hammer"],"picked":"SlaversCollar"},{"not_picked":["Pandora\u0027s Box","Black Star"],"picked":"Calling Bell"}],"items_purged_floors":[3,21,44],"is_endless":false,"potions_floor_spawned":[1,2,12,23,33,46],"killed_by":"Reptomancer","ascension_level":20}}