{"host":"a4s27ghlnr83kbqz","time":1609388550,"event":{"mods":["AchievementEnabler","BaseMod","Colored Map","Minty Spire (QoL Compilation)","Permanent Neow","SuperFastMode"],"gold_per_floor":[123,146,146,168,193,193,219,263,263,288,238,188,188,188],"floor_reached":13,"playtime":363,"items_purged":["Strike_G","Strike_G"],"score":126,"play_id":"79b57966-0041-4b4f-8ce5-a45064cf0e2c","local_time":"20201231122230","is_ascension_mode":true,"campfire_choices":[{"data":"Dash","floor":6,"key":"SMITH"}],"circlet_count":0,"master_deck":["Strike_G","Strike_G","Strike_G","Defend_G","Defend_G","Defend_G","Defend_G","Defend_G","Survivor","Neutralize","Prepared","Cloak And Dagger","Deadly Poison","Dash+1","Backflip","Dagger Spray","Bane"],"relics":["Ring of the Snake","CeramicFish","CultistMask","Smiling Mask","Ice Cream"],"acts_visited":["Exordium"],"potions_floor_usage":[13,13],"damage_taken":[{"damage":0,"enemies":"Small Slimes","floor":1,"turns":3},{"damage":0,"enemies":"Cultist","floor":2,"turns":5},{"damage":0,"enemies":"2 Louse","floor":4,"turns":3},{"damage":4,"enemies":"Blue Slaver","floor":5,"turns":5},{"damage":2,"enemies":"Exordium Wildlife","floor":7,"turns":4},{"damage":12,"enemies":"Lagavulin","floor":8,"turns":9},{"damage":10,"enemies":"Exordium Thugs","floor":10,"turns":5},{"damage":48,"enemies":"Gremlin Nob","floor":13,"turns":4}],"seed_played":"5856521831261900826","potions_obtained":[{"floor":1,"key":"Ancient Potion"},{"floor":2,"key":"ColorlessPotion"},{"floor":4,"key":"LiquidBronze"},{"floor":10,"key":"Weak Potion"}],"is_trial":false,"path_per_floor":["M","M","?","M","M","R","M","E","T","M","$","$","E"],"character_chosen":"THE_SILENT","items_purchased":[],"campfire_rested":0,"item_purchase_floors":[],"current_hp_per_floor":[63,63,63,63,59,59,57,45,45,35,35,35,0,0],"gold":188,"neow_bonus":"RANDOM_COMMON_RELIC","is_daily":false,"chose_seed":false,"campfire_upgraded":1,"win_rate":0.0,"timestamp":1609388550,"path_taken":["M","M","?","M","M","R","M","E","T","M","?","$","E"],"items_purchased_type":[],"build_version":"2020-12-22","purchased_purges":2,"victory":false,"max_hp_per_floor":[70,70,70,70,70,70,70,70,70,70,70,70,70,70],"card_choices":[{"not_picked":["Expertise","Acrobatics"],"picked":"Prepared","floor":1},{"not_picked":["Bane","Reflex"],"picked":"Cloak And Dagger","floor":2},{"not_picked":["Backflip","PiercingWail"],"picked":"Deadly Poison","floor":4},{"not_picked":["Sucker Punch","PiercingWail"],"picked":"Dash","floor":5},{"not_picked":["Dagger Throw","Predator"],"picked":"Backflip","floor":7},{"not_picked":["Masterful Stab","Finisher"],"picked":"Dagger Spray","floor":8},{"not_picked":["Dagger Throw","Infinite Blades"],"picked":"Bane","floor":10}],"player_experience":1063516,"relics_obtained":[{"floor":8,"key":"Smiling Mask"},{"floor":9,"key":"Ice Cream"}],"event_choices":[{"damage_healed":0,"gold_gain":0,"player_choice":"Trade","damage_taken":0,"relics_obtained":["CultistMask"],"max_hp_gain":0,"max_hp_loss":0,"event_name":"FaceTrader","floor":3,"gold_loss":0}],"is_beta":false,"boss_relics":[],"items_purged_floors":[11,12],"is_endless":false,"potions_floor_spawned":[1,2,4,10],"killed_by":"Gremlin Nob","ascension_level":9}}