{"host":"j45ucdvl5ntpx4kf","time":1609373671,"event":{"mods":["AchievementEnabler","BaseMod","Bestiary","Colored Map","Colored Powertips","Downfall","Minty Spire (QoL Compilation)","StSLib"],"gold_per_floor":[112,122,122,297,168,168,182,209,209,209,227,227,227,261,261,261,261],"floor_reached":16,"playtime":687,"items_purged":["Doubt"],"score":124,"play_id":"b1c6a2fe-28d1-4ecb-a210-9761321d3fb0","local_time":"20201230191431","is_ascension_mode":true,"campfire_choices":[{"data":"Rage","floor":6,"key":"SMITH"},{"floor":10,"key":"REST"},{"floor":13,"key":"REST"},{"floor":15,"key":"REST"}],"circlet_count":0,"master_deck":["Strike_R","Strike_R","Strike_R","Strike_R","Defend_R","Defend_R","Defend_R","Defend_R","Bash","Corruption","Rage+1","True Grit","Cleave","Havoc","Havoc"],"relics":["Burning Blood","White Beast Statue","Incense Burner"],"acts_visited":["Exordium"],"potions_floor_usage":[8,8,11,14,16],"damage_taken":[{"damage":23,"enemies":"Jaw Worm","floor":1,"turns":5},{"damage":1,"enemies":"Small Slimes","floor":2,"turns":4},{"damage":0,"enemies":"Cultist","floor":7,"turns":3},{"damage":53,"enemies":"3 Sentries","floor":8,"turns":15},{"damage":22,"enemies":"Exordium Thugs","floor":11,"turns":6},{"damage":52,"enemies":"Gremlin Nob","floor":14,"turns":5},{"damage":47,"enemies":"Slime Boss","floor":16,"turns":9}],"seed_played":"-2552535939593216141","potions_obtained":[{"floor":2,"key":"Fire Potion"},{"floor":7,"key":"Regen Potion"},{"floor":8,"key":"SteroidPotion"},{"floor":11,"key":"SpeedPotion"},{"floor":14,"key":"EssenceOfSteel"}],"is_trial":false,"path_per_floor":["M","M","?","?","$","R","M","E","T","R","M","?","R","E","R","B"],"character_chosen":"IRONCLAD","items_purchased":["True Grit"],"campfire_rested":3,"item_purchase_floors":[5],"current_hp_per_floor":[63,68,61,61,61,61,67,35,35,58,42,42,65,19,42,0,0],"gold":261,"neow_bonus":"THREE_RARE_CARDS","is_daily":false,"chose_seed":false,"campfire_upgraded":1,"win_rate":0.0,"timestamp":1609373671,"path_taken":["M","M","?","?","$","R","M","E","T","R","M","?","R","E","R","BOSS"],"items_purchased_type":["Card"],"build_version":"2020-12-22","purchased_purges":1,"victory":false,"max_hp_per_floor":[80,80,77,77,77,77,77,77,77,77,77,77,77,77,77,77,77],"card_choices":[{"not_picked":["Impervious","Juggernaut"],"picked":"Corruption","floor":0},{"not_picked":["Flex","Anger"],"picked":"Rage","floor":1},{"not_picked":["Anger","Sword Boomerang","Seeing Red"],"picked":"SKIP","floor":2},{"not_picked":["Uppercut","Sword Boomerang","Perfected Strike"],"picked":"SKIP","floor":7},{"not_picked":["Feed","Wild Strike"],"picked":"Cleave","floor":8},{"not_picked":["Thunderclap","Armaments"],"picked":"Havoc","floor":11},{"not_picked":["Rage","Armaments"],"picked":"Havoc","floor":14}],"player_experience":161069,"relics_obtained":[{"floor":8,"key":"White Beast Statue"},{"floor":14,"key":"Incense Burner"}],"event_choices":[{"cards_removed":["Parasite"],"damage_healed":0,"gold_gain":0,"player_choice":"Card Removal","damage_taken":7,"max_hp_gain":0,"max_hp_loss":0,"event_name":"Golden Wing","floor":3,"gold_loss":0},{"damage_healed":0,"gold_gain":175,"player_choice":"AGREE","damage_taken":0,"max_hp_gain":0,"max_hp_loss":0,"event_name":"Liars Game","floor":4,"gold_loss":0,"cards_obtained":["Doubt"]},{"cards_removed":["Strike_R"],"damage_healed":0,"gold_gain":0,"player_choice":"Card Removal","damage_taken":0,"max_hp_gain":0,"max_hp_loss":0,"event_name":"Wheel of Change","floor":12,"gold_loss":0}],"is_beta":false,"boss_relics":[],"items_purged_floors":[5],"is_endless":false,"potions_floor_spawned":[2,7,8,11,14],"killed_by":"Slime Boss","ascension_level":3}}