{"host":"pr6x8hyknev46vut","time":1609439017,"event":{"mods":["Aspiration","BaseMod","CCEM","Colored Map","Colored Powertips","Downfall","Googly Eyes","Hermit","Highlight Path","Hubris","Minty Spire (QoL Compilation)","Permanent Neow","Replay The Spire","Shop Mod","Spicy Shops","StSLib","The Bug Knight","The Construct","The Cursed","The Disciple","The Necromancer","The Runesmith","The Servant 0.9.4"],"gold_per_floor":[99,112,126,140,152,77,148,160,187,187,201,221,221,241,258,258,258,258],"floor_reached":16,"playtime":1081,"items_purged":[],"score":108,"play_id":"cc9ebaf2-01f0-44d6-bf16-1590fb4c045c","local_time":"20201231192337","is_ascension_mode":false,"campfire_choices":[{"floor":1,"key":"RECALL"},{"data":"champ:Taunt","floor":6,"key":"SMITH"},{"floor":13,"key":"REST"}],"circlet_count":0,"master_deck":["champ:Strike","champ:Strike","champ:Strike","champ:Strike","champ:Defend","champ:Defend","champ:Defend","champ:Defend","champ:Execute","champ:Taunt+1","champ:AdrenalArmor","champ:DeathBlow","champ:FocusedDefense","champ:GutPunch","champ:BerserkersShout","champ:AdrenalArmor","champ:StanceDance","champ:EnragedBash","champ:PreciseThrust","champ:VampiricStrike"],"relics":["champ:ChampionCrown","downfall:HeartBlessingRed","CCEMRelics:CocoNut","Iron Hammer","downfall:BrokenWingStatue"],"acts_visited":["Exordium"],"potions_floor_usage":[16],"damage_taken":[{"damage":7,"enemies":"Jaw Worm","floor":2,"turns":4},{"damage":11,"enemies":"2 Louse","floor":3,"turns":4},{"damage":16,"enemies":"Small Slimes","floor":4,"turns":4},{"damage":36,"enemies":"Large Slime","floor":5,"turns":9},{"damage":23,"enemies":"Exordium Thugs","floor":8,"turns":6},{"damage":71,"enemies":"Lagavulin","floor":9,"turns":9},{"damage":12,"enemies":"Lots of Slimes","floor":11,"turns":5},{"damage":35,"enemies":"Red Slaver","floor":12,"turns":2},{"damage":16,"enemies":"Blue Slaver","floor":14,"turns":3},{"damage":11,"enemies":"2 Fungi Beasts","floor":15,"turns":2},{"damage":101,"enemies":"downfall:Silent","floor":16,"turns":8}],"seed_played":"-3544730824347031250","potions_obtained":[{"floor":4,"key":"AttackPotion"},{"floor":5,"key":"Strength Potion"},{"floor":8,"key":"Explosive Potion"}],"is_trial":false,"path_per_floor":["R_BF","M","M","M","M","R","T","M","E","?","M","M","R","M","M","B"],"character_chosen":"THE_CHAMP","items_purchased":[],"campfire_rested":1,"item_purchase_floors":[],"current_hp_per_floor":[99,97,88,84,72,72,77,66,36,36,36,23,54,50,50,0,0,0],"gold":258,"neow_bonus":"TEN_PERCENT_HP_BONUS","is_daily":false,"chose_seed":false,"campfire_upgraded":1,"win_rate":0.0,"timestamp":1609439017,"path_taken":["R_BF","M","M","M","M","R","T","M","E","?","M","M","R","M","M","BOSS"],"items_purchased_type":[],"build_version":"2020-12-22","purchased_purges":0,"victory":false,"max_hp_per_floor":[99,99,99,99,99,99,104,104,104,104,104,104,104,104,104,104,104,104],"card_choices":[{"not_picked":["champ:DefensiveShout","champ:TornadoPunch"],"picked":"champ:AdrenalArmor","floor":2},{"not_picked":["champ:DefensiveShout","champ:Haymaker"],"picked":"champ:DeathBlow","floor":3},{"not_picked":["champ:Circumvent","champ:CrookedStrike"],"picked":"champ:FocusedDefense","floor":4},{"not_picked":["champ:GladiatorsShout","champ:Haymaker"],"picked":"champ:GutPunch","floor":5},{"not_picked":["champ:BladeFlurry","champ:GutPunch"],"picked":"champ:BerserkersShout","floor":8},{"not_picked":["champ:GutPunch","champ:RapidStrikes"],"picked":"champ:AdrenalArmor","floor":9},{"not_picked":["champ:Haymaker","champ:Circumvent"],"picked":"champ:StanceDance","floor":11},{"not_picked":["champ:BerserkerStyle","champ:FlashCut"],"picked":"champ:EnragedBash","floor":12},{"not_picked":["champ:RapidStrikes","champ:FaceSlap"],"picked":"champ:PreciseThrust","floor":14},{"not_picked":["champ:FightOn","champ:FalseCounter"],"picked":"champ:VampiricStrike","floor":15}],"player_experience":67827,"relics_obtained":[{"floor":7,"key":"CCEMRelics:CocoNut"},{"floor":9,"key":"Iron Hammer"}],"event_choices":[],"is_beta":false,"boss_relics":[],"items_purged_floors":[],"is_endless":false,"potions_floor_spawned":[4,5,8,12,15],"killed_by":"downfall:Silent","ascension_level":0}}