{"host":"qxeepl7ydvsgmfdb","time":1609431843,"event":{"mods":["AchievementEnabler","BaseMod","Colored Powertips","Minty Spire (QoL Compilation)","Quick Restart","slay the spire mod where everything is the same but ironclad has a cowboy hat"],"gold_per_floor":[112,125,125,90,90,123,123,157,184,359,359,369,369,401,401,496,496,512,40,40,40,57,57,57,83,83,83,24,55,71,83,83,179,179,199,214,264,264,276,276,276,276],"floor_reached":41,"playtime":1568,"items_purged":["Doubt"],"score":644,"play_id":"4928b66a-4ab9-4f40-837f-1f3bd9869ece","local_time":"20201231112403","is_ascension_mode":true,"campfire_choices":[{"data":"Phantasmal Killer","floor":7.0,"key":"SMITH"},{"floor":13.0,"key":"REST"},{"data":"Backstab","floor":15.0,"key":"SMITH"},{"data":"RitualDagger","floor":23.0,"key":"SMITH"},{"floor":27.0,"key":"REST"},{"floor":32.0,"key":"REST"},{"floor":40.0,"key":"DIG"}],"circlet_count":0,"master_deck":["Strike_G","Strike_G","Strike_G","Strike_G","Strike_G+1","Defend_G","Defend_G","Defend_G","Defend_G","Defend_G","Survivor","Neutralize","Blade Dance","Dagger Throw+1","Phantasmal Killer+1","Deadly Poison","Flying Knee","Backstab+1","Dagger Spray","Slice","RitualDagger+1","Quick Slash+1","Adrenaline","Slice+1","Slice","Writhe"],"relics":["Ring of the Snake","NeowsBlessing","MealTicket","Thread and Needle","Centennial Puzzle","Smiling Mask","Strawberry","WristBlade","Matryoshka","Enchiridion","Oddly Smooth Stone","Lantern","Sundial","Regal Pillow","The Courier","Shovel","Blood Vial"],"acts_visited":["Exordium","TheCity","TheBeyond"],"potions_floor_usage":[41],"damage_taken":[{"damage":0.0,"enemies":"2 Louse","floor":1.0,"turns":1.0},{"damage":0.0,"enemies":"Jaw Worm","floor":2.0,"turns":1.0},{"damage":0.0,"enemies":"Lagavulin","floor":6.0,"turns":1.0},{"damage":19.0,"enemies":"3 Sentries","floor":8.0,"turns":5.0},{"damage":0.0,"enemies":"Small Slimes","floor":12.0,"turns":2.0},{"damage":8.0,"enemies":"Gremlin Nob","floor":14.0,"turns":3.0},{"damage":50.0,"enemies":"The Guardian","floor":16.0,"turns":11.0},{"damage":11.0,"enemies":"3 Byrds","floor":18.0,"turns":4.0},{"damage":0.0,"enemies":"Spheric Guardian","floor":22.0,"turns":1.0},{"damage":14.0,"enemies":"Slavers","floor":25.0,"turns":4.0},{"damage":0.0,"enemies":"Book of Stabbing","floor":29.0,"turns":2.0},{"damage":0.0,"enemies":"Centurion and Healer","floor":30.0,"turns":2.0},{"damage":2.0,"enemies":"Chosen and Byrds","floor":31.0,"turns":3.0},{"damage":34.0,"enemies":"Automaton","floor":33.0,"turns":6.0},{"damage":3.0,"enemies":"3 Darklings","floor":35.0,"turns":3.0},{"damage":8.0,"enemies":"3 Shapes","floor":36.0,"turns":3.0},{"damage":9.0,"enemies":"Mind Bloom Boss Battle","floor":37.0,"turns":4.0},{"damage":2.0,"enemies":"Maw","floor":39.0,"turns":6.0},{"damage":99,"enemies":"Giant Head","floor":41,"turns":7}],"seed_played":"6774204453695005033","potions_obtained":[{"floor":6.0,"key":"Explosive Potion"},{"floor":8.0,"key":"Weak Potion"},{"floor":14.0,"key":"PowerPotion"},{"floor":25.0,"key":"Fire Potion"},{"floor":29.0,"key":"Strength Potion"},{"floor":33.0,"key":"Strength Potion"},{"floor":36.0,"key":"CunningPotion"}],"is_trial":false,"path_per_floor":["M","M","?","?","$","E","R","E","T","?","?","M","R","E","R","B",null,"M","$","?","?","M","R","?","E","T","R","?","E","M","M","R","B",null,"M","M","?","?","M","R","E"],"character_chosen":"THE_SILENT","items_purchased":["Dagger Spray","Slice","CunningPotion","Matryoshka"],"campfire_rested":3,"item_purchase_floors":[19,19,19,19],"current_hp_per_floor":[63,63,49,66,66,66,66,47,47,47,47,47,68,67,67,17,62,51,66,66,60,60,60,44,30,30,53,53,53,53,51,77,43,69,66,58,49,68,66,66,0,0],"gold":276,"neow_bonus":"THREE_ENEMY_KILL","is_daily":false,"chose_seed":false,"campfire_upgraded":3,"win_rate":0.0,"timestamp":1609431843,"path_taken":["M","M","?","?","$","E","R","E","T","?","?","M","R","E","R","BOSS","M","$","?","?","M","R","?","E","T","R","?","E","?","M","R","BOSS","M","?","?","?","M","R","E"],"items_purchased_type":["Card","Card","Potion","Relic"],"build_version":"2020-12-22","purchased_purges":1,"victory":false,"max_hp_per_floor":[70,70,70,70,70,70,70,70,70,70,70,70,70,77,77,77,77,77,77,77,77,77,77,77,77,77,77,77,77,77,77,77,77,77,77,77,77,77,77,77,77,77],"card_choices":[{"not_picked":["PiercingWail","Deflect"],"picked":"Blade Dance","floor":1.0},{"not_picked":["Bane","Accuracy"],"picked":"Dagger Throw","floor":2.0},{"not_picked":["Prepared","Wraith Form v2"],"picked":"Phantasmal Killer","floor":6.0},{"not_picked":["Bullet Time","Endless Agony"],"picked":"Deadly Poison","floor":8.0},{"not_picked":["Acrobatics","Eviscerate"],"picked":"Flying Knee","floor":12.0},{"not_picked":["Deflect","Dagger Spray"],"picked":"Backstab","floor":14.0},{"not_picked":["Tactician+1","Catalyst","Bane"],"picked":"SKIP","floor":18.0},{"not_picked":["Calculated Gamble+1","Backflip"],"picked":"Quick Slash+1","floor":22.0},{"not_picked":["Blur+1","Terror"],"picked":"Adrenaline","floor":25.0},{"not_picked":["Tactician","Terror+1"],"picked":"Slice+1","floor":29.0},{"not_picked":["Underhanded Strike","Backflip","Predator"],"picked":"SKIP","floor":30.0},{"not_picked":["Blur","Deadly Poison"],"picked":"Slice","floor":31.0},{"not_picked":["Dagger Throw+1","Bane+1","Well Laid Plans"],"picked":"SKIP","floor":35.0},{"not_picked":["Prepared","PiercingWail+1","Backflip+1"],"picked":"SKIP","floor":36.0},{"not_picked":["Bullet Time","PiercingWail","Terror+1"],"picked":"SKIP","floor":39.0}],"player_experience":339409,"relics_obtained":[{"floor":6.0,"key":"MealTicket"},{"floor":8.0,"key":"Thread and Needle"},{"floor":9.0,"key":"Centennial Puzzle"},{"floor":14.0,"key":"Strawberry"},{"floor":24.0,"key":"Enchiridion"},{"floor":25.0,"key":"Oddly Smooth Stone"},{"floor":26.0,"key":"Lantern"},{"floor":26.0,"key":"Sundial"},{"floor":29.0,"key":"The Courier"},{"floor":37.0,"key":"Shovel"},{"floor":40.0,"key":"Blood Vial"}],"event_choices":[{"damage_healed":0.0,"max_hp_gain":0.0,"max_hp_loss":0.0,"gold_gain":0.0,"event_name":"Shining Light","player_choice":"Entered Light","floor":3.0,"gold_loss":0.0,"damage_taken":14.0,"cards_upgraded":["Strike_G","Dagger Throw"]},{"damage_healed":17.0,"max_hp_gain":0.0,"max_hp_loss":0.0,"gold_gain":0.0,"event_name":"The Cleric","player_choice":"Healed","floor":4.0,"gold_loss":35.0,"damage_taken":0.0},{"damage_healed":0.0,"max_hp_gain":0.0,"max_hp_loss":0.0,"gold_gain":175.0,"event_name":"Liars Game","player_choice":"AGREE","floor":10.0,"gold_loss":0.0,"damage_taken":0.0,"cards_obtained":["Doubt"]},{"damage_healed":0.0,"max_hp_gain":0.0,"max_hp_loss":0.0,"gold_gain":0.0,"event_name":"Dead Adventurer","player_choice":"Searched \u00272\u0027 times","floor":11.0,"gold_loss":0.0,"damage_taken":0.0,"relics_obtained":["Smiling Mask"]},{"damage_healed":0.0,"max_hp_gain":0.0,"max_hp_loss":0.0,"gold_gain":0.0,"event_name":"Vampires","player_choice":"Ignored","floor":20.0,"gold_loss":0.0,"damage_taken":0.0},{"damage_healed":0.0,"max_hp_gain":0.0,"max_hp_loss":0.0,"gold_gain":0.0,"event_name":"Nest","player_choice":"Joined the Cult","floor":21.0,"gold_loss":0.0,"damage_taken":6.0,"cards_obtained":["RitualDagger"]},{"damage_healed":0.0,"max_hp_gain":0.0,"max_hp_loss":0.0,"gold_gain":0.0,"event_name":"Cursed Tome","player_choice":"Obtained Book","floor":24.0,"gold_loss":0.0,"damage_taken":16.0},{"damage_healed":0.0,"max_hp_gain":0.0,"max_hp_loss":0.0,"gold_gain":0.0,"event_name":"WeMeetAgain","player_choice":"Paid Gold","floor":28.0,"gold_loss":59.0,"damage_taken":0.0,"relics_obtained":["Regal Pillow"]},{"damage_healed":0.0,"max_hp_gain":0.0,"max_hp_loss":0.0,"gold_gain":0.0,"event_name":"MindBloom","player_choice":"Fight","floor":37.0,"gold_loss":0.0,"damage_taken":0.0},{"damage_healed":19.0,"max_hp_gain":0.0,"max_hp_loss":0.0,"gold_gain":0.0,"event_name":"Winding Halls","player_choice":"Writhe","floor":38.0,"gold_loss":0.0,"damage_taken":0.0,"cards_obtained":["Writhe"]}],"is_beta":false,"boss_relics":[{"not_picked":["HoveringKite","SlaversCollar"],"picked":"WristBlade"},{"not_picked":["Cursed Key","Astrolabe","Fusion Hammer"]}],"items_purged_floors":[19],"is_endless":false,"potions_floor_spawned":[6,8,14,25,29,33,36],"killed_by":"Giant Head","ascension_level":6}}