{"host":"joxnbq9hujdt0xua","time":1609452838,"event":{"mods":["Act Like it!","BaseMod","Colored Powertips","Downfall","Hallownest","Hermit","Minty Spire (QoL Compilation)","Quick Restart","Relic Stats","Replay The Spire","StSLib"],"gold_per_floor":[117,117,117,133,153,153,181,181,258,258,271,288,288,301,301,402,502,512,496,289,289,289,289,302,302,302],"floor_reached":25,"playtime":755,"items_purged":[],"score":253,"play_id":"e02d2816-df83-44e8-93ac-348cce8d78b5","local_time":"20210101061358","is_ascension_mode":false,"campfire_choices":[{"data":"Darkness","floor":6.0,"key":"SMITH"},{"data":"Loop","floor":8.0,"key":"SMITH"},{"data":"Conserve Battery","floor":10.0,"key":"SMITH"},{"data":"FIFO Queue","floor":15.0,"key":"SMITH"},{"data":"Rainbow","floor":23,"key":"SMITH"}],"circlet_count":0,"master_deck":["Strike_B","Strike_B","Strike_B","Strike_B","Defend_B","Defend_B","Defend_B","Defend_B","Zap","Dualcast","Conserve Battery+1","Darkness+1","Loop+1","Leap","Lockon","FIFO Queue+1","Panic Button","Rainbow+1","Conserve Battery+1","Loop+1","Rainbow","Redo"],"relics":["Cracked Core","Bag of Preparation","Pear","FaceOfCleric","Replay:Wanted Poster","DollysMirror","Nilry\u0027s Codex"],"acts_visited":["Exordium","TheCity"],"potions_floor_usage":[25,25],"damage_taken":[{"damage":2.0,"enemies":"Small Slimes","floor":1.0,"turns":3.0},{"damage":0.0,"enemies":"Cultist","floor":4.0,"turns":3.0},{"damage":1.0,"enemies":"2 Louse","floor":5.0,"turns":3.0},{"damage":14.0,"enemies":"Lagavulin","floor":7.0,"turns":4.0},{"damage":12.0,"enemies":"Exordium Thugs","floor":11.0,"turns":5.0},{"damage":10.0,"enemies":"3 Louse","floor":12.0,"turns":4.0},{"damage":0.0,"enemies":"Large Slime","floor":14.0,"turns":9.0},{"damage":29,"enemies":"The Guardian","floor":16,"turns":9},{"damage":21,"enemies":"3 Byrds","floor":18,"turns":4},{"damage":18,"enemies":"2 Thieves","floor":19,"turns":4},{"damage":33,"enemies":"Shelled Parasite and Fungi","floor":24,"turns":6},{"damage":0,"enemies":"Snake Plant","floor":25,"turns":2}],"seed_played":"-1817814168128076095","potions_obtained":[{"floor":5.0,"key":"Swift Potion"},{"floor":12.0,"key":"FearPotion"},{"floor":14.0,"key":"GamblersBrew"}],"is_trial":false,"path_per_floor":["M","?","?","M","M","R","E","R","T","R","M","M","?","M","R","B",null,"M","M","$","?","?","R","M","M"],"character_chosen":"DEFECT","items_purchased":["Loop+1","DollysMirror"],"campfire_rested":0,"item_purchase_floors":[20,20],"current_hp_per_floor":[80,80,80,80,79,79,65,65,75,75,63,53,53,54,54,26,94,74,57,57,41,41,41,9,9,9],"gold":302,"neow_bonus":"TEN_PERCENT_HP_BONUS","is_daily":false,"chose_seed":false,"campfire_upgraded":5,"win_rate":0.0,"timestamp":1609452838,"path_taken":["M","?","?","M","M","R","E","R","T","R","?","M","?","?","R","BOSS","M","M","$","?","?","R","?","M"],"items_purchased_type":["Card","Relic"],"build_version":"2020-12-22","purchased_purges":0,"victory":false,"max_hp_per_floor":[82,82,82,82,82,82,82,82,92,92,92,92,92,93,93,94,94,95,96,96,96,96,96,97,97,97],"relic_stats":{"FaceOfCleric":5,"counters":[12,56],"Bag of Preparation":[16],"obtain_stats":[{"Replay:Wanted Poster":17,"Pear":9,"FaceOfCleric":13,"DollysMirror":20,"Nilry\u0027s Codex":21,"Bag of Preparation":7,"Cracked Core":0},{"Replay:Wanted Poster":8,"Pear":4,"FaceOfCleric":6,"DollysMirror":10,"Nilry\u0027s Codex":10,"Bag of Preparation":4,"Cracked Core":0},{"Replay:Wanted Poster":40,"Pear":13,"FaceOfCleric":22,"DollysMirror":48,"Nilry\u0027s Codex":48,"Bag of Preparation":13,"Cracked Core":0}]},"card_choices":[{"not_picked":["Barrage","Rebound"],"picked":"Conserve Battery","floor":1.0},{"not_picked":["Leap","ReplaySort"],"picked":"Darkness","floor":4.0},{"not_picked":["Gash","Panic Button"],"picked":"Loop","floor":5.0},{"not_picked":["Streamline","Turbo"],"picked":"Leap","floor":7.0},{"not_picked":["Panic Button","Stack"],"picked":"Lockon","floor":11.0},{"not_picked":["Steam","Beam Cell"],"picked":"FIFO Queue","floor":12.0},{"not_picked":["Leap","ReplaySort"],"picked":"Panic Button","floor":14.0},{"not_picked":["ReplayTheSpireMod:Omega Cannon","Thunder Strike"],"picked":"Rainbow","floor":16},{"not_picked":["Panic Button","Streamline"],"picked":"Conserve Battery+1","floor":18},{"not_picked":["ReplayTheSpireMod:System Scan","Static Discharge","Recycle"],"picked":"SKIP","floor":19},{"not_picked":["Streamline","White Noise"],"picked":"Redo","floor":24}],"player_experience":85692,"relics_obtained":[{"floor":7.0,"key":"Bag of Preparation"},{"floor":9.0,"key":"Pear"},{"floor":21,"key":"Nilry\u0027s Codex"}],"event_choices":[{"damage_healed":0.0,"max_hp_gain":0.0,"max_hp_loss":0.0,"gold_gain":0.0,"event_name":"The Cleric","player_choice":"Leave","floor":2.0,"gold_loss":0.0,"damage_taken":0.0},{"damage_healed":0.0,"max_hp_gain":0.0,"max_hp_loss":0.0,"gold_gain":0.0,"event_name":"NoteForYourself","player_choice":"Ignored","floor":3.0,"gold_loss":0.0,"damage_taken":0.0},{"damage_healed":0.0,"max_hp_gain":0.0,"max_hp_loss":0.0,"gold_gain":0.0,"event_name":"FaceTrader","player_choice":"Trade","floor":13.0,"gold_loss":0.0,"damage_taken":0.0,"relics_obtained":["FaceOfCleric"]},{"damage_healed":0,"gold_gain":0,"player_choice":"Obtained Book","damage_taken":16,"max_hp_gain":0,"max_hp_loss":0,"event_name":"Cursed Tome","floor":21,"gold_loss":0},{"damage_healed":0,"gold_gain":0,"player_choice":"Ignored","damage_taken":0,"max_hp_gain":0,"max_hp_loss":0,"event_name":"The Mausoleum","floor":22,"gold_loss":0}],"is_beta":false,"boss_relics":[{"not_picked":["Velvet Choker","Black Star"],"picked":"Replay:Wanted Poster"}],"items_purged_floors":[],"is_endless":false,"potions_floor_spawned":[5,12,14],"killed_by":"Snake Plant","ascension_level":0}}