{"host":"lvhfn8l5bvc4nolx","time":1609426603,"event":{"mods":["AchievementEnabler","BaseMod","Colored Map","Keyboard Shortcuts","Minty Spire (QoL Compilation)","Permanent Neow","Quick Restart","SuperFastMode"],"gold_per_floor":[113,113,15,32,48,48,60,77,104,104,104,121,121,132,132,132,231,231,243,342,4,22,39,39,39,56,101,121,133,147,179,75,75,179,179,189,75,122,138,188,215,232,232,232,258,258,269,269,269,295,295,295],"floor_reached":53,"playtime":1441,"items_purged":["Defend_P","Strike_P","Defend_P"],"score":916,"play_id":"cb452294-c838-437e-9be7-405ae1cbf70e","local_time":"20201231235643","is_ascension_mode":true,"campfire_choices":[{"data":"Eruption","floor":6.0,"key":"SMITH"},{"floor":10.0,"key":"REST"},{"floor":15.0,"key":"REST"},{"floor":16.0,"key":"REST"},{"data":"Panacea","floor":24.0,"key":"SMITH"},{"floor":33.0,"key":"REST"},{"data":"Adaptation","floor":43,"key":"SMITH"},{"data":"Vigilance+1","floor":46,"key":"PURGE"},{"data":"Fasting2+1","floor":51,"key":"PURGE"}],"circlet_count":0,"master_deck":["Strike_P","Defend_P+1","Eruption+1","Panacea+1","Consecrate","TalkToTheHand","FearNoEvil","MentalFortress","SandsOfTime","Scrawl","CrushJoints","DeusExMachina+1","DeusExMachina+1","Adaptation+1","Trip"],"relics":["PureWater","Vajra","Black Star","Torii","Lizard Tail","Blood Vial","Anchor","Oddly Smooth Stone","TheAbacus","VioletLotus","Kunai","Happy Flower","FossilizedHelix","StoneCalendar","Omamori","Nunchaku","Peace Pipe","Toy Ornithopter","Bronze Scales","War Paint"],"acts_visited":["Exordium","TheCity","TheBeyond"],"potions_floor_usage":[42,42,42,42],"damage_taken":[{"damage":0.0,"enemies":"Cultist","floor":1.0,"turns":3.0},{"damage":7.0,"enemies":"Jaw Worm","floor":4.0,"turns":4.0},{"damage":0.0,"enemies":"Small Slimes","floor":5.0,"turns":1.0},{"damage":20.0,"enemies":"3 Louse","floor":7.0,"turns":2.0},{"damage":0.0,"enemies":"2 Fungi Beasts","floor":8.0,"turns":2.0},{"damage":3.0,"enemies":"Looter","floor":12.0,"turns":3.0},{"damage":10.0,"enemies":"3 Louse","floor":14.0,"turns":3.0},{"damage":13.0,"enemies":"The Guardian","floor":17.0,"turns":10.0},{"damage":11.0,"enemies":"Spheric Guardian","floor":19.0,"turns":3.0},{"damage":2.0,"enemies":"3 Byrds","floor":22.0,"turns":5.0},{"damage":26.0,"enemies":"Shelled Parasite and Fungi","floor":23.0,"turns":5.0},{"damage":8.0,"enemies":"Snake Plant","floor":26.0,"turns":3.0},{"damage":1.0,"enemies":"3 Cultists","floor":28.0,"turns":4.0},{"damage":6.0,"enemies":"Centurion and Healer","floor":29.0,"turns":4.0},{"damage":0.0,"enemies":"Snecko","floor":30.0,"turns":3.0},{"damage":39.0,"enemies":"Gremlin Leader","floor":31.0,"turns":5.0},{"damage":7.0,"enemies":"Collector","floor":34.0,"turns":5.0},{"damage":0.0,"enemies":"Orb Walker","floor":36.0,"turns":3.0},{"damage":11,"enemies":"2 Orb Walkers","floor":38,"turns":4},{"damage":8,"enemies":"3 Shapes","floor":39,"turns":4},{"damage":0,"enemies":"Mind Bloom Boss Battle","floor":40,"turns":4},{"damage":47,"enemies":"Nemesis","floor":41,"turns":7},{"damage":24,"enemies":"Sphere and 2 Shapes","floor":42,"turns":4},{"damage":0,"enemies":"Maw","floor":47,"turns":4},{"damage":0,"enemies":"Reptomancer","floor":50,"turns":3},{"damage":41,"enemies":"Awakened One","floor":52,"turns":9}],"seed_played":"6356775495159303141","potions_obtained":[{"floor":4.0,"key":"Dexterity Potion"},{"floor":5.0,"key":"BlessingOfTheForge"},{"floor":11.0,"key":"DuplicationPotion"},{"floor":17.0,"key":"Weak Potion"},{"floor":19.0,"key":"Block Potion"},{"floor":22.0,"key":"EntropicBrew"},{"floor":29.0,"key":"LiquidBronze"},{"floor":30.0,"key":"FairyPotion"},{"floor":31.0,"key":"Regen Potion"},{"floor":38,"key":"Weak Potion"},{"floor":39,"key":"Swift Potion"},{"floor":42,"key":"Energy Potion"}],"is_trial":false,"path_per_floor":["M","?","$","M","M","R","M","M","T","R","?","M","?","M","R","R","B",null,"M","?","$","M","M","R","?","M","T","M","M","M","E","$","R","B",null,"M","$","?","M","?","E","M","R","T","T","R","M","?","?","E","R","B",null],"character_chosen":"WATCHER","items_purchased":["Panacea","Torii","Lizard Tail","TheAbacus","Kunai","Trip","Happy Flower"],"campfire_rested":4,"item_purchase_floors":[3,21,21,32,37,37,37],"current_hp_per_floor":[51,37,37,30,30,30,10,10,10,31,31,28,21,11,32,53,40,72,61,61,61,59,33,33,33,25,25,26,22,24,14,14,35,44,72,72,72,61,55,57,12,28,28,28,28,28,30,63,63,63,63,22],"gold":295,"neow_bonus":"REMOVE_TWO","is_daily":false,"chose_seed":false,"campfire_upgraded":3,"win_rate":0.0,"timestamp":1609426603,"path_taken":["M","?","$","M","M","R","M","M","T","R","?","?","?","M","R","R","BOSS","M","?","$","M","M","R","?","M","T","M","M","M","E","$","R","BOSS","M","$","?","M","?","E","M","R","T","T","R","M","?","?","E","R","BOSS"],"items_purchased_type":["Card","Relic","Relic","Relic","Relic","Card","Relic"],"build_version":"2020-12-22","purchased_purges":3,"victory":true,"max_hp_per_floor":[72,72,72,72,72,72,72,72,72,72,72,72,72,72,72,72,72,72,72,72,72,72,72,72,72,72,72,72,72,72,72,72,72,72,72,72,72,72,72,72,72,72,72,72,72,72,72,63,63,63,63,63],"card_choices":[{"not_picked":["ForeignInfluence","Collect"],"picked":"CutThroughFate","floor":1.0},{"not_picked":["FlyingSleeves","ClearTheMind"],"picked":"Consecrate","floor":4.0},{"not_picked":["Evaluate","ClearTheMind"],"picked":"TalkToTheHand","floor":5.0},{"not_picked":["Protect","WreathOfFlame"],"picked":"FearNoEvil","floor":7.0},{"not_picked":["FollowUp","Ragnarok"],"picked":"MentalFortress","floor":8.0},{"not_picked":["ThirdEye","BowlingBash"],"picked":"SandsOfTime","floor":12.0},{"not_picked":["FlyingSleeves","Crescendo","Conclude"],"picked":"SKIP","floor":14.0},{"not_picked":["SpiritShield","Judgement"],"picked":"Scrawl","floor":17.0},{"not_picked":["CarveReality+1","Halt+1","ReachHeaven"],"picked":"SKIP","floor":19.0},{"not_picked":["FlurryOfBlows","BowlingBash"],"picked":"CrushJoints","floor":22.0},{"not_picked":["ThirdEye+1","BattleHymn","EmptyMind"],"picked":"SKIP","floor":23.0},{"not_picked":["ClearTheMind","Blasphemy","SignatureMove"],"picked":"SKIP","floor":26.0},{"not_picked":["EmptyMind","PathToVictory","JustLucky"],"picked":"SKIP","floor":28.0},{"not_picked":["Consecrate","Halt+1","Wallop"],"picked":"SKIP","floor":29.0},{"not_picked":["Worship","Sanctity"],"picked":"DeusExMachina","floor":30.0},{"not_picked":["EmptyFist","Prostrate+1","SashWhip"],"picked":"SKIP","floor":31.0},{"not_picked":["EmptyFist","Prostrate+1","SashWhip"],"picked":"SKIP","floor":31.0},{"not_picked":["Judgement","Blasphemy"],"picked":"DeusExMachina","floor":34.0},{"not_picked":["CutThroughFate","JustLucky+1"],"picked":"Adaptation","floor":36},{"not_picked":["Wireheading+1","LikeWater+1","ReachHeaven+1"],"picked":"SKIP","floor":39},{"not_picked":["Tantrum+1","SashWhip"],"picked":"Fasting2+1","floor":40},{"not_picked":["FollowUp+1","Tantrum+1","Evaluate"],"picked":"SKIP","floor":41},{"not_picked":["EmptyFist+1","Study","Wallop"],"picked":"SKIP","floor":42},{"not_picked":["FearNoEvil+1","Evaluate","BowlingBash+1"],"picked":"SKIP","floor":47},{"not_picked":["Nirvana+1","CutThroughFate","Worship"],"picked":"SKIP","floor":50}],"player_experience":356517,"relics_obtained":[{"floor":9.0,"key":"Vajra"},{"floor":27.0,"key":"Blood Vial"},{"floor":31.0,"key":"Anchor"},{"floor":31.0,"key":"Oddly Smooth Stone"},{"floor":38,"key":"FossilizedHelix"},{"floor":40,"key":"StoneCalendar"},{"floor":41,"key":"Omamori"},{"floor":41,"key":"Nunchaku"},{"floor":44,"key":"Peace Pipe"},{"floor":45,"key":"Toy Ornithopter"},{"floor":50,"key":"Bronze Scales"},{"floor":50,"key":"War Paint"}],"event_choices":[{"damage_healed":0.0,"max_hp_gain":0.0,"max_hp_loss":0.0,"gold_gain":0.0,"event_name":"Shining Light","player_choice":"Entered Light","floor":2.0,"gold_loss":0.0,"damage_taken":14.0,"cards_upgraded":["Defend_P","Vigilance"]},{"damage_healed":0.0,"max_hp_gain":0.0,"max_hp_loss":0.0,"gold_gain":0.0,"event_name":"Lab","player_choice":"Got Potions","floor":11.0,"gold_loss":0.0,"damage_taken":0.0},{"cards_removed":["Defend_P"],"damage_healed":0.0,"max_hp_gain":0.0,"max_hp_loss":0.0,"gold_gain":0.0,"event_name":"Golden Wing","player_choice":"Card Removal","floor":13.0,"gold_loss":0.0,"damage_taken":7.0},{"damage_healed":0.0,"max_hp_gain":0.0,"max_hp_loss":0.0,"gold_gain":99.0,"event_name":"Nest","player_choice":"Stole From Cult","floor":20.0,"gold_loss":0.0,"damage_taken":0.0},{"damage_healed":0,"gold_gain":0,"player_choice":"Fight","damage_taken":0,"max_hp_gain":0,"max_hp_loss":0,"event_name":"Mysterious Sphere","floor":38,"gold_loss":0},{"damage_healed":0,"gold_gain":0,"player_choice":"Fight","damage_taken":0,"max_hp_gain":0,"max_hp_loss":0,"event_name":"MindBloom","floor":40,"gold_loss":0},{"damage_healed":63,"gold_gain":0,"player_choice":"Heal","damage_taken":0,"max_hp_gain":0,"max_hp_loss":9,"event_name":"The Moai Head","floor":48,"gold_loss":0},{"cards_removed":["CutThroughFate"],"damage_healed":0,"gold_gain":0,"player_choice":"Removed Attack","damage_taken":0,"max_hp_gain":0,"max_hp_loss":0,"event_name":"Falling","floor":49,"gold_loss":0}],"is_beta":false,"boss_relics":[{"not_picked":["Ectoplasm","SacredBark"],"picked":"Black Star"},{"not_picked":["Velvet Choker","Coffee Dripper"],"picked":"VioletLotus"}],"items_purged_floors":[21,32,37],"is_endless":false,"potions_floor_spawned":[4,5,17,19,22,29,30,31,38,39,42],"ascension_level":3}}