{"host":"fo1pcjb7ykmk7tjo","time":1609422268,"event":{"mods":["BaseMod","Colored Map","Downfall","Hermit","Hubris","Infinite Spire","Marisa????????","Minty Spire (QoL Compilation)","Replay The Spire","StSLib","The Disciple","The Servant 0.9.4"],"gold_per_floor":[110,71,71,87,107,136,136,162,162,162,162,172,172,172,172,268,268,280,280,300,310,320,351,351,367,445,445,130,162,174,221,233,348,360,383,407,431,443,473,515,537,549,585,630,658,178,193,219,219,219,219,219,8,36,36],"floor_reached":56,"playtime":2386,"items_purged":["Defend_P","MasterReality"],"score":1593,"play_id":"6ec9dd70-8d2d-43db-85da-f690c4045d24","local_time":"20201231144428","is_ascension_mode":true,"campfire_choices":[{"data":"Eruption","floor":7,"key":"SMITH"},{"data":"Wallop","floor":10,"key":"SMITH"},{"data":"CarveReality","floor":15,"key":"SMITH"},{"data":"Vault","floor":30,"key":"SMITH"},{"data":"SashWhip","floor":32,"key":"SMITH"},{"data":"Ragnarok","floor":42,"key":"SMITH"},{"floor":49,"key":"RECALL"},{"data":"ConjureBlade","floor":52,"key":"SMITH"}],"circlet_count":0,"master_deck":["Strike_P","Strike_P","Strike_P","Defend_P","Defend_P","Defend_P","Eruption+1","Vigilance","Crescendo+1","FlurryOfBlows","Wallop+1","CarveReality+1","FollowUp+1","Consecrate","FlurryOfBlows+1","Vault+1","Wallop","SashWhip+1","Ragnarok+1","FlurryOfBlows","ConjureBlade+1","Secret Technique","Consecrate+1","Flash of Steel+1","CarveReality+1"],"relics":["PureWater","NeowsBlessing","Ancient Tea Set","hubris:Metronome","Replay:Ringing Soul","Pondfish Scales","hubris:Towel","Replay:Bronze Core","Ornamental Fan","infinitespire:BottledMercury","WarpedTongs","infinitespire:Bottled Soul","infinitespire:CheckeredPen","MawBank","ReplayTheSpireMod:Ninjato","hubris:CrackedHourglass","Blue Doll","hubris:TinFlute","Membership Card","Replay:Bottled Flurry","hubris:MysteriousPyramids","hubris:Zylophone","ReplayTheSpireMod:Lightbulb"],"acts_visited":[],"potions_floor_usage":[23,50,55,55],"damage_taken":[{"damage":0,"enemies":"Jaw Worm","floor":1,"turns":1},{"damage":0,"enemies":"Cultist","floor":4,"turns":1},{"damage":0,"enemies":"2 Louse","floor":5,"turns":2},{"damage":5,"enemies":"3 Sentries","floor":6,"turns":6},{"damage":28,"enemies":"Gremlin Nob","floor":8,"turns":3},{"damage":1,"enemies":"Looter","floor":12,"turns":2},{"damage":18,"enemies":"The Guardian","floor":16,"turns":5},{"damage":5,"enemies":"3 Byrds","floor":18,"turns":5},{"damage":3,"enemies":"Shell Parasite","floor":20,"turns":2},{"damage":6,"enemies":"Shelled Parasite and Fungi","floor":21,"turns":2},{"damage":0,"enemies":"Centurion and Healer","floor":22,"turns":3},{"damage":16,"enemies":"Replay:Snechameleon","floor":23,"turns":2},{"damage":2,"enemies":"3 Cultists","floor":25,"turns":2},{"damage":0,"enemies":"Gremlin Leader","floor":29,"turns":2},{"damage":0,"enemies":"Replay:Snechameleon","floor":31,"turns":3},{"damage":0,"enemies":"Collector","floor":33,"turns":4},{"damage":0,"enemies":"3 Darklings","floor":35,"turns":2},{"damage":0,"enemies":"3 Shapes","floor":36,"turns":3},{"damage":5,"enemies":"Sphere and 2 Shapes","floor":37,"turns":4},{"damage":3,"enemies":"Maw","floor":39,"turns":4},{"damage":5,"enemies":"Giant Head","floor":40,"turns":4},{"damage":0,"enemies":"Jaw Worm Horde","floor":41,"turns":2},{"damage":7,"enemies":"R_Hoarder","floor":44,"turns":3},{"damage":2,"enemies":"Spire Growth","floor":45,"turns":3},{"damage":0,"enemies":"Maw","floor":47,"turns":4},{"damage":0,"enemies":"Reptomancer","floor":48,"turns":2},{"damage":74,"enemies":"infinitespire:MassOfShapes","floor":50,"turns":5},{"damage":20,"enemies":"Shield and Spear","floor":54,"turns":3},{"damage":125,"enemies":"The Heart","floor":55,"turns":5}],"seed_played":"3515524341623464112","potions_obtained":[{"floor":8,"key":"Venom Potion"},{"floor":12,"key":"Energy Potion"},{"floor":22,"key":"Strength Potion"},{"floor":25,"key":"Languid Potion"},{"floor":37,"key":"infinitespire:BlackPotion"},{"floor":45,"key":"SkillPotion"}],"is_trial":false,"path_per_floor":["M","$","?","M","M","E","R","E","T","R","?","M","?","?","R","B",null,"M","T","M","M","M","E","?","M","T","?","$","E","R","E","R","B",null,"M","M","M","?","M","E","M","R","T","E","M","$","M","E","R","B",null,"R","$","E","B",null],"character_chosen":"WATCHER","items_purchased":["Crescendo+1","infinitespire:CheckeredPen","Membership Card","ConjureBlade","FairyPotion","Secret Technique","Replay:Bottled Flurry","Flash of Steel+1","hubris:Zylophone","PowerPotion"],"campfire_rested":0,"item_purchase_floors":[2,28,46,46,46,46,46,53,53,53],"current_hp_per_floor":[72,72,72,72,72,67,67,39,39,39,39,41,41,41,41,26,78,76,76,73,70,70,57,60,61,61,61,61,64,64,64,64,67,99,99,102,100,100,97,92,92,92,92,85,83,86,89,89,89,15,111,111,114,97,31],"gold":36,"neow_bonus":"THREE_ENEMY_KILL","is_daily":false,"chose_seed":false,"campfire_upgraded":7,"win_rate":0.0,"timestamp":1609422268,"path_taken":["M","$","?","?","?","E","R","E","T","R","?","?","?","?","R","BOSS","M","?","M","M","M","E","?","?","T","?","?","E","R","E","R","BOSS","M","M","M","?","M","E","M","R","T","E","M","$","M","E","R","BOSS","R","$","E","BOSS"],"items_purchased_type":["Card","Relic","Relic","Card","Potion","Card","Relic","Card","Relic","Potion"],"build_version":"2020-12-22","purchased_purges":2,"victory":true,"max_hp_per_floor":[72,72,72,72,72,72,72,72,72,72,72,75,75,75,75,78,78,81,81,81,84,84,87,90,93,93,93,93,96,96,96,96,99,99,99,102,105,105,105,105,105,105,105,105,105,108,111,111,111,111,111,111,114,117,117],"card_choices":[{"not_picked":["Replay:ManipulateFuture","PathToVictory","FlyingSleeves"],"picked":"SKIP","floor":1},{"not_picked":["Halt","ForeignInfluence"],"picked":"FlurryOfBlows","floor":4},{"not_picked":["BowlingBash","Pray"],"picked":"Wallop","floor":5},{"not_picked":["EmptyBody","Crescendo","ForeignInfluence"],"picked":"SKIP","floor":6},{"not_picked":["Omniscience","BowlingBash"],"picked":"CarveReality","floor":8},{"not_picked":["WheelKick","FlyingSleeves"],"picked":"FollowUp","floor":12},{"not_picked":["Alpha","Judgement"],"picked":"MasterReality","floor":16},{"not_picked":["Replay:ManipulateFuture","Replay:AtTheReady"],"picked":"Consecrate","floor":18},{"not_picked":["PathToVictory","Omniscience","Crescendo"],"picked":"SKIP","floor":20},{"not_picked":["Replay:Battleflow","ThirdEye"],"picked":"FlurryOfBlows+1","floor":21},{"not_picked":["Replay:Battleflow+1","ClearTheMind","Replay:BluntJabs"],"picked":"SKIP","floor":22},{"not_picked":["Indignation","Replay:BluntJabs"],"picked":"Vault","floor":23},{"not_picked":["Indignation+1","WindmillStrike+1"],"picked":"Wallop","floor":25},{"not_picked":["Replay:Anticipation","Crescendo+1"],"picked":"SashWhip","floor":29},{"not_picked":["Prostrate","FearNoEvil","ClearTheMind"],"picked":"SKIP","floor":31},{"not_picked":["Devotion","SpiritShield"],"picked":"Ragnarok","floor":33},{"not_picked":["Prostrate","Replay:Anticipation","Crescendo"],"picked":"SKIP","floor":35},{"not_picked":["Consecrate","ForeignInfluence"],"picked":"FlurryOfBlows","floor":36},{"not_picked":["PathToVictory","FollowUp"],"picked":"Halt+1","floor":37},{"not_picked":["Weave","EmptyBody","Sanctity+1"],"picked":"SKIP","floor":39},{"not_picked":["MentalFortress+1","Replay:AtTheReady","InnerPeace"],"picked":"SKIP","floor":40},{"not_picked":["CutThroughFate","Replay:ManipulateFuture","ThirdEye+1"],"picked":"SKIP","floor":41},{"not_picked":["Replay:Cycle+1","Replay:BluntJabs+1","Pray+1"],"picked":"SKIP","floor":44},{"not_picked":["CrushJoints","ThirdEye","ReachHeaven"],"picked":"SKIP","floor":45},{"not_picked":["WindmillStrike","Establishment"],"picked":"Consecrate+1","floor":47},{"not_picked":["Swivel","TalkToTheHand+1","Meditate+1"],"picked":"SKIP","floor":48},{"not_picked":["InnerPeace+1","ThirdEye+1"],"picked":"CarveReality+1","floor":54}],"player_experience":181266,"relics_obtained":[{"floor":6,"key":"Ancient Tea Set"},{"floor":8,"key":"hubris:Metronome"},{"floor":9,"key":"Replay:Ringing Soul"},{"floor":11,"key":"Pondfish Scales"},{"floor":19,"key":"Ornamental Fan"},{"floor":23,"key":"infinitespire:BottledMercury"},{"floor":26,"key":"infinitespire:Bottled Soul"},{"floor":29,"key":"MawBank"},{"floor":31,"key":"ReplayTheSpireMod:Ninjato"},{"floor":40,"key":"Blue Doll"},{"floor":44,"key":"hubris:TinFlute"},{"floor":48,"key":"hubris:MysteriousPyramids"},{"floor":54,"key":"ReplayTheSpireMod:Lightbulb"}],"event_choices":[{"cards_removed":["Strike_P"],"damage_healed":0,"gold_gain":0,"player_choice":"Offered Basic","damage_taken":0,"max_hp_gain":0,"max_hp_loss":0,"event_name":"Bonfire Elementals","floor":3,"gold_loss":0},{"damage_healed":0,"gold_gain":0,"player_choice":"Relic","damage_taken":0,"max_hp_gain":0,"max_hp_loss":0,"event_name":"Wheel of Change","floor":11,"gold_loss":0},{"damage_healed":0,"gold_gain":0,"player_choice":"Upgraded","damage_taken":0,"max_hp_gain":0,"max_hp_loss":0,"event_name":"Upgrade Shrine","floor":14,"gold_loss":0,"cards_upgraded":["FollowUp"]},{"damage_healed":0,"gold_gain":0,"player_choice":"Rummage","damage_taken":0,"relics_obtained":["WarpedTongs"],"max_hp_gain":0,"max_hp_loss":0,"event_name":"Accursed Blacksmith","floor":24,"gold_loss":0,"cards_obtained":["Pain"]},{"cards_removed":["Pain"],"damage_healed":0,"gold_gain":0,"player_choice":"Removed Curses","damage_taken":0,"max_hp_gain":0,"max_hp_loss":0,"event_name":"Fountain of Cleansing","floor":27,"gold_loss":0}],"is_beta":false,"boss_relics":[{"not_picked":["hubris:GrandSneckoEye","Coffee Dripper"],"picked":"Replay:Bronze Core"},{"not_picked":["hubris:TerracottaHorce","Kintsugi"],"picked":"hubris:CrackedHourglass"}],"items_purged_floors":[28,46],"is_endless":false,"potions_floor_spawned":[8,12,22,25,29,33,37,39,41,45,48],"ascension_level":2}}