{"host":"g7trc0x2teqyd8ye","time":1609458673,"event":{"mods":["BaseMod","Key Reminder","Minty Spire (QoL Compilation)","Relic Stats"],"gold_per_floor":[369,387,1,1,1,30,30,30,30,41,41,60,110,143,143,143,143],"floor_reached":16,"playtime":538,"items_purged":["Strike_R"],"score":211,"play_id":"4f0bcabd-cf68-49f9-88e3-006bf46f5ea5","local_time":"20210101005113","is_ascension_mode":true,"campfire_choices":[{"floor":7,"key":"REST"},{"data":"Pummel","floor":11,"key":"SMITH"},{"floor":15,"key":"REST"}],"circlet_count":0,"master_deck":["AscendersBane","Strike_R","Strike_R","Strike_R","Defend_R","Defend_R","Defend_R","Defend_R","Bash","Pummel+1","Sever Soul","Pummel+1","Heavy Blade+1","Twin Strike+1","Armaments","Second Wind"],"relics":["Burning Blood","Molten Egg 2","Tiny Chest","InkBottle","Centennial Puzzle","keyreminder:keyreminder"],"acts_visited":["Exordium"],"potions_floor_usage":[14,16],"damage_taken":[{"damage":9,"enemies":"Jaw Worm","floor":1,"turns":5},{"damage":7,"enemies":"Small Slimes","floor":2,"turns":4},{"damage":60,"enemies":"Lagavulin","floor":6,"turns":6},{"damage":1,"enemies":"Cultist","floor":10,"turns":3},{"damage":13,"enemies":"Blue Slaver","floor":12,"turns":2},{"damage":25,"enemies":"3 Sentries","floor":14,"turns":9},{"damage":44,"enemies":"Hexaghost","floor":16,"turns":8}],"seed_played":"-2641987502611451426","potions_obtained":[{"floor":10,"key":"DistilledChaos"},{"floor":14,"key":"Block Potion"}],"is_trial":false,"path_per_floor":["M","M","$","?","$","E","R","?","T","M","R","M","?","E","R","B"],"character_chosen":"IRONCLAD","items_purchased":["Molten Egg 2","Pummel+1"],"campfire_rested":2,"item_purchase_floors":[3,3],"current_hp_per_floor":[65,64,64,69,69,15,36,36,36,41,41,34,34,15,36,0,0],"gold":143,"neow_bonus":"TWO_FIFTY_GOLD","is_daily":false,"chose_seed":false,"campfire_upgraded":1,"win_rate":0.0,"timestamp":1609458673,"path_taken":["M","M","$","?","$","E","R","?","T","?","R","M","?","E","R","BOSS"],"items_purchased_type":["Relic","Card"],"build_version":"2020-12-22","purchased_purges":1,"victory":false,"max_hp_per_floor":[68,68,68,73,73,73,73,73,73,73,73,73,73,73,73,73,73],"relic_stats":{"Centennial Puzzle":[3],"counters":[7,37],"Tiny Chest":0,"obtain_stats":[{"keyreminder:keyreminder":14,"Centennial Puzzle":14,"Molten Egg 2":3,"Tiny Chest":6,"Burning Blood":0,"InkBottle":9},{"keyreminder:keyreminder":6,"Centennial Puzzle":6,"Molten Egg 2":2,"Tiny Chest":3,"Burning Blood":0,"InkBottle":3},{"keyreminder:keyreminder":29,"Centennial Puzzle":29,"Molten Egg 2":9,"Tiny Chest":15,"Burning Blood":0,"InkBottle":15}],"Burning Blood":36,"InkBottle":[4]},"card_choices":[{"not_picked":["Perfected Strike","Wild Strike"],"picked":"Pummel","floor":1},{"not_picked":["Havoc","Heavy Blade"],"picked":"Sever Soul","floor":2},{"not_picked":["Berserk","Power Through"],"picked":"Heavy Blade+1","floor":6},{"not_picked":["Headbutt+1","Spot Weakness"],"picked":"Twin Strike+1","floor":10},{"not_picked":["Perfected Strike+1","Wild Strike+1"],"picked":"Armaments","floor":12},{"not_picked":["Inflame","Armaments"],"picked":"Second Wind","floor":14}],"player_experience":851598,"relics_obtained":[{"floor":6,"key":"Tiny Chest"},{"floor":9,"key":"InkBottle"},{"floor":14,"key":"Centennial Puzzle"}],"event_choices":[{"damage_healed":0,"gold_gain":0,"player_choice":"Donut","damage_taken":0,"max_hp_gain":5,"max_hp_loss":0,"event_name":"Big Fish","floor":4,"gold_loss":0},{"cards_removed":["Strike_R"],"damage_healed":0,"gold_gain":0,"player_choice":"Offered Basic","damage_taken":0,"max_hp_gain":0,"max_hp_loss":0,"event_name":"Bonfire Elementals","floor":8,"gold_loss":0},{"damage_healed":0,"gold_gain":50,"player_choice":"Pray","damage_taken":0,"max_hp_gain":0,"max_hp_loss":0,"event_name":"Golden Shrine","floor":13,"gold_loss":0}],"is_beta":false,"boss_relics":[],"items_purged_floors":[3],"is_endless":false,"potions_floor_spawned":[10,14],"killed_by":"Hexaghost","ascension_level":19}}