{"host":"7uuqqk35leady37t","time":1609380932,"event":{"mods":["BaseMod","Colored Map","Colored Powertips","Downfall","Marisa£®ÏF”Í°°ƒß¿Ì…≥£©","Minty Spire (QoL Compilation)","Remilia£®¿Ÿ√◊¿Ú—«£©","Robot Space Explorer","StSLib","The Bug Knight","The Servant 0.9.4","Waifu the Spire","Yuri Mod","[IsaacMod]“‘»ˆº‚À˛"],"gold_per_floor":[124,185,205,205,215,247,247,247,247,259,278,305,325,275,275,372,372,400,419,140,140,140],"floor_reached":21,"playtime":975,"items_purged":[],"score":211,"play_id":"af3a8aa8-77fd-4264-9fb5-fb8df289c89e","local_time":"20201231101532","is_ascension_mode":false,"campfire_choices":[{"data":"DiffusionOfMisfortune","floor":8,"key":"SMITH"},{"data":"EpicFetus","floor":15,"key":"SMITH"}],"circlet_count":0,"master_deck":["Strike_RM","Strike_RM","Defend_RM","Defend_RM","Defend_RM","Defend_RM","RedMoon","ScarletShoot","EpicFetus+1","DiffusionOfMisfortune+1","BombardNight","StarOfDavid","Septette","StarOfDavid","BadLadyScramble","ScarletDevil","EndlessAdversity","EquivalentExchange","Stigmanizer","BloodyCatastrophe","ScarletCoffin","BloodHunter"],"relics":["ScarletHat","HushsDoor","BloodDonationBag","Thread and Needle","yuri:PortableGlitches","DoctorsRemote","ChampionBelt","StoneCalendar","RedBat"],"acts_visited":["Exordium","TheCity"],"potions_floor_usage":[6,12,16,16,16],"damage_taken":[{"damage":9,"enemies":"2 Louse","floor":1,"turns":4},{"damage":0,"enemies":"Cultist","floor":2,"turns":4},{"damage":0,"enemies":"Small Slimes","floor":3,"turns":4},{"damage":0,"enemies":"3 Louse","floor":5,"turns":3},{"damage":16,"enemies":"Lagavulin","floor":6,"turns":8},{"damage":0,"enemies":"Looter","floor":10,"turns":2},{"damage":6,"enemies":"Large Slime","floor":11,"turns":5},{"damage":5,"enemies":"3 Sentries","floor":12,"turns":4},{"damage":0,"enemies":"2 Fungi Beasts","floor":13,"turns":4},{"damage":17,"enemies":"Hexaghost","floor":16,"turns":5},{"damage":70,"enemies":"Book of Stabbing","floor":18,"turns":6},{"damage":0,"enemies":"3 Byrds","floor":19,"turns":2},{"damage":21,"enemies":"Slavers","floor":21,"turns":1}],"seed_played":"5240970938455311770","potions_obtained":[{"floor":5,"key":"BlessingOfTheForge"},{"floor":10,"key":"PowerPotion"},{"floor":11,"key":"DistilledChaos"},{"floor":12,"key":"LiquidMemories"},{"floor":13,"key":"DuplicationPotion"}],"is_trial":false,"path_per_floor":["M","M","M","?","M","E","?","R","T","M","M","E","M","?","R","B",null,"M","M","$","M"],"character_chosen":"REMILIA","items_purchased":["RedBat"],"campfire_rested":0,"item_purchase_floors":[20],"current_hp_per_floor":[73,61,61,61,61,56,56,56,56,56,51,48,51,51,51,46,73,9,11,11,0,0],"gold":140,"neow_bonus":"TEN_PERCENT_HP_BONUS","is_daily":false,"chose_seed":false,"campfire_upgraded":2,"win_rate":0.0,"timestamp":1609380932,"path_taken":["M","M","M","?","M","E","?","R","T","M","M","E","M","?","R","BOSS","M","M","$","M"],"items_purchased_type":["Relic"],"build_version":"2020-12-22","purchased_purges":0,"victory":false,"max_hp_per_floor":[82,82,82,82,82,82,82,82,82,82,82,82,82,82,82,82,82,82,82,82,82,82],"card_choices":[{"not_picked":[],"picked":"EpicFetus","floor":0},{"not_picked":["EternalNight","BloodyTrap"],"picked":"DiffusionOfMisfortune","floor":1},{"not_picked":["UnderTheZenith","DiffusionOfMisfortune"],"picked":"BombardNight","floor":2},{"not_picked":["ChainGang","FitfulNightmare"],"picked":"StarOfDavid","floor":3},{"not_picked":["MastersStateliness","MiserableFate"],"picked":"Septette","floor":5},{"not_picked":["UnderTheZenith","EmergencyRegeneration"],"picked":"StarOfDavid","floor":6},{"not_picked":["UnderTheZenith","ForbiddenFruit"],"picked":"ScarletDevil","floor":10},{"not_picked":["UnderTheZenith","BloodyTrap"],"picked":"EndlessAdversity","floor":11},{"not_picked":["ScarletImprint","DiffusionOfMisfortune"],"picked":"EquivalentExchange","floor":12},{"not_picked":["UnderTheZenith","ScarletImprint"],"picked":"Stigmanizer","floor":13},{"not_picked":["KillingBlow","ChaoticDestiny"],"picked":"BloodyCatastrophe","floor":16},{"not_picked":["BadLadyScramble","MastersStateliness"],"picked":"ScarletCoffin","floor":18},{"not_picked":["FavorOfDestiny","VampireFantasy"],"picked":"BloodHunter","floor":19}],"player_experience":35159,"relics_obtained":[{"floor":6,"key":"Thread and Needle"},{"floor":9,"key":"yuri:PortableGlitches"},{"floor":12,"key":"DoctorsRemote"},{"floor":18,"key":"StoneCalendar"}],"event_choices":[{"damage_healed":0,"gold_gain":0,"cards_transformed":["Strike_RM"],"player_choice":"Change","damage_taken":0,"max_hp_gain":0,"max_hp_loss":0,"event_name":"Living Wall","floor":7,"gold_loss":0,"cards_obtained":["BadLadyScramble"]},{"cards_removed":["Strike_RM"],"damage_healed":0,"gold_gain":0,"player_choice":"Card Removal","damage_taken":0,"max_hp_gain":0,"max_hp_loss":0,"event_name":"The Cleric","floor":14,"gold_loss":50}],"is_beta":false,"boss_relics":[{"not_picked":["Runic Pyramid","Ectoplasm"],"picked":"ChampionBelt"},{"not_picked":[]}],"items_purged_floors":[],"is_endless":false,"potions_floor_spawned":[5,10,11,12,13],"killed_by":"Slavers","ascension_level":20}}