{"host":"akjsb4vg7478j4ls","time":1609446124,"event":{"mods":["BaseMod","Colored Powertips","Minty Spire (QoL Compilation)","Rare Cards Sparkle"],"gold_per_floor":[109,129,141,156,172,172,189,189,189,264,264,52,68,68,68,192,192,213,236,32,46,46,46,87,87,87,87,15,33,48,7,7,136,136,157,181,200,200,225,248,53,386,386,386,386,386,405,425,425,425],"floor_reached":51,"playtime":2856,"items_purged":[],"score":713,"play_id":"92882bca-6c92-4796-a854-09401c2744d0","local_time":"20201231182204","is_ascension_mode":false,"campfire_choices":[{"floor":6,"key":"REST"},{"floor":8,"key":"REST"},{"data":"Spot Weakness","floor":15,"key":"SMITH"},{"data":"Jack Of All Trades","floor":23,"key":"SMITH"},{"floor":25,"key":"REST"},{"floor":27,"key":"REST"},{"floor":32,"key":"REST"},{"floor":45,"key":"REST"},{"floor":49,"key":"REST"}],"circlet_count":0,"master_deck":["Strike_R","Strike_R","Strike_R","Strike_R","Strike_R","Defend_R","Defend_R","Defend_R","Bash","Metallicize","Wild Strike","Spot Weakness+1","Thunderclap","Whirlwind","Inflame","Jack Of All Trades+1","Warcry","Exhume","Twin Strike","Sword Boomerang+1","Apotheosis","Infernal Blade","Feed","Disarm","Perfected Strike","Heavy Blade","Trip","Barricade","Shrug It Off","Dropkick+1","Intimidate","Inflame","Flex+1","Discovery","Body Slam+1","Rupture"],"relics":["SacredBark","Matryoshka","Membership Card","SlaversCollar","Chemical X","Self Forming Clay","Pantograph","Gremlin Horn","Brimstone","Busted Crown","HandDrill","Red Skull","Juzu Bracelet","Lizard Tail","Regal Pillow"],"acts_visited":["Exordium","TheCity","TheBeyond"],"potions_floor_usage":[16,24,33,39,50],"damage_taken":[{"damage":5,"enemies":"Cultist","floor":1,"turns":4},{"damage":11,"enemies":"Jaw Worm","floor":2,"turns":3},{"damage":8,"enemies":"Small Slimes","floor":3,"turns":3},{"damage":16,"enemies":"3 Louse","floor":4,"turns":4},{"damage":6,"enemies":"Blue Slaver","floor":5,"turns":6},{"damage":4,"enemies":"Exordium Thugs","floor":7,"turns":4},{"damage":12,"enemies":"2 Fungi Beasts","floor":13,"turns":3},{"damage":69,"enemies":"The Guardian","floor":16,"turns":12},{"damage":27,"enemies":"2 Thieves","floor":18,"turns":4},{"damage":53,"enemies":"Spheric Guardian","floor":19,"turns":8},{"damage":12,"enemies":"Cultist and Chosen","floor":21,"turns":7},{"damage":38,"enemies":"Book of Stabbing","floor":24,"turns":4},{"damage":30,"enemies":"Snake Plant","floor":29,"turns":4},{"damage":33,"enemies":"Shelled Parasite and Fungi","floor":30,"turns":4},{"damage":35,"enemies":"Collector","floor":33,"turns":6},{"damage":11,"enemies":"3 Shapes","floor":35,"turns":2},{"damage":9,"enemies":"3 Darklings","floor":36,"turns":3},{"damage":9,"enemies":"Spire Growth","floor":37,"turns":4},{"damage":20,"enemies":"Writhing Mass","floor":39,"turns":4},{"damage":1,"enemies":"Transient","floor":40,"turns":5},{"damage":36,"enemies":"3 Darklings","floor":47,"turns":3},{"damage":2,"enemies":"Spire Growth","floor":48,"turns":3},{"damage":103,"enemies":"Awakened One","floor":50,"turns":7}],"seed_played":"4181620043903191097","potions_obtained":[{"floor":1,"key":"GamblersBrew"},{"floor":3,"key":"PowerPotion"},{"floor":4,"key":"FairyPotion"},{"floor":18,"key":"SpeedPotion"},{"floor":21,"key":"DistilledChaos"},{"floor":30,"key":"PowerPotion"},{"floor":36,"key":"PowerPotion"},{"floor":48,"key":"SkillPotion"}],"is_trial":false,"path_per_floor":["M","M","M","M","M","R","M","R","T","?","?","$","M","?","R","B",null,"M","M","$","M","?","R","E","R","T","R","$","M","M","$","R","B",null,"M","M","M","?","M","M","$","?","T","?","R","?","M","M","R","B",null],"character_chosen":"IRONCLAD","items_purchased":["Membership Card","Inflame","Jack Of All Trades","Chemical X","Apotheosis","Infernal Blade","Brimstone","Trip","HandDrill","Discovery","Red Skull"],"campfire_rested":7,"item_purchase_floors":[12,12,12,20,20,20,28,31,41,41,41],"current_hp_per_floor":[75,64,56,40,34,58,54,78,78,67,67,67,55,74,74,5,74,47,44,44,32,74,74,36,58,58,74,74,44,11,11,33,23,74,63,54,45,45,25,24,24,24,24,24,61,61,25,23,60,37],"gold":425,"neow_bonus":"BOSS_RELIC","is_daily":false,"chose_seed":false,"campfire_upgraded":2,"win_rate":0.0,"timestamp":1609446124,"path_taken":["M","M","M","M","?","R","M","R","T","?","?","$","M","?","R","BOSS","M","M","$","M","?","R","E","R","T","R","?","M","M","$","R","BOSS","M","M","M","?","?","M","$","?","T","?","R","?","M","M","R","BOSS"],"items_purchased_type":["Relic","Card","Card","Relic","Card","Card","Relic","Card","Relic","Card","Relic"],"build_version":"2020-12-22","purchased_purges":0,"victory":true,"max_hp_per_floor":[80,80,80,80,80,80,80,80,80,80,74,74,74,74,74,74,74,74,74,74,74,74,74,74,74,74,74,74,74,74,74,74,74,74,74,74,74,74,74,74,74,74,74,74,74,74,74,74,74,74],"card_choices":[{"not_picked":["True Grit","Second Wind"],"picked":"Metallicize","floor":1},{"not_picked":["Sever Soul","Cleave"],"picked":"Wild Strike","floor":2},{"not_picked":["Armaments","Havoc"],"picked":"Spot Weakness","floor":3},{"not_picked":["Rage","Offering"],"picked":"Ghostly Armor","floor":4},{"not_picked":["True Grit","Headbutt"],"picked":"Thunderclap","floor":5},{"not_picked":["Flex","Ghostly Armor"],"picked":"Whirlwind","floor":7},{"not_picked":["Combust","Body Slam"],"picked":"Warcry","floor":13},{"not_picked":["Fiend Fire","Demon Form"],"picked":"Exhume","floor":16},{"not_picked":["Armaments","Clash"],"picked":"Twin Strike","floor":18},{"not_picked":["Warcry","Clash"],"picked":"Sword Boomerang+1","floor":19},{"not_picked":["Armaments","Battle Trance"],"picked":"Feed","floor":21},{"not_picked":["Metallicize","Cleave"],"picked":"Disarm","floor":24},{"not_picked":["Entrench","Headbutt"],"picked":"Perfected Strike","floor":29},{"not_picked":["Hemokinesis+1","Infernal Blade"],"picked":"Heavy Blade","floor":30},{"not_picked":["Exhume","Impervious"],"picked":"Barricade","floor":33},{"not_picked":[],"picked":"Shrug It Off","floor":35},{"not_picked":[],"picked":"Dropkick+1","floor":36},{"not_picked":[],"picked":"Intimidate","floor":37},{"not_picked":[],"picked":"Inflame","floor":39},{"not_picked":[],"picked":"Flex+1","floor":40},{"not_picked":[],"picked":"Body Slam+1","floor":47},{"not_picked":[],"picked":"Rupture","floor":48}],"player_experience":64502,"relics_obtained":[{"floor":9,"key":"Matryoshka"},{"floor":24,"key":"Self Forming Clay"},{"floor":26,"key":"Pantograph"},{"floor":26,"key":"Gremlin Horn"},{"floor":43,"key":"Juzu Bracelet"},{"floor":43,"key":"Lizard Tail"}],"event_choices":[{"damage_healed":0,"gold_gain":75,"player_choice":"Gather Gold","damage_taken":11,"max_hp_gain":0,"max_hp_loss":0,"event_name":"World of Goop","floor":10,"gold_loss":0},{"damage_healed":0,"gold_gain":0,"player_choice":"Lose Max HP","damage_taken":0,"relics_obtained":["Golden Idol"],"max_hp_gain":0,"max_hp_loss":6,"event_name":"Golden Idol","floor":11,"gold_loss":0},{"damage_healed":24,"gold_gain":0,"player_choice":"Banana","damage_taken":0,"max_hp_gain":0,"max_hp_loss":0,"event_name":"Big Fish","floor":14,"gold_loss":0},{"cards_removed":["Ghostly Armor"],"damage_healed":42,"gold_gain":0,"player_choice":"Offered Uncommon","damage_taken":0,"max_hp_gain":0,"max_hp_loss":0,"event_name":"Bonfire Elementals","floor":22,"gold_loss":0},{"cards_removed":["Defend_R"],"damage_healed":0,"gold_gain":0,"player_choice":"Card Removal","damage_taken":0,"max_hp_gain":0,"max_hp_loss":0,"event_name":"Wheel of Change","floor":38,"gold_loss":0},{"damage_healed":0,"gold_gain":333,"player_choice":"Gave Idol","damage_taken":0,"max_hp_gain":0,"max_hp_loss":0,"event_name":"The Moai Head","floor":42,"relics_lost":["Golden Idol"],"gold_loss":0},{"damage_healed":0,"gold_gain":0,"player_choice":"Gave Potion","damage_taken":0,"relics_obtained":["Regal Pillow"],"max_hp_gain":0,"max_hp_loss":0,"event_name":"WeMeetAgain","floor":44,"gold_loss":0},{"damage_healed":0,"gold_gain":0,"player_choice":"Ignored","damage_taken":0,"max_hp_gain":0,"max_hp_loss":0,"event_name":"Tomb of Lord Red Mask","floor":46,"gold_loss":0}],"is_beta":false,"boss_relics":[{"not_picked":["Runic Cube","Fusion Hammer"],"picked":"SlaversCollar"},{"not_picked":["Snecko Eye","Black Star"],"picked":"Busted Crown"}],"items_purged_floors":[],"is_endless":false,"potions_floor_spawned":[1,3,4,13,18,21,30,36,37,48],"ascension_level":0}}