{"host":"sez99p7bt09rs4ks","time":1609376264,"event":{"mods":["BaseMod","Highlight Path","Minty Spire (QoL Compilation)","StSLib"],"gold_per_floor":[114,129,144,71,86,86,101,101,126,141,171,186,186,201,201,301,301,316,6,6,21,36,36,36,36,36],"floor_reached":25,"playtime":1951,"items_purged":["Strike_B"],"score":207,"play_id":"22b6d8b5-c61e-4df6-add1-aaed0d1a152c","local_time":"20201230165744","daily_mods":["Heirloom","Time Dilation","Lethality"],"is_ascension_mode":false,"campfire_choices":[{"data":"Zap","floor":6,"key":"SMITH"},{"data":"Chaos","floor":8,"key":"SMITH"},{"data":"Rip and Tear","floor":13,"key":"SMITH"},{"data":"Multi-Cast","floor":15,"key":"SMITH"},{"data":"Double Energy","floor":23,"key":"SMITH"},{"data":"Barrage","floor":24,"key":"SMITH"}],"circlet_count":0,"master_deck":["Strike_B","Strike_B","Strike_B","Defend_B","Defend_B","Defend_B","Defend_B","Zap+1","Dualcast","Sweeping Beam","Darkness","Cold Snap","Compile Driver","Cold Snap","Double Energy+1","Chaos+1","Multi-Cast+1","Rip and Tear+1","Conserve Battery","Leap","Mayhem","Barrage+1","Coolheaded","Steam"],"relics":["Cracked Core","WingedGreaves","Oddly Smooth Stone","Akabeko","Inserter","Cables"],"acts_visited":["TheCity"],"potions_floor_usage":[5,11,16,16],"damage_taken":[{"damage":0,"enemies":"Cultist","floor":1,"turns":2},{"damage":0,"enemies":"2 Louse","floor":2,"turns":1},{"damage":9,"enemies":"Jaw Worm","floor":3,"turns":2},{"damage":14,"enemies":"Exordium Thugs","floor":5,"turns":3},{"damage":3,"enemies":"Blue Slaver","floor":7,"turns":2},{"damage":17,"enemies":"Exordium Wildlife","floor":10,"turns":2},{"damage":2,"enemies":"3 Sentries","floor":11,"turns":5},{"damage":0,"enemies":"Large Slime","floor":12,"turns":3},{"damage":0,"enemies":"3 Louse","floor":14,"turns":2},{"damage":27,"enemies":"Hexaghost","floor":16,"turns":6},{"damage":35,"enemies":"3 Byrds","floor":18,"turns":3},{"damage":0,"enemies":"Spheric Guardian","floor":21,"turns":3},{"damage":17,"enemies":"Centurion and Healer","floor":22,"turns":6},{"damage":26,"enemies":"Cultist and Chosen","floor":25,"turns":4}],"seed_played":"-5051420239723459148","potions_obtained":[{"floor":1,"key":"SkillPotion"},{"floor":5,"key":"Energy Potion"},{"floor":7,"key":"LiquidBronze"},{"floor":11,"key":"PowerPotion"},{"floor":22,"key":"PotionOfCapacity"}],"is_trial":false,"path_per_floor":["M","M","M","$","M","R","M","R","T","M","E","M","R","M","R","B",null,"M","$","?","M","M","R","R","M"],"character_chosen":"DEFECT","items_purchased":["Compile Driver","Cold Snap","Mayhem","Barrage"],"campfire_rested":0,"item_purchase_floors":[4,4,19,19],"current_hp_per_floor":[75,75,66,66,52,52,49,49,49,32,30,30,30,30,30,3,75,40,40,40,40,23,23,23,0,0],"gold":36,"neow_bonus":"","is_daily":true,"chose_seed":false,"campfire_upgraded":6,"win_rate":0.0,"timestamp":1609376264,"path_taken":["M","M","M","$","?","R","M","R","T","M","E","M","R","M","R","BOSS","M","$","?","?","M","R","R","M"],"items_purchased_type":["Card","Card","Card","Card"],"build_version":"2020-12-22","purchased_purges":1,"victory":false,"max_hp_per_floor":[75,75,75,75,75,75,75,75,75,75,75,75,75,75,75,75,75,75,75,75,75,75,75,75,75,75],"card_choices":[{"not_picked":["Skim","Turbo"],"picked":"Sweeping Beam","floor":1},{"not_picked":["Go for the Eyes","Aggregate"],"picked":"Darkness","floor":2},{"not_picked":["Undo","Auto Shields"],"picked":"Cold Snap","floor":3},{"not_picked":["Sweeping Beam","Hologram"],"picked":"Double Energy","floor":5},{"not_picked":["Conserve Battery","Stack"],"picked":"Chaos","floor":7},{"not_picked":["Melter","Rebound","Go for the Eyes"],"picked":"SKIP","floor":10},{"not_picked":["Conserve Battery","Coolheaded"],"picked":"Multi-Cast","floor":11},{"not_picked":["Barrage","Go for the Eyes"],"picked":"Rip and Tear","floor":12},{"not_picked":["Go for the Eyes","Reinforced Body"],"picked":"Conserve Battery","floor":14},{"not_picked":["Meteor Strike","Core Surge"],"picked":"Creative AI","floor":16},{"not_picked":["Go for the Eyes","Undo"],"picked":"Leap","floor":18},{"not_picked":["Beam Cell","Cold Snap"],"picked":"Coolheaded","floor":21},{"not_picked":["Doom and Gloom","Sunder"],"picked":"Steam","floor":22}],"player_experience":86346,"relics_obtained":[{"floor":9,"key":"Oddly Smooth Stone"},{"floor":11,"key":"Akabeko"}],"event_choices":[{"cards_removed":["Creative AI"],"damage_healed":0,"gold_gain":0,"player_choice":"Gave Card","damage_taken":0,"relics_obtained":["Cables"],"max_hp_gain":0,"max_hp_loss":0,"event_name":"WeMeetAgain","floor":20,"gold_loss":0}],"is_beta":false,"boss_relics":[{"not_picked":["Sozu","Black Star"],"picked":"Inserter"}],"items_purged_floors":[19],"is_endless":false,"potions_floor_spawned":[1,5,7,11,22],"killed_by":"Cultist and Chosen","ascension_level":0}}