{"host":"v0byp44r5syn346h","time":1609381217,"event":{"mods":["2.2 Compatiblity","AchievementEnabler","Act Like it!","AlwaysNeverKeys","Aspiration","BaseMod","Bestiary","Better Match","Better Note","Better Skull","Better Third Choice","Better Vampires","BetterRewards","Card Filter","Colored Map","Colored Powertips","Conspire","Defuse TimeMaze Blight","Displayed Cursed Tome","Downfall","Friendly Minions","Gremlin Skip","Halation","Highlight Path","Hubris","Infinite Spire","Minty Spire (QoL Compilation)","Pale of the Ancients","Quarter Circle Forward PUNCH!","Quick Restart","Random Character Button","Rare Cards Sparkle","Relic Filter","Relic Stats","Reorder Act Four","Replay The Spire","Reworked Bosses","Shop Mod","Spicy Shops","Spikes Relics","StSLib","SuperFastMode","The Blue Laboratory","The Construct","The Cursed","The Hierophant","The Jungle","Thieving Mod","Trackpad","Unknown Chances","egg","vexMod"],"gold_per_floor":[109,109,119,137,137,165,165,192,192,192,221,281,294,310,310,384,384,401,414,414,414,4,84,84,115,166,166,177,191,222,251,251,451,451,546,546,546,153,200,241,241,241,241,382,434,481,532,702,702,702,702,763,829,879,82,82,97,97,397,397,397],"floor_reached":62,"playtime":4760,"items_purged":["Injury","Strike_B","Strike_B","Strike_B"],"score":3367,"play_id":"99db628e-4910-41c7-9174-128a23c2874b","local_time":"20201231032017","is_ascension_mode":true,"campfire_choices":[{"data":"Skim","floor":7.0,"key":"SMITH"},{"floor":10.0,"key":"REST"},{"floor":15.0,"key":"REST"},{"data":"Fission","floor":24.0,"key":"SMITH"},{"floor":32.0,"key":"REST"},{"data":"Static Discharge","floor":32.0,"key":"SMITH"},{"data":"Capacitor","floor":41.0,"key":"SMITH"},{"floor":49.0,"key":"REST"},{"data":"Defragment","floor":49.0,"key":"SMITH"},{"floor":56.0,"key":"REST"},{"data":"Creative AI","floor":56.0,"key":"SMITH"},{"floor":58.0,"key":"REST"},{"data":"Replay:Dark Deal","floor":58.0,"key":"SMITH"}],"circlet_count":0,"master_deck":["AscendersBane","Strike_B","Defend_B","Defend_B","Defend_B+1","Defend_B+1","Zap","Dualcast","Skim+1","Auto Shields","Compile Driver+1","Fission+1","Go for the Eyes+1","Sweeping Beam+1","Crystallizer","Ball Lightning+1","Biased Cognition","Cold Snap+1","hubris:Fate+1","Crystallizer","Pot Of Greed","Pot Of Greed","Static Discharge+1","Pot Of Greed","Echo Form","Double Energy","FTL+1","Electrodynamics","Sweeping Beam+1","Capacitor+1","Defragment+1","Sweeping Beam+1","Madness","Madness","Cold Snap+1","Creative AI+1","Pot Of Greed","Core Surge+1","Replay:Dark Deal","Replay:Dark Deal+1","ReplayTheSpireMod:Dual Polarity+1"],"relics":["Cracked Core","Ring of Chaos","NeowsBlessing","Molten Egg 2","aspiration:HummingbirdHeart","Iron Hammer","hubris:MobiusCoin","Black Star","Sozu","DataDisk","Juzu Bracelet","infinitespire:Freezer","infinitespire:Lucky Rock","infinitespire:Magic Flask","Grinning Jar","trackpad:IceCube","Nloth\u0027s Gift","qcfpunch:Handcuffs","Simple Rune","Blue Doll","infinitespire:EvilPickle","vexMod:TanglingVine","MealTicket","Orrery","Incense Burner","conspire:TopHat","Singing Bowl","Centennial Puzzle","trackpad:FieryHotPepper","hubris:SphereOfDissonance","Toy Ornithopter","trackpad:Mousetrap","paleoftheancients:Timepiece","paleoftheancients:KeyRelic","Spirit Poop","paleoftheancients:SoulOfTheWatcher","hubris:Zylophone","SnailShell","Runic Capacitor","hubris:NiceRug","qcfpunch:Necklace_of_Skulls","infinitespire:SolderingIron","halation:Jellyphish","Mummified Hand","halation:PrussianBluePaint","Cauldron"],"acts_visited":["Exordium","TheCity","TheBeyond","TheBeyond"],"potions_floor_usage":[],"damage_taken":[{"damage":0.0,"enemies":"Cultist","floor":1.0,"turns":1.0},{"damage":0.0,"enemies":"Jaw Worm","floor":3.0,"turns":1.0},{"damage":0.0,"enemies":"Small Slimes","floor":4.0,"turns":1.0},{"damage":45.0,"enemies":"3 Sentries","floor":6.0,"turns":10.0},{"damage":9.0,"enemies":"Lagavulin","floor":8.0,"turns":5.0},{"damage":0.0,"enemies":"3 Sentries","floor":11.0,"turns":8.0},{"damage":22.0,"enemies":"Gremlin Gang","floor":12.0,"turns":5.0},{"damage":0.0,"enemies":"Red Slaver","floor":13.0,"turns":2.0},{"damage":4.0,"enemies":"Exordium Thugs","floor":14.0,"turns":5.0},{"damage":31.0,"enemies":"Fading Forest","floor":16.0,"turns":13.0},{"damage":1.0,"enemies":"Chosen","floor":18.0,"turns":3.0},{"damage":7.0,"enemies":"Shell Parasite","floor":19.0,"turns":5.0},{"damage":17.0,"enemies":"conspire:Head Lice","floor":23.0,"turns":5.0},{"damage":0.0,"enemies":"Nightmare","floor":25.0,"turns":5.0},{"damage":0.0,"enemies":"Snake Plant","floor":28.0,"turns":1.0},{"damage":0.0,"enemies":"Sentry and Sphere","floor":29.0,"turns":1.0},{"damage":0.0,"enemies":"Gremlin Leader","floor":30.0,"turns":1.0},{"damage":0.0,"enemies":"conspire:MimicChest","floor":31.0,"turns":3.0},{"damage":14.0,"enemies":"Pondfish","floor":33.0,"turns":10.0},{"damage":0.0,"enemies":"3 Shapes","floor":35.0,"turns":1.0},{"damage":0.0,"enemies":"2 Orb Walkers","floor":39.0,"turns":3.0},{"damage":0.0,"enemies":"Nightmare","floor":40.0,"turns":7.0},{"damage":0.0,"enemies":"Orb Walker","floor":44.0,"turns":2.0},{"damage":16.0,"enemies":"Reptomancer","floor":45.0,"turns":6.0},{"damage":0.0,"enemies":"Spire Growth","floor":46.0,"turns":2.0},{"damage":12.0,"enemies":"Sphere and 2 Shapes","floor":47.0,"turns":3.0},{"damage":0.0,"enemies":"Giant Head","floor":48.0,"turns":6.0},{"damage":0.0,"enemies":"Replay:Hell Engine","floor":50.0,"turns":2.0},{"damage":3.0,"enemies":"hubris:GrandSnecko","floor":51.0,"turns":7.0},{"damage":55.0,"enemies":"hubris:GrandSnecko","floor":52.0,"turns":6.0},{"damage":41.0,"enemies":"hubris:GrandSnecko","floor":53.0,"turns":9.0},{"damage":39.0,"enemies":"hubris:GrandSnecko","floor":57.0,"turns":13.0},{"damage":0,"enemies":"hubris:Merchant","floor":59,"turns":3},{"damage":21,"enemies":"paleoftheancients:N","floor":61,"turns":5}],"seed_played":"2451706699528581659","potions_obtained":[{"floor":4.0,"key":"Milkshake"},{"floor":8.0,"key":"LifebloodPotion"},{"floor":12.0,"key":"hexamod:EctoCoolerPotion"},{"floor":16.0,"key":"blueLaboratory:HummingbirdPotion"}],"is_trial":false,"path_per_floor":["M","?","M","M","?","E","R","E","T","R","E","M","M","M","R","B",null,"M","M","AVR","?","$","E","R","NM","T","?","M","M","E","?","R","B",null,"M","?","T","$","?","NM","R","?","T","M","E","M","M","E","R","B","B","M","M","?","$","R","M","R","$","?","B",null],"character_chosen":"DEFECT","items_purchased":["DataDisk","Juzu Bracelet","Orrery","hubris:Zylophone","SnailShell","Runic Capacitor","Replay:Dark Deal"],"campfire_rested":6,"item_purchase_floors":[22,22,38,55,55,55,55],"current_hp_per_floor":[64,60,60,60,60,15,15,6,6,27,27,5,5,1,22,11,58,57,50,50,50,50,33,33,33,33,33,33,33,33,33,54,40,65,65,73,73,73,73,73,73,60,60,60,44,44,34,36,59,59,72,53,49,52,67,81,62,81,95,95,74],"gold":397,"neow_bonus":"THREE_ENEMY_KILL","is_daily":false,"chose_seed":false,"campfire_upgraded":7,"win_rate":0.0,"timestamp":1609381217,"path_taken":["M","?","M","?","?","E","R","E","T","R","E","M","M","M","R","BOSS","M","M","AVR","?","$","E","R","NM","T","?","M","M","E","?","R","BOSS","M","?","?","?","?","NM","R","?","T","M","E","M","M","E","R","BOSS","BOSS","M","M","?","$","R","M","R","$","?","BOSS"],"items_purchased_type":["Relic","Relic","Relic","Relic","Relic","Relic","Card"],"build_version":"2020-12-22","purchased_purges":4,"victory":true,"max_hp_per_floor":[71,71,71,71,71,71,71,71,71,71,71,71,71,71,71,73,73,73,73,73,73,73,73,73,73,73,73,73,73,73,73,73,73,73,73,73,73,73,73,73,73,73,73,73,73,73,75,77,77,77,77,79,81,81,81,81,81,81,95,95,95],"relic_stats":{"Sozu":15,"Centennial Puzzle":[21],"Singing Bowl":22,"counters":[53,233],"Mummified Hand":[33],"MealTicket":15,"Black Star":6,"Juzu Bracelet":4,"Nloth\u0027s Gift":11,"obtain_stats":[{"hubris:BallOfYels":6,"trackpad:Mousetrap":48,"trackpad:IceCube":26,"Spirit Poop":51,"halation:Komachan":0,"Runic Capacitor":55,"vexMod:TanglingVine":34,"Sozu":20,"Centennial Puzzle":43,"infinitespire:SolderingIron":59,"halation:PrussianBluePaint":59,"MealTicket":37,"Iron Hammer":8,"qcfpunch:Handcuffs":30,"paleoftheancients:SoulOfTheWatcher":53,"hubris:MobiusCoin":9,"conspire:TreasureMap":0,"paleoftheancients:KeyRelic":51,"hubris:SoftwareUpdate":61,"hubris:SphereOfDissonance":45,"Ring of Chaos":0,"infinitespire:Magic Flask":25,"hubris:Zylophone":0,"infinitespire:EvilPickle":33,"paleoftheancients:Timepiece":51,"qcfpunch:School_Backpack":7,"Bronze Scales":11,"halation:Jellyphish":59,"halation:PenCase":0,"Onion Ring":9,"Molten Egg 2":5,"Simple Rune":30,"CosmicIsotope":0,"Black Star":17,"Nloth\u0027s Gift":27,"Grinning Jar":25,"Carrot":4,"SnailShell":55,"Singing Bowl":40,"Blue Doll":31,"Juzu Bracelet":22,"Incense Burner":39,"qcfpunch:Crimson_Sash":17,"conspire:TopHat":40,"hubris:Icosahedron":5,"trackpad:FieryHotPepper":45,"Mummified Hand":59,"Gambling Chip":0,"qcfpunch:Necklace_of_Skulls":59,"Chemical X":0,"Replay:Antivirus Software":14,"Cracked Core":0,"NeowsBlessing":0,"Golden Idol":4,"Circlet":0,"aspiration:HummingbirdHeart":6,"infinitespire:Lucky Rock":23,"hubris:Towel":2,"Peace Pipe":0,"Cauldron":59,"DataDisk":22,"qcfpunch:Fighting_Gloves":0,"Orrery":38,"halation:PinkSoulGem":5,"Toy Ornithopter":48,"infinitespire:Freezer":23,"hubris:NiceRug":59},{"hubris:BallOfYels":15,"trackpad:Mousetrap":46,"trackpad:IceCube":33,"Spirit Poop":48,"halation:Komachan":4,"Runic Capacitor":50,"vexMod:TanglingVine":38,"Sozu":31,"Centennial Puzzle":41,"infinitespire:SolderingIron":52,"halation:PrussianBluePaint":52,"MealTicket":39,"Iron Hammer":24,"qcfpunch:Handcuffs":36,"paleoftheancients:SoulOfTheWatcher":50,"hubris:MobiusCoin":24,"conspire:TreasureMap":12,"paleoftheancients:KeyRelic":48,"hubris:SoftwareUpdate":52,"hubris:SphereOfDissonance":43,"Ring of Chaos":4,"infinitespire:Magic Flask":33,"hubris:Zylophone":0,"infinitespire:EvilPickle":38,"paleoftheancients:Timepiece":48,"qcfpunch:School_Backpack":6,"Bronze Scales":25,"halation:Jellyphish":52,"halation:PenCase":16,"Onion Ring":6,"Molten Egg 2":22,"Simple Rune":36,"CosmicIsotope":4,"Black Star":29,"Nloth\u0027s Gift":33,"Grinning Jar":33,"Carrot":18,"SnailShell":50,"Singing Bowl":41,"Blue Doll":37,"Juzu Bracelet":31,"Incense Burner":40,"qcfpunch:Crimson_Sash":8,"conspire:TopHat":41,"hubris:Icosahedron":3,"trackpad:FieryHotPepper":43,"Mummified Hand":52,"Gambling Chip":4,"qcfpunch:Necklace_of_Skulls":52,"Chemical X":0,"Replay:Antivirus Software":7,"Cracked Core":0,"NeowsBlessing":19,"Golden Idol":3,"Circlet":0,"aspiration:HummingbirdHeart":23,"infinitespire:Lucky Rock":32,"hubris:Towel":5,"Peace Pipe":12,"Cauldron":52,"DataDisk":31,"qcfpunch:Fighting_Gloves":4,"Orrery":39,"halation:PinkSoulGem":5,"Toy Ornithopter":46,"infinitespire:Freezer":32,"hubris:NiceRug":52},{"hubris:BallOfYels":51,"trackpad:Mousetrap":188,"trackpad:IceCube":142,"Spirit Poop":197,"halation:Komachan":8,"Runic Capacitor":212,"vexMod:TanglingVine":158,"Sozu":132,"Centennial Puzzle":169,"infinitespire:SolderingIron":228,"halation:PrussianBluePaint":228,"MealTicket":159,"Iron Hammer":91,"qcfpunch:Handcuffs":145,"paleoftheancients:SoulOfTheWatcher":212,"hubris:MobiusCoin":91,"conspire:TreasureMap":31,"paleoftheancients:KeyRelic":197,"hubris:SoftwareUpdate":228,"hubris:SphereOfDissonance":177,"Ring of Chaos":8,"infinitespire:Magic Flask":142,"hubris:Zylophone":0,"infinitespire:EvilPickle":158,"paleoftheancients:Timepiece":197,"qcfpunch:School_Backpack":14,"Bronze Scales":99,"halation:Jellyphish":228,"halation:PenCase":61,"Onion Ring":14,"Molten Egg 2":76,"Simple Rune":145,"CosmicIsotope":8,"Black Star":124,"Nloth\u0027s Gift":142,"Grinning Jar":142,"Carrot":67,"SnailShell":212,"Singing Bowl":169,"Blue Doll":148,"Juzu Bracelet":132,"Incense Burner":162,"qcfpunch:Crimson_Sash":20,"conspire:TopHat":169,"hubris:Icosahedron":6,"trackpad:FieryHotPepper":177,"Mummified Hand":228,"Gambling Chip":8,"qcfpunch:Necklace_of_Skulls":228,"Chemical X":0,"Replay:Antivirus Software":15,"Cracked Core":0,"NeowsBlessing":73,"Golden Idol":6,"Circlet":0,"aspiration:HummingbirdHeart":86,"infinitespire:Lucky Rock":137,"hubris:Towel":10,"Peace Pipe":31,"Cauldron":228,"DataDisk":132,"qcfpunch:Fighting_Gloves":8,"Orrery":159,"halation:PinkSoulGem":10,"Toy Ornithopter":188,"infinitespire:Freezer":137,"hubris:NiceRug":228}],"Toy Ornithopter":5},"card_choices":[{"not_picked":["ReplayTheSpireMod:Reroute Power","RefreshScreen","Consume"],"picked":"SKIP","floor":1.0},{"not_picked":["Rebound","Conserve Battery"],"picked":"Skim","floor":3.0},{"not_picked":["Stack","Panic Button"],"picked":"Auto Shields","floor":4.0},{"not_picked":["ReplayTheSpireMod:GoodbyeWorld","ReplayTheSpireMod:Dual Polarity"],"picked":"Compile Driver+1","floor":6.0},{"not_picked":["Panic Button","DiskWipe"],"picked":"Fission","floor":8.0},{"not_picked":["Redo","hubris:SpecializedCircuitry"],"picked":"Go for the Eyes+1","floor":11.0},{"not_picked":["Gash+1","Leap"],"picked":"Sweeping Beam+1","floor":12.0},{"not_picked":["Streamline+1","Go for the Eyes+1"],"picked":"Crystallizer","floor":13.0},{"not_picked":["Gash+1","Panic Button"],"picked":"Ball Lightning+1","floor":14.0},{"not_picked":["Buffer","Reboot"],"picked":"Biased Cognition","floor":16.0},{"not_picked":["Coolheaded","Static Discharge","Stack"],"picked":"SKIP","floor":18.0},{"not_picked":["Capacitor","ReplayTheSpireMod:Reroute Power+1"],"picked":"Cold Snap+1","floor":19.0},{"not_picked":["Steam","Barrage+1"],"picked":"Crystallizer","floor":23.0},{"not_picked":["Panic Button","Blizzard+1"],"picked":"Static Discharge","floor":25.0},{"not_picked":["Panic Button","Hologram","Aggregate"],"picked":"SKIP","floor":28.0},{"not_picked":["Loop","Streamline+1"],"picked":"Echo Form","floor":29.0},{"not_picked":["Blizzard+1","Gash+1"],"picked":"Double Energy","floor":30.0},{"not_picked":["Self Repair","Panic Button"],"picked":"FTL+1","floor":31.0},{"not_picked":["ReplayTheSpireMod:Omega Cannon+1","Hyperbeam+1"],"picked":"Electrodynamics","floor":33.0},{"not_picked":["Compile Driver+1","Panic Button"],"picked":"Sweeping Beam+1","floor":35.0},{"not_picked":["Darkness","Compile Driver+1"],"picked":"Capacitor","floor":38.0},{"not_picked":["ReplaySolidLightProjector","ReplaySort"],"picked":"Defragment","floor":39.0},{"not_picked":["Chill","Force Field"],"picked":"Sweeping Beam+1","floor":40.0},{"not_picked":["Barrage+1","Reinforced Body"],"picked":"Cold Snap+1","floor":44.0},{"not_picked":["Consume","BasicCrystalCard+1"],"picked":"Creative AI","floor":45.0},{"not_picked":["Biased Cognition","Redo"],"picked":"Core Surge+1","floor":46.0},{"not_picked":["Hologram","Steam","Beam Cell+1"],"picked":"Singing Bowl","floor":47.0},{"not_picked":["Rip and Tear+1","Hologram","Rainbow"],"picked":"Singing Bowl","floor":48.0},{"not_picked":["Panic Button","hubris:DoWhile","Redo"],"picked":"Singing Bowl","floor":52.0},{"not_picked":["Leap+1","Redo","All For One+1"],"picked":"Singing Bowl","floor":53.0},{"not_picked":["Conserve Battery+1","Redo"],"picked":"ReplayTheSpireMod:Dual Polarity+1","floor":57.0},{"not_picked":["Blizzard+1"],"picked":"Singing Bowl","floor":59},{"not_picked":["Compile Driver+1"],"picked":"Singing Bowl","floor":59},{"not_picked":["BootSequence+1"],"picked":"Singing Bowl","floor":59},{"not_picked":["Panic Button"],"picked":"Singing Bowl","floor":59},{"not_picked":["RefreshScreen"],"picked":"Singing Bowl","floor":59},{"not_picked":["Survey Options"],"picked":"Singing Bowl","floor":59},{"not_picked":["HandOfGreed+1"],"picked":"Singing Bowl","floor":59}],"player_experience":848189,"relics_obtained":[{"floor":6.0,"key":"aspiration:HummingbirdHeart"},{"floor":8.0,"key":"Iron Hammer"},{"floor":9.0,"key":"hubris:MobiusCoin"},{"floor":11.0,"key":"Bronze Scales"},{"floor":23.0,"key":"infinitespire:Freezer"},{"floor":23.0,"key":"infinitespire:Lucky Rock"},{"floor":25.0,"key":"infinitespire:Magic Flask"},{"floor":25.0,"key":"Grinning Jar"},{"floor":26.0,"key":"trackpad:IceCube"},{"floor":30.0,"key":"qcfpunch:Handcuffs"},{"floor":30.0,"key":"Simple Rune"},{"floor":31.0,"key":"Blue Doll"},{"floor":37.0,"key":"MealTicket"},{"floor":39.0,"key":"Incense Burner"},{"floor":40.0,"key":"conspire:TopHat"},{"floor":40.0,"key":"Singing Bowl"},{"floor":43.0,"key":"Centennial Puzzle"},{"floor":45.0,"key":"trackpad:FieryHotPepper"},{"floor":45.0,"key":"hubris:SphereOfDissonance"},{"floor":48.0,"key":"Toy Ornithopter"},{"floor":48.0,"key":"trackpad:Mousetrap"},{"floor":53.0,"key":"paleoftheancients:SoulOfTheWatcher"},{"floor":59,"key":"qcfpunch:Necklace_of_Skulls"},{"floor":59,"key":"infinitespire:SolderingIron"},{"floor":59,"key":"halation:Jellyphish"},{"floor":59,"key":"Mummified Hand"},{"floor":59,"key":"halation:PrussianBluePaint"},{"floor":59,"key":"Cauldron"}],"event_choices":[{"damage_healed":0.0,"max_hp_gain":0.0,"max_hp_loss":0.0,"gold_gain":0.0,"event_name":"The Woman in Blue","player_choice":"Bought 0 Potions","floor":2.0,"gold_loss":0.0,"damage_taken":0.0},{"cards_removed":["hubris:Fate"],"damage_healed":0.0,"max_hp_gain":0.0,"max_hp_loss":0.0,"gold_gain":0.0,"event_name":"betterNote:BetterNote","player_choice":"Take \u0026 Give","floor":21.0,"gold_loss":0.0,"damage_taken":0.0,"cards_obtained":["hubris:Fate"]},{"damage_healed":0.0,"max_hp_gain":0.0,"max_hp_loss":0.0,"gold_gain":0.0,"event_name":"N\u0027loth","player_choice":"Traded Relic","floor":27.0,"relics_lost":["Bronze Scales"],"gold_loss":0.0,"damage_taken":0.0,"relics_obtained":["Nloth\u0027s Gift"]},{"damage_healed":8.0,"max_hp_gain":0.0,"max_hp_loss":0.0,"gold_gain":0.0,"event_name":"Wheel of Change","player_choice":"Full Heal","floor":36.0,"gold_loss":0.0,"damage_taken":0.0},{"damage_healed":0.0,"max_hp_gain":0.0,"max_hp_loss":0.0,"gold_gain":0.0,"event_name":"Mysterious Sphere","player_choice":"Fight","floor":39.0,"gold_loss":0.0,"damage_taken":0.0},{"damage_healed":0.0,"max_hp_gain":0.0,"max_hp_loss":0.0,"gold_gain":0.0,"event_name":"Winding Halls","player_choice":"Embrace Madness","floor":42.0,"gold_loss":0.0,"damage_taken":13.0,"cards_obtained":["Madness","Madness"]},{"damage_healed":0.0,"max_hp_gain":0.0,"max_hp_loss":0.0,"gold_gain":50.0,"event_name":"Golden Shrine","player_choice":"Pray","floor":54.0,"gold_loss":0.0,"damage_taken":0.0}],"is_beta":false,"boss_relics":[{"not_picked":["Replay:Fungal Core","halation:ForbiddenBikini"],"picked":"Black Star"},{"not_picked":["Runic Pyramid","vexMod:BigBerry"],"picked":"vexMod:TanglingVine"}],"items_purged_floors":[22,38,38,55],"is_endless":false,"potions_floor_spawned":[4,8,12,16,23,29,33,44,47,52],"ascension_level":20}}