{"host":"6qo42zgaknezulyg","time":1609391279,"event":{"mods":["2.2 Compatiblity","BaseMod","Colored Map","Highlight Path","Keyboard Shortcuts","Minty Spire (QoL Compilation)","Permanent Neow","Quick Restart","StSLib","SuperFastMode","The Runesmith"],"gold_per_floor":[115,128,142,67,87,112,112,140,140,140,153,188,188,203,203,302,302,321,336,352,103,119,119,136,136,162,189,189,200,200,227,227,323,323,335,347,347,347,358,358,89,123,123,123,140,140,150,176,176,176],"floor_reached":51,"playtime":2362,"items_purged":["Runesmith:Strike_RS","Runesmith:Strike_RS","Runesmith:Strike_RS"],"score":1310,"play_id":"2f27cd49-1736-49ec-9617-719afb0f42c5","local_time":"20201231140759","is_ascension_mode":true,"campfire_choices":[{"data":"Runesmith:MetallurgicalResearch","floor":7.0,"key":"SMITH"},{"data":"Runesmith:ChargedHammer","floor":10.0,"key":"SMITH"},{"data":"Runesmith:CraftObretio","floor":15.0,"key":"SMITH"},{"floor":23.0,"key":"REST"},{"floor":28.0,"key":"REST"},{"data":"Runesmith:GrandSlam","floor":30.0,"key":"SMITH"},{"floor":32.0,"key":"REST"},{"data":"Runesmith:UnlimitedPower","floor":40,"key":"SMITH"},{"floor":44,"key":"REST"},{"floor":46,"key":"REST"},{"floor":49,"key":"REST"}],"circlet_count":0,"master_deck":["Runesmith:Defend_RS","Runesmith:Defend_RS","Runesmith:Defend_RS","Runesmith:Defend_RS","Runesmith:CraftFirestone","Runesmith:Fortify","Runesmith:MetallurgicalResearch+1","Runesmith:Augment","Runesmith:CraftMagma","Runesmith:UnstableHammer","Runesmith:Firewall","Runesmith:ChargedHammer+1","Runesmith:CraftObretio+1","Runesmith:GrandSlam+1","Runesmith:HeatedChisel+1","Runesmith:EnergizedChisel+1","Runesmith:RunicBlueprint+1","Runesmith:UnlimitedPower+1","Runesmith:Permafrost","Runesmith:CraftVitae+1","Runesmith:Augment+1"],"relics":["Runesmith:BrokenRuby","StoneCalendar","Question Card","Blue Candle","Letter Opener","Black Star","Happy Flower","Runesmith:EmergencyProvisions","Regal Pillow","Blood Vial","Runesmith:AutoHammer","Darkstone Periapt","Sozu","Art of War","Omamori","FossilizedHelix","Orichalcum","Oddly Smooth Stone","Ornamental Fan"],"acts_visited":["Exordium","TheCity","TheBeyond"],"potions_floor_usage":[39,45],"damage_taken":[{"damage":7.0,"enemies":"Small Slimes","floor":1.0,"turns":4.0},{"damage":0.0,"enemies":"2 Louse","floor":2.0,"turns":2.0},{"damage":0.0,"enemies":"Cultist","floor":3.0,"turns":4.0},{"damage":7.0,"enemies":"Blue Slaver","floor":5.0,"turns":4.0},{"damage":6.0,"enemies":"Lagavulin","floor":6.0,"turns":7.0},{"damage":6.0,"enemies":"Gremlin Nob","floor":8.0,"turns":4.0},{"damage":5.0,"enemies":"Looter","floor":11.0,"turns":3.0},{"damage":0.0,"enemies":"Lagavulin","floor":12.0,"turns":6.0},{"damage":2.0,"enemies":"2 Fungi Beasts","floor":14.0,"turns":3.0},{"damage":0.0,"enemies":"Slime Boss","floor":16.0,"turns":7.0},{"damage":7.0,"enemies":"Spheric Guardian","floor":18.0,"turns":5.0},{"damage":16.0,"enemies":"Shell Parasite","floor":19.0,"turns":5.0},{"damage":10.0,"enemies":"Snake Plant","floor":20.0,"turns":4.0},{"damage":18.0,"enemies":"Centurion and Healer","floor":22.0,"turns":4.0},{"damage":5.0,"enemies":"Shelled Parasite and Fungi","floor":24.0,"turns":6.0},{"damage":0.0,"enemies":"Book of Stabbing","floor":27.0,"turns":4.0},{"damage":14.0,"enemies":"Snecko","floor":29.0,"turns":6.0},{"damage":37.0,"enemies":"Gremlin Leader","floor":31.0,"turns":6.0},{"damage":0.0,"enemies":"Collector","floor":33.0,"turns":8.0},{"damage":0.0,"enemies":"3 Shapes","floor":35.0,"turns":6.0},{"damage":1.0,"enemies":"Orb Walker","floor":36.0,"turns":3.0},{"damage":2,"enemies":"Sphere and 2 Shapes","floor":39,"turns":5},{"damage":51,"enemies":"Nemesis","floor":42,"turns":9},{"damage":10,"enemies":"3 Darklings","floor":45,"turns":5},{"damage":13,"enemies":"4 Shapes","floor":47,"turns":7},{"damage":47,"enemies":"Reptomancer","floor":48,"turns":7},{"damage":8,"enemies":"Time Eater","floor":50,"turns":14}],"seed_played":"-7092877876044527871","potions_obtained":[{"floor":1.0,"key":"SkillPotion"},{"floor":5.0,"key":"GamblersBrew"},{"floor":6.0,"key":"SkillPotion"},{"floor":11.0,"key":"Swift Potion"},{"floor":16.0,"key":"PowerPotion"},{"floor":24.0,"key":"ColorlessPotion"},{"floor":31.0,"key":"SpeedPotion"},{"floor":33.0,"key":"Swift Potion"}],"is_trial":false,"path_per_floor":["M","M","M","$","M","E","R","E","T","R","M","E","?","M","R","B",null,"M","M","M","$","M","R","M","?","T","E","R","M","R","E","R","B",null,"M","M","?","?","M","R","$","E","T","R","M","R","M","E","R","B",null],"character_chosen":"RUNESMITH_CLASS","items_purchased":["Happy Flower","Art of War"],"campfire_rested":6,"item_purchase_floors":[21,41],"current_hp_per_floor":[56,56,56,56,49,43,43,37,37,37,32,32,25,23,23,23,53,46,30,20,20,2,20,15,15,15,15,48,36,36,1,34,36,56,58,59,59,59,59,59,59,10,10,43,35,63,50,5,38,32],"gold":176,"neow_bonus":"THREE_RARE_CARDS","is_daily":false,"chose_seed":false,"campfire_upgraded":5,"win_rate":0.0,"timestamp":1609391279,"path_taken":["M","M","M","$","M","E","R","E","T","R","M","E","?","M","R","BOSS","M","M","M","$","M","R","M","?","T","E","R","M","R","E","R","BOSS","M","M","?","?","M","R","$","E","T","R","M","R","M","E","R","BOSS"],"items_purchased_type":["Relic","Relic"],"build_version":"2020-12-22","purchased_purges":3,"victory":true,"max_hp_per_floor":[63,63,63,63,63,63,63,63,63,63,63,63,63,63,63,63,63,63,63,63,63,63,63,63,63,63,63,63,63,63,63,63,63,63,63,63,63,63,63,63,63,63,63,63,63,63,63,63,63,63],"card_choices":[{"not_picked":["Runesmith:CraftPrismatica","Runesmith:FissionHammer"],"picked":"Runesmith:MetallurgicalResearch","floor":0.0},{"not_picked":["Runesmith:ShiftingStrike","Runesmith:CraftMagma"],"picked":"Runesmith:Augment","floor":1.0},{"not_picked":["Runesmith:RuneHurl","Runesmith:ShiftingStrike"],"picked":"Runesmith:CraftMagma","floor":2.0},{"not_picked":["Runesmith:CraftProtectio","Runesmith:PoweredAnvil"],"picked":"Runesmith:UnstableHammer","floor":3.0},{"not_picked":["Runesmith:EarthShield","Runesmith:Reinforce"],"picked":"Runesmith:Firewall","floor":5.0},{"not_picked":["Runesmith:EarthShield","Runesmith:EnergizedChisel","Runesmith:Electrocute"],"picked":"SKIP","floor":6.0},{"not_picked":["Runesmith:RuneHurl","Runesmith:Permafrost"],"picked":"Runesmith:ChargedHammer","floor":8.0},{"not_picked":["Runesmith:MakeshiftArmor","Runesmith:ChiselStab","Runesmith:CraftSpiculum","Runesmith:Repurpose"],"picked":"SKIP","floor":11.0},{"not_picked":["Runesmith:EnergizedChisel","Runesmith:HammerAndChisel","Runesmith:UnlimitedPower"],"picked":"Runesmith:CraftObretio","floor":12.0},{"not_picked":["Runesmith:EnergizedChisel","Runesmith:Firestorm","Runesmith:DoubleUp","Runesmith:Terraform"],"picked":"SKIP","floor":14.0},{"not_picked":["Runesmith:CraftIndustria","Runesmith:UnlimitedPower","Runesmith:CraftMedicinae"],"picked":"Runesmith:GrandSlam","floor":16.0},{"not_picked":["Runesmith:ElementalConversion","Runesmith:BackupBattery","Runesmith:StaticCage"],"picked":"Runesmith:HeatedChisel+1","floor":18.0},{"not_picked":["Runesmith:EnergizedChisel","Runesmith:EarthShield","Runesmith:CraftIncendium","Runesmith:RunicBlueprint"],"picked":"SKIP","floor":19.0},{"not_picked":["Runesmith:Overpower","Runesmith:HeatExchange","Runesmith:Grindstone","Runesmith:UnstableHammer"],"picked":"SKIP","floor":20.0},{"not_picked":["Runesmith:UnstableHammer","Runesmith:RuneHurl","Runesmith:MakeshiftArmor"],"picked":"Runesmith:EnergizedChisel+1","floor":22.0},{"not_picked":["Runesmith:ChargedHammer","Runesmith:Grindstone","Runesmith:MakeshiftArmor"],"picked":"Runesmith:RunicBlueprint+1","floor":24.0},{"not_picked":["Runesmith:RuneHurl+1","Runesmith:HammerThrow","Runesmith:ChiselStab","Runesmith:GoWithTheFlow+1"],"picked":"SKIP","floor":27.0},{"not_picked":["Runesmith:HeatExchange+1","Runesmith:EarthShield","Runesmith:ShiftingStrike"],"picked":"Runesmith:UnlimitedPower","floor":29.0},{"not_picked":["Runesmith:Overpower","Runesmith:UnstableHammer","Runesmith:ChiselStab+1"],"picked":"Runesmith:Permafrost","floor":31.0},{"not_picked":["Runesmith:Repurpose+1","Runesmith:StaticCage","Runesmith:HeatExchange","Runesmith:UnstableHammer"],"picked":"SKIP","floor":35.0},{"not_picked":["Runesmith:Duplicate","Runesmith:Overpower","Runesmith:ChiselStab+1"],"picked":"Runesmith:CraftVitae+1","floor":36.0},{"not_picked":["Runesmith:RuneHurl","Runesmith:FieryHammer+1","Runesmith:HeatExchange+1","Runesmith:CraftIncendium"],"picked":"SKIP","floor":39},{"not_picked":["Runesmith:CraftMagma","Runesmith:Attraction","Runesmith:Empowerment+1","Runesmith:LastStand"],"picked":"SKIP","floor":42},{"not_picked":["Runesmith:Overpower","Runesmith:CraftMagma+1","Runesmith:Grindstone+1"],"picked":"Runesmith:Augment+1","floor":45},{"not_picked":["Runesmith:BackupBattery","Runesmith:RuneHurl","Runesmith:StaticCage+1","Runesmith:Grindstone+1"],"picked":"SKIP","floor":47},{"not_picked":["Runesmith:PerfectChisel","Runesmith:UnstableHammer","Runesmith:HammerThrow+1","Runesmith:MakeshiftArmor+1"],"picked":"SKIP","floor":48}],"player_experience":758161,"relics_obtained":[{"floor":6.0,"key":"StoneCalendar"},{"floor":8.0,"key":"Question Card"},{"floor":9.0,"key":"Blue Candle"},{"floor":12.0,"key":"Letter Opener"},{"floor":26.0,"key":"Runesmith:EmergencyProvisions"},{"floor":27.0,"key":"Regal Pillow"},{"floor":27.0,"key":"Blood Vial"},{"floor":31.0,"key":"Runesmith:AutoHammer"},{"floor":31.0,"key":"Darkstone Periapt"},{"floor":42,"key":"Omamori"},{"floor":42,"key":"FossilizedHelix"},{"floor":43,"key":"Orichalcum"},{"floor":48,"key":"Oddly Smooth Stone"},{"floor":48,"key":"Ornamental Fan"}],"event_choices":[{"cards_removed":["Runesmith:Strike_RS"],"damage_healed":0.0,"max_hp_gain":0.0,"max_hp_loss":0.0,"gold_gain":0.0,"event_name":"Golden Wing","player_choice":"Card Removal","floor":13.0,"gold_loss":0.0,"damage_taken":7.0},{"damage_healed":0.0,"max_hp_gain":0.0,"max_hp_loss":0.0,"gold_gain":0.0,"event_name":"Cursed Tome","player_choice":"Ignored","floor":25.0,"gold_loss":0.0,"damage_taken":0.0},{"damage_healed":0.0,"max_hp_gain":0.0,"max_hp_loss":0.0,"gold_gain":0.0,"event_name":"Tomb of Lord Red Mask","player_choice":"Ignored","floor":37.0,"gold_loss":0.0,"damage_taken":0.0},{"damage_healed":0.0,"max_hp_gain":0.0,"max_hp_loss":0.0,"gold_gain":0.0,"event_name":"SensoryStone","player_choice":"Memory 1","floor":38.0,"gold_loss":0.0,"damage_taken":0.0}],"is_beta":false,"boss_relics":[{"not_picked":["Empty Cage","SacredBark"],"picked":"Black Star"},{"not_picked":["Runic Pyramid","Calling Bell"],"picked":"Sozu"}],"items_purged_floors":[4,21,41],"is_endless":false,"potions_floor_spawned":[1,5,6,11,12,16,18,24,31,33,35,39,48],"ascension_level":9}}