{"host":"m77rrhbqzv44va4v","time":1609390598,"event":{"mods":["AchievementEnabler","BaseMod","Colored Map","DeckTracker","Keyboard Shortcuts","Minty Spire (QoL Compilation)","StSLib","SuperFastMode","everything is the same but u backflip on backflip"],"gold_per_floor":[118,133,58,75,92,92,119,138,138,24,17,17,69,96,96,174,174,191,201,212,223,243,243,277,277,277,277,292,292,320,340,340,414,414,427,446,188,199,199,233,233,252,324,359,359,384,384,399,399,399],"floor_reached":51,"playtime":2332,"items_purged":["Strike_R","Strike_R"],"score":1380,"play_id":"e55f06dd-9670-4177-8c4e-ad37c6d34309","local_time":"20201231135638","is_ascension_mode":true,"campfire_choices":[{"data":"Disarm","floor":6.0,"key":"SMITH"},{"floor":12.0,"key":"REST"},{"floor":15.0,"key":"REST"},{"floor":23.0,"key":"RECALL"},{"floor":25.0,"key":"REST"},{"floor":29.0,"key":"REST"},{"floor":32.0,"key":"REST"},{"floor":41,"key":"REST"},{"floor":45,"key":"REST"},{"floor":47,"key":"REST"},{"floor":49,"key":"REST"}],"circlet_count":0,"master_deck":["AscendersBane","Strike_R","Strike_R+1","Defend_R","Defend_R","Defend_R","Defend_R","Bash+1","Feed","Disarm+1","Pommel Strike","Power Through","Shrug It Off","Offering","Dropkick+1","Fire Breathing","Uppercut+1","Reaper+1","Dropkick+1","Battle Trance","Feel No Pain","Barricade+1","Disarm","Feed+1","Corruption","Body Slam+1","Pommel Strike+1","Entrench","Juggernaut"],"relics":["Burning Blood","Question Card","Molten Egg 2","Whetstone","Magic Flower","Fusion Hammer","Pantograph","Vajra","Akabeko","SacredBark","TheAbacus","Omamori","Shuriken","Pear","Red Skull","Smiling Mask"],"acts_visited":["Exordium","TheCity","TheBeyond"],"potions_floor_usage":[38,44,48,50],"damage_taken":[{"damage":4.0,"enemies":"Small Slimes","floor":1.0,"turns":4.0},{"damage":17.0,"enemies":"Jaw Worm","floor":2.0,"turns":6.0},{"damage":3.0,"enemies":"Cultist","floor":4.0,"turns":4.0},{"damage":9.0,"enemies":"Blue Slaver","floor":5.0,"turns":5.0},{"damage":27.0,"enemies":"3 Sentries","floor":7.0,"turns":11.0},{"damage":15.0,"enemies":"Red Slaver","floor":8.0,"turns":7.0},{"damage":14.0,"enemies":"Exordium Thugs","floor":11.0,"turns":4.0},{"damage":34.0,"enemies":"Gremlin Nob","floor":14.0,"turns":4.0},{"damage":29.0,"enemies":"Slime Boss","floor":16.0,"turns":11.0},{"damage":7.0,"enemies":"3 Byrds","floor":18.0,"turns":7.0},{"damage":0.0,"enemies":"Chosen","floor":19.0,"turns":4.0},{"damage":34.0,"enemies":"Snecko","floor":20.0,"turns":8.0},{"damage":15.0,"enemies":"Snake Plant","floor":21.0,"turns":5.0},{"damage":6.0,"enemies":"Cultist and Chosen","floor":22.0,"turns":7.0},{"damage":66.0,"enemies":"Gremlin Leader","floor":24.0,"turns":8.0},{"damage":39.0,"enemies":"Sentry and Sphere","floor":28.0,"turns":6.0},{"damage":64.0,"enemies":"Slavers","floor":30.0,"turns":6.0},{"damage":19.0,"enemies":"Snecko","floor":31.0,"turns":4.0},{"damage":63.0,"enemies":"Champ","floor":33.0,"turns":13.0},{"damage":16.0,"enemies":"Orb Walker","floor":35.0,"turns":2.0},{"damage":25.0,"enemies":"3 Darklings","floor":36.0,"turns":6.0},{"damage":47,"enemies":"Writhing Mass","floor":38,"turns":6},{"damage":46,"enemies":"Giant Head","floor":40,"turns":9},{"damage":45,"enemies":"Spire Growth","floor":42,"turns":6},{"damage":47,"enemies":"Reptomancer","floor":44,"turns":6},{"damage":33,"enemies":"Jaw Worm Horde","floor":48,"turns":4},{"damage":119,"enemies":"Awakened One","floor":50,"turns":12}],"seed_played":"7673249386735119444","potions_obtained":[{"floor":1.0,"key":"Fire Potion"},{"floor":4.0,"key":"ElixirPotion"},{"floor":11.0,"key":"Ancient Potion"},{"floor":14.0,"key":"SneckoOil"},{"floor":18.0,"key":"Dexterity Potion"},{"floor":21.0,"key":"FearPotion"},{"floor":24.0,"key":"SteroidPotion"},{"floor":33.0,"key":"BlessingOfTheForge"},{"floor":35.0,"key":"SkillPotion"},{"floor":38,"key":"LiquidBronze"},{"floor":44,"key":"LiquidMemories"}],"is_trial":false,"path_per_floor":["M","M","?","M","M","R","E","M","T","$","M","R","T","E","R","B",null,"M","M","M","M","M","R","E","R","T","?","M","R","E","M","R","B",null,"M","M","$","M","T","E","R","M","T","E","R","T","R","M","R","B",null],"character_chosen":"IRONCLAD","items_purchased":["Dropkick+1","TheAbacus"],"campfire_rested":9,"item_purchase_floors":[10,37],"current_hp_per_floor":[55,47,47,53,50,50,32,26,26,26,21,48,48,20,47,32,80,93,102,88,82,98,98,48,79,79,79,54,86,58,62,94,68,98,97,90,90,74,74,52,85,55,65,57,96,96,130,121,134,41],"gold":399,"neow_bonus":"THREE_RARE_CARDS","is_daily":false,"chose_seed":false,"campfire_upgraded":1,"win_rate":0.0,"timestamp":1609390598,"path_taken":["M","M","?","M","M","R","E","M","T","$","M","R","?","E","R","BOSS","M","?","M","M","M","R","E","R","T","?","M","R","E","M","R","BOSS","M","M","$","M","?","E","R","M","T","E","R","?","R","M","R","BOSS"],"items_purchased_type":["Card","Relic"],"build_version":"2020-12-22","purchased_purges":2,"victory":true,"max_hp_per_floor":[78,81,81,84,84,84,87,90,90,90,93,93,93,93,93,96,96,99,102,102,102,105,105,105,105,105,105,108,108,108,108,108,108,108,112,112,112,112,112,112,112,116,126,130,130,130,130,134,134,141],"card_choices":[{"not_picked":["Limit Break","Exhume"],"picked":"Feed","floor":0.0},{"not_picked":["Body Slam","Entrench"],"picked":"Disarm","floor":1.0},{"not_picked":["Whirlwind","Second Wind"],"picked":"Pommel Strike","floor":2.0},{"not_picked":["Havoc","Body Slam","Iron Wave"],"picked":"SKIP","floor":4.0},{"not_picked":["Twin Strike","Havoc"],"picked":"Power Through","floor":5.0},{"not_picked":["Burning Pact","Infernal Blade"],"picked":"Shrug It Off","floor":7.0},{"not_picked":["Power Through","Flex","True Grit"],"picked":"Offering","floor":8.0},{"not_picked":["Armaments","Sever Soul+1","Pommel Strike+1"],"picked":"Fire Breathing","floor":11.0},{"not_picked":["Armaments","Ghostly Armor","Rupture"],"picked":"Uppercut+1","floor":14.0},{"not_picked":["Brutality","Fiend Fire+1","Demon Form"],"picked":"Reaper+1","floor":16.0},{"not_picked":["Rupture","Flex","Heavy Blade+1"],"picked":"Dropkick+1","floor":18.0},{"not_picked":["Dark Embrace","Bloodletting","Infernal Blade"],"picked":"Battle Trance","floor":19.0},{"not_picked":["Body Slam+1","Anger+1","Havoc"],"picked":"Feel No Pain","floor":20.0},{"not_picked":["Perfected Strike+1","Twin Strike+1","Ghostly Armor","Warcry"],"picked":"SKIP","floor":21.0},{"not_picked":["True Grit","Clash+1","Anger+1","Warcry"],"picked":"SKIP","floor":22.0},{"not_picked":["True Grit","Sever Soul+1","Rampage+1"],"picked":"Barricade","floor":24.0},{"not_picked":["Combust","Heavy Blade+1","Iron Wave+1"],"picked":"Disarm","floor":28.0},{"not_picked":["Perfected Strike+1","Rupture","Shockwave"],"picked":"Feed+1","floor":30.0},{"not_picked":["Sword Boomerang+1","Havoc","Wild Strike+1","Anger+1"],"picked":"SKIP","floor":31.0},{"not_picked":["Bludgeon+1","Brutality","Fiend Fire+1"],"picked":"Corruption","floor":33.0},{"not_picked":["Pommel Strike+1","Carnage+1","Shrug It Off"],"picked":"Body Slam+1","floor":35.0},{"not_picked":["Pommel Strike+1","Perfected Strike+1","Burning Pact","Carnage+1"],"picked":"SKIP","floor":36.0},{"not_picked":["Perfected Strike+1","Burning Pact","Carnage+1"],"picked":"Pommel Strike+1","floor":36.0},{"not_picked":["Second Wind","Thunderclap+1","Inflame"],"picked":"Entrench","floor":38},{"not_picked":["Clothesline+1","Twin Strike+1","Pommel Strike+1","Disarm"],"picked":"SKIP","floor":40},{"not_picked":["Iron Wave+1","Wild Strike+1","Flex","Body Slam+1"],"picked":"SKIP","floor":42},{"not_picked":["Flex+1","True Grit","Clash+1"],"picked":"Juggernaut","floor":44},{"not_picked":["Heavy Blade+1","Wild Strike+1","Sentinel","Anger+1"],"picked":"SKIP","floor":48}],"player_experience":844666,"relics_obtained":[{"floor":7.0,"key":"Question Card"},{"floor":9.0,"key":"Molten Egg 2"},{"floor":13.0,"key":"Whetstone"},{"floor":14.0,"key":"Magic Flower"},{"floor":24.0,"key":"Pantograph"},{"floor":26.0,"key":"Vajra"},{"floor":30.0,"key":"Akabeko"},{"floor":39,"key":"Omamori"},{"floor":40,"key":"Shuriken"},{"floor":43,"key":"Pear"},{"floor":44,"key":"Red Skull"},{"floor":46,"key":"Smiling Mask"}],"event_choices":[{"cards_removed":["Strike_R"],"damage_healed":0.0,"max_hp_gain":0.0,"max_hp_loss":0.0,"gold_gain":0.0,"event_name":"The Cleric","player_choice":"Card Removal","floor":3.0,"gold_loss":75.0,"damage_taken":0.0},{"damage_healed":0.0,"max_hp_gain":0.0,"max_hp_loss":0.0,"gold_gain":0.0,"event_name":"Upgrade Shrine","player_choice":"Upgraded","floor":27.0,"gold_loss":0.0,"damage_taken":0.0,"cards_upgraded":["Barricade"]}],"is_beta":false,"boss_relics":[{"not_picked":["Astrolabe","Runic Cube"],"picked":"Fusion Hammer"},{"not_picked":["Philosopher\u0027s Stone","Pandora\u0027s Box"],"picked":"SacredBark"}],"items_purged_floors":[10,37],"is_endless":false,"potions_floor_spawned":[1,4,11,14,18,21,24,33,35,38,40,44],"ascension_level":16}}