{"host":"lhth1efayex2023z","time":1609394815,"event":{"mods":["BaseMod","Colored Map","Googly Eyes","Minty Spire (QoL Compilation)","StSLib"],"gold_per_floor":[119,119,131,149,6,6,35,35,35,64,64,93,113,128,128,199,199,212,34,100,75,87,87,99,149,175,191,191,191],"floor_reached":28,"playtime":1180,"items_purged":["Pain","Strike_R"],"score":437,"play_id":"8392fc2e-e6ac-40b4-9ed9-ba63823c1deb","local_time":"20201230230655","is_ascension_mode":true,"campfire_choices":[{"data":"Double Tap","floor":6,"key":"SMITH"},{"data":"True Grit","floor":8,"key":"SMITH"},{"data":"Dark Embrace","floor":15,"key":"SMITH"},{"data":"True Grit","floor":23,"key":"SMITH"}],"circlet_count":0,"master_deck":["AscendersBane","Strike_R","Strike_R","Strike_R","Defend_R","Defend_R","Defend_R","Defend_R","Bash","True Grit+1","Sentinel","Double Tap+1","Rage","Iron Wave","Feel No Pain","Dark Embrace+1","Body Slam","Juggernaut","Body Slam","Sentinel","True Grit+1","Power Through"],"relics":["Burning Blood","Pen Nib","WarpedTongs","Smiling Mask","Kunai","SsserpentHead","Charon\u0027s Ashes","Runic Pyramid","Bronze Scales"],"acts_visited":["Exordium","TheCity"],"potions_floor_usage":[10,12,13,16,24,24],"damage_taken":[{"damage":7,"enemies":"2 Louse","floor":1,"turns":3},{"damage":2,"enemies":"Cultist","floor":3,"turns":3},{"damage":12,"enemies":"Small Slimes","floor":4,"turns":4},{"damage":0,"enemies":"Lagavulin","floor":7,"turns":7},{"damage":8,"enemies":"3 Sentries","floor":10,"turns":11},{"damage":20,"enemies":"Gremlin Nob","floor":12,"turns":4},{"damage":4,"enemies":"Exordium Wildlife","floor":13,"turns":4},{"damage":24,"enemies":"3 Louse","floor":14,"turns":5},{"damage":20,"enemies":"The Guardian","floor":16,"turns":9},{"damage":7,"enemies":"Chosen","floor":18,"turns":4},{"damage":9,"enemies":"Shell Parasite","floor":20,"turns":3},{"damage":7,"enemies":"Snecko","floor":22,"turns":5},{"damage":30,"enemies":"Shelled Parasite and Fungi","floor":24,"turns":6},{"damage":9,"enemies":"Centurion and Healer","floor":27,"turns":6},{"damage":22,"enemies":"Slavers","floor":28,"turns":2}],"seed_played":"-7328083321433730280","potions_obtained":[{"floor":4,"key":"LiquidMemories"},{"floor":7,"key":"LiquidBronze"},{"floor":10,"key":"Swift Potion"},{"floor":12,"key":"PowerPotion"},{"floor":14,"key":"SteroidPotion"},{"floor":18,"key":"Ancient Potion"},{"floor":20,"key":"LiquidMemories"},{"floor":22,"key":"Regen Potion"}],"is_trial":false,"path_per_floor":["M","?","M","M","$","R","E","R","T","E","?","E","M","M","R","B",null,"M","$","M","?","M","R","M","?","T","M","E"],"character_chosen":"IRONCLAD","items_purchased":["Rage","Sentinel","True Grit"],"campfire_rested":0,"item_purchase_floors":[5,19,19],"current_hp_per_floor":[71,71,75,69,69,69,75,75,75,73,73,59,61,43,43,29,67,66,66,63,63,62,62,53,38,38,35,13,13],"gold":191,"neow_bonus":"RANDOM_COMMON_RELIC","is_daily":false,"chose_seed":false,"campfire_upgraded":4,"win_rate":0.0,"timestamp":1609394815,"path_taken":["M","?","M","?","$","R","E","R","T","E","?","E","M","M","R","BOSS","M","$","?","?","M","R","M","?","T","M","E"],"items_purchased_type":["Card","Card","Card"],"build_version":"2020-12-22","purchased_purges":2,"victory":false,"max_hp_per_floor":[80,80,80,80,80,80,80,80,80,80,80,80,80,80,80,80,80,80,80,80,80,80,80,80,85,85,85,85,85],"card_choices":[{"not_picked":["Hemokinesis","Cleave"],"picked":"True Grit","floor":1},{"not_picked":["Sword Boomerang","Flex"],"picked":"Sentinel","floor":3},{"not_picked":["Body Slam","Perfected Strike"],"picked":"Double Tap","floor":4},{"not_picked":["Carnage","Disarm"],"picked":"Iron Wave","floor":7},{"not_picked":["Flex","Fiend Fire"],"picked":"Feel No Pain","floor":10},{"not_picked":["Clothesline","Perfected Strike","Blood for Blood"],"picked":"SKIP","floor":12},{"not_picked":["Dual Wield","Seeing Red"],"picked":"Dark Embrace","floor":13},{"not_picked":["Havoc","Thunderclap"],"picked":"Body Slam","floor":14},{"not_picked":["Exhume","Offering"],"picked":"Juggernaut","floor":16},{"not_picked":["Havoc","Hemokinesis"],"picked":"Body Slam","floor":18},{"not_picked":["Shockwave","Sentinel"],"picked":"Power Through","floor":20},{"not_picked":["Sword Boomerang","Pommel Strike","Whirlwind"],"picked":"SKIP","floor":22},{"not_picked":["Combust","Headbutt+1","Anger"],"picked":"SKIP","floor":24},{"not_picked":["Anger","Flame Barrier","Havoc+1"],"picked":"SKIP","floor":27}],"player_experience":432446,"relics_obtained":[{"floor":7,"key":"Smiling Mask"},{"floor":10,"key":"Kunai"},{"floor":12,"key":"Charon\u0027s Ashes"},{"floor":26,"key":"Bronze Scales"}],"event_choices":[{"damage_healed":0,"gold_gain":0,"player_choice":"Rummage","damage_taken":0,"relics_obtained":["WarpedTongs"],"max_hp_gain":0,"max_hp_loss":0,"event_name":"Accursed Blacksmith","floor":2,"gold_loss":0,"cards_obtained":["Pain"]},{"damage_healed":0,"gold_gain":0,"player_choice":"Trade","damage_taken":0,"relics_obtained":["SsserpentHead"],"max_hp_gain":0,"max_hp_loss":0,"event_name":"FaceTrader","floor":11,"gold_loss":0},{"cards_removed":["Strike_R"],"damage_healed":0,"gold_gain":0,"player_choice":"Gave Gold","damage_taken":0,"max_hp_gain":0,"max_hp_loss":0,"event_name":"Beggar","floor":21,"gold_loss":75},{"damage_healed":0,"gold_gain":0,"player_choice":"Shed Blood","damage_taken":20,"max_hp_gain":5,"max_hp_loss":0,"event_name":"Forgotten Altar","floor":25,"gold_loss":0}],"is_beta":false,"boss_relics":[{"not_picked":["Empty Cage","Fusion Hammer"],"picked":"Runic Pyramid"}],"items_purged_floors":[5,19],"is_endless":false,"potions_floor_spawned":[4,7,10,12,14,18,20,22],"killed_by":"Slavers","ascension_level":13}}