{"host":"na09lpbrez4gbfiz","time":1609449762,"event":{"mods":["Act Like it!","BaseMod","BetterRewards","Colored Map","Colored Powertips","DeckTracker","Googly Eyes","Highlight Path","Minty Spire (QoL Compilation)","Quick Restart","Spicy Shops","StSLib","SuperFastMode","Synergy Search"],"gold_per_floor":[115,43,43,118,133,159,159,84,84,110,120,132,132,196,196,294,294,294,294],"floor_reached":18,"playtime":461,"items_purged":["Strike_R"],"score":290,"play_id":"858297f5-caf8-4847-9cb1-e461b45d2ba2","local_time":"20201231222242","is_ascension_mode":true,"campfire_choices":[{"data":"Bash","floor":7,"key":"SMITH"},{"data":"Rampage","floor":13,"key":"SMITH"},{"floor":15,"key":"REST"}],"circlet_count":0,"master_deck":["AscendersBane","Strike_R","Strike_R","Defend_R+1","Defend_R","Defend_R+1","Bash+1","Rampage+1","Shrug It Off"],"relics":["Burning Blood","NeowsBlessing","War Paint","Pen Nib","Frozen Egg 2","Magic Flower","Smiling Mask","Empty Cage"],"acts_visited":["Exordium","TheCity"],"potions_floor_usage":[5,10,14],"damage_taken":[{"damage":0,"enemies":"Small Slimes","floor":1,"turns":1},{"damage":0,"enemies":"Jaw Worm","floor":5,"turns":1},{"damage":0,"enemies":"Gremlin Nob","floor":6,"turns":1},{"damage":37,"enemies":"Lagavulin","floor":10,"turns":7},{"damage":0,"enemies":"Cultist","floor":11,"turns":3},{"damage":5,"enemies":"Blue Slaver","floor":12,"turns":3},{"damage":41,"enemies":"Lagavulin Event","floor":14,"turns":7},{"damage":53,"enemies":"Slime Boss","floor":16,"turns":12},{"damage":69,"enemies":"3 Byrds","floor":18,"turns":5}],"seed_played":"-6014183752893168036","potions_obtained":[{"floor":5,"key":"Fruit Juice"},{"floor":6,"key":"SteroidPotion"},{"floor":12,"key":"BlessingOfTheForge"}],"is_trial":false,"path_per_floor":["M","$","?","?","M","E","R","$","T","E","M","M","R","?","R","B",null,"M"],"character_chosen":"IRONCLAD","items_purchased":["War Paint"],"campfire_rested":1,"item_purchase_floors":[2],"current_hp_per_floor":[78,78,78,67,78,84,84,84,84,53,62,66,66,34,59,15,68,0,0],"gold":294,"neow_bonus":"THREE_ENEMY_KILL","is_daily":false,"chose_seed":false,"campfire_upgraded":2,"win_rate":0.0,"timestamp":1609449762,"path_taken":["M","$","?","?","M","E","R","?","T","E","?","M","R","?","R","BOSS","M"],"items_purchased_type":["Relic"],"build_version":"2020-12-22","purchased_purges":1,"victory":false,"max_hp_per_floor":[80,80,80,80,85,85,85,85,85,85,85,85,85,85,85,85,85,85,85],"card_choices":[{"not_picked":["Headbutt","Iron Wave","Pommel Strike"],"picked":"SKIP","floor":1},{"not_picked":["Headbutt","Havoc","Anger"],"picked":"SKIP","floor":5},{"not_picked":["Pommel Strike","Twin Strike","Heavy Blade"],"picked":"SKIP","floor":6},{"not_picked":["Brutality+1","Rupture+1"],"picked":"Rampage","floor":10},{"not_picked":["Iron Wave","Clash","Headbutt"],"picked":"SKIP","floor":11},{"not_picked":["Whirlwind","Armaments"],"picked":"Shrug It Off","floor":12}],"player_experience":247415,"relics_obtained":[{"floor":6,"key":"Pen Nib"},{"floor":9,"key":"Frozen Egg 2"},{"floor":10,"key":"Magic Flower"},{"floor":14,"key":"Smiling Mask"}],"event_choices":[{"cards_removed":["Strike_R"],"damage_healed":0,"gold_gain":0,"player_choice":"Forget","damage_taken":0,"max_hp_gain":0,"max_hp_loss":0,"event_name":"Living Wall","floor":3,"gold_loss":0},{"damage_healed":0,"gold_gain":75,"player_choice":"Gather Gold","damage_taken":11,"max_hp_gain":0,"max_hp_loss":0,"event_name":"World of Goop","floor":4,"gold_loss":0},{"damage_healed":0,"gold_gain":30,"player_choice":"Searched \u00272\u0027 times","damage_taken":0,"max_hp_gain":0,"max_hp_loss":0,"event_name":"Dead Adventurer","floor":14,"gold_loss":0}],"is_beta":false,"boss_relics":[{"not_picked":["Cursed Key","Coffee Dripper"],"picked":"Empty Cage"}],"items_purged_floors":[8],"is_endless":false,"potions_floor_spawned":[5,6,12],"killed_by":"3 Byrds","ascension_level":10}}