{"host":"rmsq46plbpwfbxcc","time":1609384163,"event":{"mods":["AchievementEnabler","BaseMod","Colored Map","Colored Powertips","DeckTracker","KOR Keyword Fix","Minty Spire (QoL Compilation)","Permanent Neow","SuperFastMode"],"gold_per_floor":[109,129,148,148,173,173,217,217,243,277,108,128,128,149,149,248,248,264,289,26,39,39,39,52,52,52],"floor_reached":25,"playtime":633,"items_purged":["Injury","Defend_G"],"score":419,"play_id":"f37179ad-7daa-4629-83f3-14ea9db6b5ff","local_time":"20201231120923","is_ascension_mode":true,"campfire_choices":[{"data":"Neutralize","floor":6.0,"key":"SMITH"},{"data":"Accuracy","floor":8.0,"key":"SMITH"},{"data":"Bandage Up","floor":15.0,"key":"SMITH"},{"floor":23,"key":"REST"}],"circlet_count":0,"master_deck":["AscendersBane","Strike_G","Strike_G","Defend_G","Defend_G","Defend_G","Survivor","Neutralize+1","Dagger Spray+1","Cloak And Dagger+1","All Out Attack+1","Accuracy+1","Backflip","Bandage Up+1","Accuracy","Bullet Time","PiercingWail","Footwork"],"relics":["Astrolabe","Golden Idol","Akabeko","Orichalcum","Regal Pillow","Cursed Key","Pen Nib"],"acts_visited":["Exordium","TheCity"],"potions_floor_usage":[18,21,24],"damage_taken":[{"damage":1.0,"enemies":"Jaw Worm","floor":1.0,"turns":3.0},{"damage":0.0,"enemies":"2 Louse","floor":2.0,"turns":2.0},{"damage":0.0,"enemies":"Cultist","floor":3.0,"turns":3.0},{"damage":2.0,"enemies":"Exordium Thugs","floor":5.0,"turns":3.0},{"damage":21.0,"enemies":"Lagavulin","floor":7.0,"turns":9.0},{"damage":15.0,"enemies":"Gremlin Nob","floor":10.0,"turns":4.0},{"damage":5.0,"enemies":"Looter","floor":12.0,"turns":3.0},{"damage":0.0,"enemies":"3 Louse","floor":14.0,"turns":3.0},{"damage":28.0,"enemies":"Slime Boss","floor":16.0,"turns":9.0},{"damage":12,"enemies":"Chosen","floor":18,"turns":5},{"damage":34,"enemies":"Spheric Guardian","floor":19,"turns":6},{"damage":25,"enemies":"Shelled Parasite and Fungi","floor":21,"turns":4},{"damage":22,"enemies":"Sentry and Sphere","floor":24,"turns":4},{"damage":34,"enemies":"Slavers","floor":25,"turns":3}],"seed_played":"8901249509875687980","potions_obtained":[{"floor":2.0,"key":"Weak Potion"},{"floor":3.0,"key":"SpeedPotion"},{"floor":12.0,"key":"Ancient Potion"},{"floor":16.0,"key":"Regen Potion"},{"floor":19,"key":"SpeedPotion"},{"floor":21,"key":"Swift Potion"}],"is_trial":false,"path_per_floor":["M","M","M","?","M","R","E","R","T","E","$","M","?","M","R","B",null,"M","M","$","M","?","R","M","E"],"character_chosen":"THE_SILENT","items_purchased":["Bandage Up","Pen Nib"],"campfire_rested":1,"item_purchase_floors":[11,20],"current_hp_per_floor":[58,58,58,58,56,56,35,35,35,20,20,19,19,23,23,1,50,44,16,16,9,9,43,27,0,0],"gold":52,"neow_bonus":"BOSS_RELIC","is_daily":false,"chose_seed":false,"campfire_upgraded":3,"win_rate":0.0,"timestamp":1609384163,"path_taken":["M","M","M","?","M","R","E","R","T","E","$","M","?","M","R","BOSS","M","M","$","M","?","R","?","E"],"items_purchased_type":["Card","Relic"],"build_version":"2020-12-22","purchased_purges":2,"victory":false,"max_hp_per_floor":[66,66,66,66,66,66,66,66,66,66,66,66,66,66,66,66,66,66,66,66,66,66,66,66,66,66],"card_choices":[{"not_picked":["Slice","Riddle With Holes","Caltrops"],"picked":"SKIP","floor":1.0},{"not_picked":["Sucker Punch","Bane","Flying Knee"],"picked":"SKIP","floor":2.0},{"not_picked":["Dagger Throw","Poisoned Stab"],"picked":"Accuracy","floor":3.0},{"not_picked":["Deadly Poison","Bane","Dagger Throw"],"picked":"SKIP","floor":5.0},{"not_picked":["All Out Attack","Dagger Throw","Bouncing Flask"],"picked":"SKIP","floor":7.0},{"not_picked":["Deflect","Predator"],"picked":"Backflip","floor":10.0},{"not_picked":["Outmaneuver","PiercingWail"],"picked":"Accuracy","floor":12.0},{"not_picked":["Backflip","Poisoned Stab","Eviscerate"],"picked":"SKIP","floor":14.0},{"not_picked":["Storm of Steel","Phantasmal Killer"],"picked":"Bullet Time","floor":16.0},{"not_picked":["Concentrate","Dodge and Roll","Flying Knee"],"picked":"SKIP","floor":18},{"not_picked":["Bane","Backflip"],"picked":"PiercingWail","floor":19},{"not_picked":["Prepared+1","Caltrops","Deflect"],"picked":"SKIP","floor":21},{"not_picked":["Flying Knee","Escape Plan"],"picked":"Footwork","floor":24}],"player_experience":1413583,"relics_obtained":[{"floor":7.0,"key":"Akabeko"},{"floor":9.0,"key":"Orichalcum"},{"floor":10.0,"key":"Regal Pillow"}],"event_choices":[{"damage_healed":0.0,"max_hp_gain":0.0,"max_hp_loss":0.0,"gold_gain":0.0,"event_name":"Golden Idol","player_choice":"Take Wound","floor":4.0,"gold_loss":0.0,"damage_taken":0.0,"relics_obtained":["Golden Idol"],"cards_obtained":["Injury"]},{"damage_healed":0.0,"max_hp_gain":0.0,"max_hp_loss":0.0,"gold_gain":0.0,"event_name":"Shining Light","player_choice":"Ignored","floor":13.0,"gold_loss":0.0,"damage_taken":0.0},{"cards_removed":["Strike_G"],"damage_healed":0,"gold_gain":0,"player_choice":"Offered Basic","damage_taken":0,"max_hp_gain":0,"max_hp_loss":0,"event_name":"Bonfire Elementals","floor":22,"gold_loss":0}],"is_beta":false,"boss_relics":[{"not_picked":["Runic Pyramid","SlaversCollar"],"picked":"Cursed Key"}],"items_purged_floors":[11,20],"is_endless":false,"potions_floor_spawned":[2,3,12,16,19,21],"killed_by":"Slavers","ascension_level":19}}