{"host":"29lahdx3vn6842ib","time":1609398359,"event":{"mods":["ATMod(阿瑾Mod)","Act Like it!","Aspiration","BaseMod","Better Vampires","Conspire","Friendly Minions","Gensokyo","GungeonMod","Hallownest","HololiveMod","KinomotoSakuraMod(木之本樱)","Mari Mod (Legacy)","Mari\u0027s V1 Patch","Marisa（F雨　魔理沙）","Minty Spire (QoL Compilation)","Prisma Mod","Quarter Circle Forward PUNCH!","Quick Restart","Rare Cards Sparkle","Reimu（博丽灵梦）","Remilia（蕾米莉亚）","RumiaBox-露米娅的神秘盒子","SIMod","Shop Mod","StSLib","The Alterego","The Animator","The Bug Knight","The Marked","The Servant 0.9.4","Waifu the Spire","WarShipGirlsR/战舰少女R mod","Yohane!","Yuri Mod","【功能Mod】混沌之环修复补丁","【遗物卡牌】REMEMod","篝火指南"],"gold_per_floor":[900000,900015,900030,899361,899361,899361,899377,899412,899466,898639,898652,898667,898138,897446,897014,897111,897111,897123,897137,896180,896192,896204,896238,896256,896290,896290,896302,896302,896314,895732,895747,894750,894848,894848,894860,894860,894875,894892,894892,894296,894312,893987,894012,893952,893118,893152,893164,893178,892803,892803,892803,892564,892341,892367,892367],"floor_reached":56,"playtime":2489,"items_purged":["theMarked:Defend","theMarked:Strike","theMarked:Strike","theMarked:Strike","theMarked:Defend","theMarked:Strike","theMarked:Strike","theMarked:ChainLightning","theMarked:Defend","theMarked:SoldierOfQuellstein","theMarked:RogueSparks"],"score":1475,"play_id":"d707830f-70bd-41c4-809f-33f00357c322","local_time":"20201231150559","is_ascension_mode":false,"campfire_choices":[{"floor":6.0,"key":"RECALL"}],"circlet_count":0,"master_deck":["theMarked:EnhancedHearing+1","theMarked:EternalStudent+1","theMarked:Defy+1","theMarked:EternalStudent+1","theMarked:ParalyzingBlade","theMarked:RogueSparks+1","theMarked:BindingBlade","theMarked:EnhancedHearing","theMarked:EmpowerWeapon","theMarked:SwordAndMagic"],"relics":["theMarked:BronzeBlade","AT_ATBox","REME_ComplimentaryCards","NeowsBlessing","Medical Kit","qcfpunch:White_Boots","ClockworkSouvenir","StrikeDummy","qcfpunch:Red_Gi","Chemical X","yuri:PortableGlitches","Pocketwatch","TheAbacus","REME_HourglassOfDeath","Mango","Calipers","Shuriken","DemoMod:Antibody","RuthlessExorcism:ReiMu","DemoMod:MeatBun","Meat on the Bone","Sling","qcfpunch:Necklace_of_Skulls","conspire:SpecialSausage","FossilizedHelix","TentaclePot:ReiMu","MerchantsRug","OrangePellets","DemoMod:ClearGuonStone","Mercury Hourglass","Membership Card","TungstenRod","Hololive_LightStick","AT_EbonyIvory","aspiration:AnachronicSnailShell","aspiration:ChemicalBlood","Pen Nib"],"acts_visited":["Exordium","TheCity","TheBeyond","TheEnding"],"potions_floor_usage":[50,50,55],"damage_taken":[{"damage":0.0,"enemies":"Jaw Worm","floor":1.0,"turns":1.0},{"damage":0.0,"enemies":"Small Slimes","floor":2.0,"turns":1.0},{"damage":0.0,"enemies":"conspire:RoseBush","floor":3.0,"turns":1.0},{"damage":0.0,"enemies":"Looter","floor":7.0,"turns":2.0},{"damage":0.0,"enemies":"3 Sentries","floor":8.0,"turns":4.0},{"damage":0.0,"enemies":"Exordium Thugs","floor":11.0,"turns":2.0},{"damage":0.0,"enemies":"Red Slaver","floor":12.0,"turns":2.0},{"damage":0,"enemies":"Slime Boss","floor":16,"turns":3},{"damage":0,"enemies":"conspire:FuzzyDice","floor":18,"turns":2},{"damage":0,"enemies":"Chosen","floor":19,"turns":2},{"damage":4,"enemies":"Shelled Parasite and Fungi","floor":21,"turns":2},{"damage":6,"enemies":"Snake Plant","floor":22,"turns":2},{"damage":18,"enemies":"REME_1_Revenger","floor":23,"turns":3},{"damage":0,"enemies":"3 Cultists","floor":24,"turns":2},{"damage":22,"enemies":"Slavers","floor":25,"turns":2},{"damage":3,"enemies":"Cultist and Chosen","floor":27,"turns":2},{"damage":13,"enemies":"Snake Plant","floor":29,"turns":2},{"damage":0,"enemies":"Centurion and Healer","floor":31,"turns":2},{"damage":0,"enemies":"Champ","floor":33,"turns":3},{"damage":6,"enemies":"3 Shapes","floor":35,"turns":1},{"damage":0,"enemies":"Orb Walker","floor":37,"turns":2},{"damage":12,"enemies":"Maw","floor":38,"turns":3},{"damage":0,"enemies":"Sphere and 2 Shapes","floor":41,"turns":2},{"damage":0,"enemies":"Giant Head","floor":46,"turns":3},{"damage":0,"enemies":"Spire Growth","floor":47,"turns":2},{"damage":0,"enemies":"Transient","floor":48,"turns":4},{"damage":18,"enemies":"Donu and Deca","floor":50,"turns":3},{"damage":0,"enemies":"Shield and Spear","floor":54,"turns":2},{"damage":8,"enemies":"The Heart","floor":55,"turns":4}],"seed_played":"-2994203799394167495","potions_obtained":[{"floor":29,"key":"Strength Potion"}],"is_trial":false,"path_per_floor":["M","M","M","$","?","R","M","E","T","$","M","M","R","$","R","B",null,"M","M","$","M","M","E","M","E","T","M","?","M","R","M","R","B",null,"M","?","M","M","?","R","M","$","T","?","R","E","M","M","R","B",null,"R","$","E","B",null],"character_chosen":"THE_DEFAULT","items_purchased":["theMarked:EnhancedHearing","Medical Kit","qcfpunch:White_Boots","Fire Potion","theMarked:ChainLightning","ClockworkSouvenir","StrikeDummy","qcfpunch:Red_Gi","theMarked:Defy","Chemical X","yuri:PortableGlitches","Pocketwatch","TheAbacus","theMarked:RogueSparks","REME_HourglassOfDeath","Mango","Calipers","theMarked:BindingBlade","RuthlessExorcism:ReiMu","DemoMod:MeatBun","theMarked:SwordAndMagic","Meat on the Bone","Sling","qcfpunch:Necklace_of_Skulls","theMarked:RogueSparks","Explosive Potion","FossilizedHelix","TentaclePot:ReiMu","MerchantsRug","Fire Potion","OrangePellets","DemoMod:ClearGuonStone","Mercury Hourglass","Membership Card","TungstenRod","DemoMod:WeirdEgg","AT_EbonyIvory","aspiration:AnachronicSnailShell","aspiration:ChemicalBlood"],"campfire_rested":0,"item_purchase_floors":[4,4,4,4,4,10,10,10,10,13,13,14,14,14,15,20,20,20,30,30,30,32,32,32,32,32,40,40,40,42,45,45,45,49,49,49,52,53,53],"current_hp_per_floor":[70,70,70,70,75,75,75,75,75,75,75,75,75,75,75,75,75,75,75,89,85,79,61,61,39,39,36,28,15,43,43,43,67,89,83,83,83,71,71,71,71,71,71,71,71,71,71,71,71,53,85,85,85,85,77],"gold":892367,"neow_bonus":"THREE_ENEMY_KILL","is_daily":false,"chose_seed":false,"campfire_upgraded":0,"win_rate":0.0,"timestamp":1609398359,"path_taken":["M","M","M","$","?","R","M","E","T","$","M","M","R","$","R","BOSS","M","M","$","M","M","E","M","E","T","M","?","M","R","M","R","BOSS","M","?","M","M","?","R","M","$","T","?","R","E","M","?","R","BOSS","R","$","E","BOSS"],"items_purchased_type":["Card","Relic","Relic","Potion","Card","Relic","Relic","Relic","Card","Relic","Relic","Relic","Relic","Card","Relic","Relic","Relic","Card","Relic","Relic","Card","Relic","Relic","Relic","Card","Potion","Relic","Relic","Relic","Potion","Relic","Relic","Relic","Relic","Relic","Relic","Relic","Relic","Relic"],"build_version":"2020-12-22","purchased_purges":11,"victory":true,"max_hp_per_floor":[70,70,70,70,75,75,75,75,75,75,75,75,75,75,75,75,75,75,75,89,89,89,89,89,89,89,89,89,89,89,89,89,89,89,89,89,89,89,85,85,85,85,85,85,85,85,85,85,85,85,85,85,85,85,85],"card_choices":[{"not_picked":["theMarked:WastefulDefense","theMarked:Seal","theMarked:Static"],"picked":"SKIP","floor":1.0},{"not_picked":["theMarked:Parkour","theMarked:Improvise","theMarked:TwofoldDefense"],"picked":"SKIP","floor":2.0},{"not_picked":["theMarked:Frustration","theMarked:Aftermath","theMarked:Improvise"],"picked":"SKIP","floor":3.0},{"not_picked":["theMarked:Electrify","theMarked:HeightenedSenses","theMarked:ElectricStrings"],"picked":"SKIP","floor":7.0},{"not_picked":["theMarked:TakeCover","theMarked:ComboAttacks","theMarked:WardOff"],"picked":"SKIP","floor":8.0},{"not_picked":["theMarked:HeightenedSenses","theMarked:TwofoldDefense"],"picked":"theMarked:EternalStudent","floor":11.0},{"not_picked":["theMarked:WastefulAttack","theMarked:ChainLightning"],"picked":"theMarked:ParalyzingBlade","floor":12.0},{"not_picked":["theMarked:ElectricStrings","theMarked:Frustration+1","theMarked:Improvise+1"],"picked":"SKIP","floor":18},{"not_picked":["theMarked:RepellingDischarge","theMarked:WardOff","theMarked:RogueSparks+1"],"picked":"SKIP","floor":19},{"not_picked":["theMarked:EnhanceMovement","theMarked:ChainLightning"],"picked":"theMarked:EnhancedHearing","floor":21},{"not_picked":["theMarked:CreepingChasm","theMarked:RepellingDischarge","theMarked:Parry"],"picked":"SKIP","floor":22},{"not_picked":["theMarked:WastefulAttack","theMarked:ResourceFulStrike+1","theMarked:WastefulDefense"],"picked":"SKIP","floor":23},{"not_picked":["theMarked:BanishingStrike","theMarked:SelfDefenseTraining","theMarked:HeightenedSenses"],"picked":"SKIP","floor":24},{"not_picked":["theMarked:Parkour","theMarked:BanishingStrike+1"],"picked":"theMarked:EmpowerWeapon","floor":25},{"not_picked":["theMarked:GodGivenPower","theMarked:ContemptForTheProud+1","theMarked:Aftermath"],"picked":"SKIP","floor":27},{"not_picked":["theMarked:LightningStrikesTwice+1","theMarked:MaelstromOfLightning","theMarked:Standoff"],"picked":"SKIP","floor":29},{"not_picked":["theMarked:BanishingStrike+1","theMarked:Aftermath","theMarked:Frustration"],"picked":"SKIP","floor":31},{"not_picked":["theMarked:Aftermath","theMarked:TunnelVision","theMarked:HeightenedSenses"],"picked":"SKIP","floor":35},{"not_picked":["theMarked:ElementalBlade+1","theMarked:AttractMetal+1","theMarked:Static+1"],"picked":"SKIP","floor":37},{"not_picked":["theMarked:Static+1","theMarked:StartUp","theMarked:Aftermath"],"picked":"SKIP","floor":38},{"not_picked":["theMarked:EmpowerWeapon+1","theMarked:GodGivenPower+1","theMarked:Panic+1"],"picked":"SKIP","floor":41},{"not_picked":["theMarked:WastefulDefense+1","theMarked:Aftermath+1","theMarked:UnarmedFury"],"picked":"SKIP","floor":46},{"not_picked":["theMarked:Improvise+1","theMarked:Indomitable","theMarked:DeterminationOfTheMarked+1"],"picked":"SKIP","floor":47},{"not_picked":["theMarked:SwordAndMagic","theMarked:WastefulDefense","theMarked:Polarize"],"picked":"SKIP","floor":48},{"not_picked":["theMarked:SwordAndMagic","theMarked:Aftermath+1","theMarked:Electrify"],"picked":"SKIP","floor":54}],"player_experience":352199,"relics_obtained":[{"floor":25,"key":"Shuriken"},{"floor":26,"key":"DemoMod:Antibody"},{"floor":54,"key":"Pen Nib"}],"event_choices":[{"damage_healed":0.0,"max_hp_gain":5.0,"max_hp_loss":0.0,"gold_gain":0.0,"event_name":"Big Fish","player_choice":"Donut","floor":5.0,"gold_loss":0.0,"damage_taken":0.0},{"damage_healed":0,"gold_gain":0,"player_choice":"Damaged","damage_taken":8,"max_hp_gain":0,"max_hp_loss":0,"event_name":"Wheel of Change","floor":28,"gold_loss":0},{"damage_healed":0,"gold_gain":0,"player_choice":"Max HP","damage_taken":0,"max_hp_gain":0,"max_hp_loss":4,"event_name":"Winding Halls","floor":39,"gold_loss":0},{"cards_removed":["theMarked:Defend"],"damage_healed":0,"gold_gain":0,"player_choice":"Single Remove","damage_taken":0,"max_hp_gain":0,"max_hp_loss":0,"event_name":"Designer","floor":44,"gold_loss":60}],"is_beta":false,"boss_relics":[{"not_picked":["SoulBox","theMarked:Eyepatch"],"picked":"theMarked:BronzeBlade"},{"not_picked":["AddBug","SlaversCollar"],"picked":"conspire:SpecialSausage"}],"items_purged_floors":[4,10,13,14,15,20,30,32,42,45,52],"is_endless":false,"potions_floor_spawned":[3,7,16,21,23,24,27,29,35,47],"ascension_level":0}}