{"host":"hig8qfi5vzbgudte","time":1609401042,"event":{"mods":["BaseMod","Colored Map","Downfall","Hermit","Hubris","Jorbs\u0027s Wanderer Trilogy","Minty Spire (QoL Compilation)","Quick Restart","StSLib","The Cursed","The Hierophant","The Marked"],"gold_per_floor":[115,115,215,235,250,250,260,260,285,295,295,311,311,6,6,106,106,118,0,0,0,100,100],"floor_reached":22,"playtime":1719,"items_purged":["Parasite"],"score":199,"play_id":"fe2ae9a9-b643-4ade-9fc5-f31d444cfe44","local_time":"20201231015042","is_ascension_mode":false,"campfire_choices":[{"data":"theMarked:Convert","floor":6,"key":"SMITH"},{"data":"theMarked:Electrocute","floor":8,"key":"SMITH"},{"data":"theMarked:Reabsorb","floor":11,"key":"SMITH"},{"floor":15,"key":"REST"}],"circlet_count":0,"master_deck":["theMarked:Strike","theMarked:Strike","theMarked:Strike","theMarked:Strike","theMarked:Strike","theMarked:Defend","theMarked:Defend","theMarked:Defend","theMarked:Defend","theMarked:SoldierOfQuellstein","theMarked:Reabsorb+1","theMarked:Opportunist","theMarked:Convert+1","theMarked:Electrocute+1","theMarked:Aftermath","theMarked:Static","Metamorphosis","theMarked:WastefulAttack","theMarked:DispelDoubt","CurseOfTheBell","theMarked:Electrocute","Decay"],"relics":["theMarked:ArtifactOfAir","NeowsBlessing","hubris:Icosahedron","hubris:SlimyHat","Calling Bell","Regal Pillow","hubris:Reverence","theMarked:SecretDocuments"],"acts_visited":["Exordium","TheCity"],"potions_floor_usage":[16,16],"damage_taken":[{"damage":0,"enemies":"Jaw Worm","floor":1,"turns":1},{"damage":2,"enemies":"2 Louse","floor":4,"turns":2},{"damage":0,"enemies":"Cultist","floor":5,"turns":1},{"damage":15,"enemies":"Looter","floor":7,"turns":3},{"damage":9,"enemies":"Exordium Wildlife","floor":10,"turns":3},{"damage":17,"enemies":"3 Louse","floor":12,"turns":5},{"damage":21,"enemies":"The Guardian","floor":16,"turns":6},{"damage":25,"enemies":"2 Thieves","floor":18,"turns":4},{"damage":44,"enemies":"3 Byrds","floor":22,"turns":5}],"seed_played":"-4196981655688812815","potions_obtained":[{"floor":1,"key":"FearPotion"},{"floor":10,"key":"SpeedPotion"},{"floor":16,"key":"Energy Potion"},{"floor":18,"key":"SpeedPotion"}],"is_trial":false,"path_per_floor":["M","?","?","M","M","R","M","R","T","M","R","M","?","$","R","B",null,"M","?","?","?","M"],"character_chosen":"THE_DEFAULT","items_purchased":["Metamorphosis","theMarked:WastefulAttack"],"campfire_rested":1,"item_purchase_floors":[14,14],"current_hp_per_floor":[70,70,70,68,68,68,53,53,53,44,44,27,44,44,64,43,67,42,42,42,42,0,0],"gold":100,"neow_bonus":"THREE_ENEMY_KILL","is_daily":false,"chose_seed":false,"campfire_upgraded":3,"win_rate":0.0,"timestamp":1609401042,"path_taken":["M","?","?","M","M","R","M","R","T","M","R","?","?","?","R","BOSS","M","?","?","?","?"],"items_purchased_type":["Card","Card"],"build_version":"2020-12-22","purchased_purges":1,"victory":false,"max_hp_per_floor":[70,70,70,70,70,70,70,70,70,70,70,70,70,67,67,67,67,67,67,67,67,67,67],"card_choices":[{"not_picked":["theMarked:PowerFlow","theMarked:HeritageOfTheMarked"],"picked":"theMarked:Reabsorb","floor":1},{"not_picked":["theMarked:Improvise","theMarked:ResourceFulStrike"],"picked":"theMarked:Opportunist","floor":4},{"not_picked":["theMarked:RepellingDischarge","theMarked:TakeCover"],"picked":"theMarked:Convert","floor":5},{"not_picked":["theMarked:Opportunist","theMarked:Overcharge"],"picked":"theMarked:Electrocute","floor":7},{"not_picked":["theMarked:EmpowerWeapon","theMarked:DeterminationOfTheMarked"],"picked":"theMarked:Aftermath","floor":10},{"not_picked":["theMarked:ElectricStrings","theMarked:RepellingDischarge"],"picked":"theMarked:Static","floor":12},{"not_picked":["theMarked:Levitate","theMarked:Challenge"],"picked":"theMarked:DispelDoubt","floor":16},{"not_picked":["theMarked:RepellingDischarge","theMarked:Parkour"],"picked":"theMarked:Electrocute","floor":18}],"player_experience":25654,"relics_obtained":[{"floor":9,"key":"hubris:SlimyHat"},{"floor":17,"key":"Regal Pillow"},{"floor":17,"key":"hubris:Reverence"},{"floor":17,"key":"theMarked:SecretDocuments"}],"event_choices":[{"damage_healed":0,"gold_gain":100,"player_choice":"Pray","damage_taken":0,"max_hp_gain":0,"max_hp_loss":0,"event_name":"Golden Shrine","floor":3,"gold_loss":0},{"damage_healed":17,"gold_gain":0,"player_choice":"Healed and dodged fight","damage_taken":0,"max_hp_gain":0,"max_hp_loss":0,"event_name":"Mushrooms","floor":13,"gold_loss":0,"cards_obtained":["Parasite"]},{"damage_healed":0,"gold_gain":0,"player_choice":"Paid Fearfully","damage_taken":0,"max_hp_gain":0,"max_hp_loss":0,"event_name":"Masked Bandits","floor":19,"gold_loss":118},{"damage_healed":0,"gold_gain":0,"player_choice":"Cursed","damage_taken":0,"max_hp_gain":0,"max_hp_loss":0,"event_name":"Wheel of Change","floor":21,"gold_loss":0,"cards_obtained":["Decay"]}],"is_beta":false,"boss_relics":[{"not_picked":["Snecko Eye","Busted Crown"],"picked":"Calling Bell"}],"items_purged_floors":[14],"is_endless":false,"potions_floor_spawned":[1,10,16,18],"killed_by":"3 Byrds","ascension_level":0}}