{"host":"naxuom6ec8j3xbph","time":1609388583,"event":{"mods":["BaseMod","Colored Map","Colored Powertips","Highlight Path","Minty Spire (QoL Compilation)","Quick Restart","StSLib"],"gold_per_floor":[112,132,151,171,182,182,214,231,231,231,231,259,285,319,319,319,319],"floor_reached":16,"playtime":665,"items_purged":[],"score":140,"play_id":"ecaf9b5b-8734-4b03-aa09-e6043592e1e6","local_time":"20201231122303","is_ascension_mode":true,"campfire_choices":[{"data":"Searing Blow","floor":6,"key":"SMITH"},{"data":"Searing Blow+1","floor":11,"key":"SMITH"},{"data":"True Grit","floor":15,"key":"SMITH"}],"circlet_count":0,"master_deck":["Strike_R","Strike_R","Strike_R","Strike_R","Strike_R","Defend_R","Defend_R","Defend_R","Defend_R","Bash","Immolate","Warcry","Thunderclap","True Grit","Searing Blow+2","Anger","Dropkick","Headbutt","Inflame","True Grit+1"],"relics":["Burning Blood","Meat on the Bone","Omamori","Torii","Smiling Mask","Potion Belt","Gremlin Horn"],"acts_visited":["Exordium"],"potions_floor_usage":[5,7,7,12],"damage_taken":[{"damage":1,"enemies":"2 Louse","floor":1,"turns":2},{"damage":7,"enemies":"Jaw Worm","floor":2,"turns":3},{"damage":11,"enemies":"Small Slimes","floor":3,"turns":3},{"damage":18,"enemies":"Exordium Thugs","floor":4,"turns":5},{"damage":0,"enemies":"3 Louse","floor":5,"turns":2},{"damage":22,"enemies":"3 Sentries","floor":7,"turns":6},{"damage":6,"enemies":"Red Slaver","floor":8,"turns":3},{"damage":33,"enemies":"Lagavulin","floor":12,"turns":5},{"damage":8,"enemies":"Gremlin Nob","floor":14,"turns":3},{"damage":50,"enemies":"Slime Boss","floor":16,"turns":9}],"seed_played":"3138135207918730928","potions_obtained":[{"floor":1,"key":"EssenceOfSteel"},{"floor":4,"key":"Block Potion"},{"floor":5,"key":"Dexterity Potion"},{"floor":7,"key":"LiquidMemories"}],"is_trial":false,"path_per_floor":["M","M","M","M","M","R","E","M","T","?","R","E","T","E","R","B"],"character_chosen":"IRONCLAD","items_purchased":[],"campfire_rested":0,"item_purchase_floors":[],"current_hp_per_floor":[80,79,74,62,68,68,52,52,52,49,49,34,34,44,44,0,0],"gold":319,"neow_bonus":"ONE_RANDOM_RARE_CARD","is_daily":false,"chose_seed":false,"campfire_upgraded":3,"win_rate":0.0,"timestamp":1609388583,"path_taken":["M","M","M","M","M","R","E","M","T","?","R","E","?","E","R","BOSS"],"items_purchased_type":[],"build_version":"2020-12-22","purchased_purges":0,"victory":false,"max_hp_per_floor":[80,80,80,80,80,80,80,80,80,80,80,80,80,80,80,80,80],"card_choices":[{"not_picked":["Feel No Pain","Clothesline"],"picked":"Warcry","floor":1},{"not_picked":["Intimidate","Feel No Pain"],"picked":"Thunderclap","floor":2},{"not_picked":["Ghostly Armor","Dropkick"],"picked":"True Grit","floor":3},{"not_picked":["Iron Wave","Clothesline"],"picked":"Searing Blow","floor":4},{"not_picked":["Cleave","Body Slam"],"picked":"Anger","floor":5},{"not_picked":["Whirlwind","Armaments"],"picked":"Dropkick","floor":7},{"not_picked":["Wild Strike","Carnage"],"picked":"Headbutt","floor":8},{"not_picked":["Entrench","Second Wind"],"picked":"Inflame","floor":12},{"not_picked":["Searing Blow","Pummel"],"picked":"True Grit","floor":14}],"player_experience":356250,"relics_obtained":[{"floor":7,"key":"Meat on the Bone"},{"floor":9,"key":"Omamori"},{"floor":12,"key":"Smiling Mask"},{"floor":13,"key":"Potion Belt"},{"floor":14,"key":"Gremlin Horn"}],"event_choices":[{"damage_healed":0,"gold_gain":0,"player_choice":"Success","damage_taken":3,"relics_obtained":["Torii"],"max_hp_gain":0,"max_hp_loss":0,"event_name":"Scrap Ooze","floor":10,"gold_loss":0}],"is_beta":false,"boss_relics":[],"items_purged_floors":[],"is_endless":false,"potions_floor_spawned":[1,4,5,7],"killed_by":"Slime Boss","ascension_level":3}}