{"host":"fwes8e3a36usabj9","time":1609397084,"event":{"mods":["BaseMod","Colored Map","Colored Powertips","Minty Spire (QoL Compilation)"],"gold_per_floor":[117,127,146,165,180,180,212,212,212,245,258,2,2,21,21,119,119,135,135,152,168,185,214,233,233,233,46,64,64,64,89,89,190,190,200,250,250,250,263,263,14,14,14,47,47,77,77,87,87,87],"floor_reached":51,"playtime":15735,"items_purged":["Strike_B"],"score":848,"play_id":"c660bb06-04c1-475f-a465-6b659f0cc489","local_time":"20201230224444","is_ascension_mode":true,"campfire_choices":[{"data":"Go for the Eyes","floor":6.0,"key":"SMITH"},{"floor":8.0,"key":"REST"},{"data":"Seek","floor":15.0,"key":"SMITH"},{"floor":25.0,"key":"REST"},{"floor":29.0,"key":"REST"},{"floor":32.0,"key":"REST"},{"floor":40.0,"key":"DIG"},{"floor":45,"key":"REST"},{"floor":47,"key":"DIG"},{"floor":49,"key":"REST"}],"circlet_count":0,"master_deck":["Strike_B","Strike_B","Defend_B","Defend_B","Defend_B","Zap","Dualcast","Barrage","FTL","Compile Driver","Go for the Eyes+1","Rebound","Seek+1","Steam","Reinforced Body","Melter","Echo Form","Leap","Machine Learning","Sweeping Beam","Streamline","Loop+1","Steam+1","Dual Wield","A Thousand Cuts+1","CurseOfTheBell","Panacea","Mind Blast","Swivel+1","Impervious","CutThroughFate+1"],"relics":["Nuclear Battery","Akabeko","Unceasing Top","InkBottle","Toolbox","SlaversCollar","Shovel","Frozen Egg 2","PrismaticShard","Nilry\u0027s Codex","Juzu Bracelet","Calling Bell","Omamori","Letter Opener","TungstenRod","CaptainsWheel","Blood Vial","Kunai","Thread and Needle","Torii","Strawberry","Turnip"],"acts_visited":["Exordium","TheCity","TheBeyond"],"potions_floor_usage":[],"damage_taken":[{"damage":8.0,"enemies":"Jaw Worm","floor":1.0,"turns":4.0},{"damage":0.0,"enemies":"Cultist","floor":2.0,"turns":4.0},{"damage":0.0,"enemies":"Small Slimes","floor":3.0,"turns":3.0},{"damage":7.0,"enemies":"Looter","floor":4.0,"turns":3.0},{"damage":0.0,"enemies":"Large Slime","floor":5.0,"turns":4.0},{"damage":20.0,"enemies":"Lagavulin","floor":7.0,"turns":6.0},{"damage":15.0,"enemies":"3 Sentries","floor":10.0,"turns":6.0},{"damage":1.0,"enemies":"3 Louse","floor":11.0,"turns":2.0},{"damage":0.0,"enemies":"Blue Slaver","floor":14.0,"turns":2.0},{"damage":29.0,"enemies":"The Guardian","floor":16.0,"turns":11.0},{"damage":0.0,"enemies":"Spheric Guardian","floor":18.0,"turns":3.0},{"damage":5.0,"enemies":"Shell Parasite","floor":20.0,"turns":2.0},{"damage":5.0,"enemies":"Centurion and Healer","floor":21.0,"turns":4.0},{"damage":6.0,"enemies":"Cultist and Chosen","floor":22.0,"turns":9.0},{"damage":51.0,"enemies":"Slavers","floor":23.0,"turns":7.0},{"damage":3.0,"enemies":"Sentry and Sphere","floor":24.0,"turns":3.0},{"damage":24.0,"enemies":"Snake Plant","floor":28.0,"turns":3.0},{"damage":21.0,"enemies":"Book of Stabbing","floor":31.0,"turns":6.0},{"damage":11.0,"enemies":"Automaton","floor":33.0,"turns":10.0},{"damage":25.0,"enemies":"3 Darklings","floor":35.0,"turns":3.0},{"damage":2.0,"enemies":"Mind Bloom Boss Battle","floor":36.0,"turns":6.0},{"damage":8.0,"enemies":"3 Shapes","floor":39.0,"turns":4.0},{"damage":15,"enemies":"Giant Head","floor":44,"turns":7},{"damage":22,"enemies":"Reptomancer","floor":46,"turns":7},{"damage":0,"enemies":"Sphere and 2 Shapes","floor":48,"turns":3},{"damage":69,"enemies":"Donu and Deca","floor":50,"turns":8}],"seed_played":"-2924939530495337571","potions_obtained":[{"floor":2.0,"key":"Ancient Potion"},{"floor":3.0,"key":"AttackPotion"},{"floor":5.0,"key":"Swift Potion"},{"floor":7.0,"key":"Fruit Juice"},{"floor":16.0,"key":"Regen Potion"},{"floor":20.0,"key":"Weak Potion"},{"floor":23.0,"key":"SteroidPotion"},{"floor":24.0,"key":"Energy Potion"},{"floor":28.0,"key":"PowerPotion"},{"floor":36.0,"key":"Ancient Potion"}],"is_trial":false,"path_per_floor":["M","M","M","M","M","R","E","R","T","E","M","$","?","M","R","B",null,"M","?","M","M","M","E","M","R","T","$","M","R","?","E","R","B",null,"M","?","?","?","M","R","$","?","T","E","R","E","R","M","R","B",null],"character_chosen":"DEFECT","items_purchased":["Toolbox","Reinforced Body","Loop+1","PrismaticShard","Kunai"],"campfire_rested":6,"item_purchase_floors":[12,12,27,27,41],"current_hp_per_floor":[67,67,67,60,60,60,45,69,69,54,53,53,53,53,53,24,80,80,80,75,70,64,28,25,49,49,49,25,49,33,12,36,25,80,55,53,53,53,45,45,45,45,45,32,56,43,43,45,71,4],"gold":87,"neow_bonus":"BOSS_RELIC","is_daily":false,"chose_seed":false,"campfire_upgraded":2,"win_rate":0.0,"timestamp":1609397084,"path_taken":["M","M","M","M","M","R","E","R","T","E","M","$","?","M","R","BOSS","M","?","?","M","M","E","M","R","T","?","M","R","?","E","R","BOSS","M","?","?","?","M","R","$","?","T","E","R","E","R","M","R","BOSS"],"items_purchased_type":["Relic","Card","Card","Relic","Relic"],"build_version":"2020-12-22","purchased_purges":1,"victory":true,"max_hp_per_floor":[75,75,75,75,75,75,80,80,80,80,80,80,80,80,80,80,80,80,80,80,80,80,80,80,80,80,80,80,80,80,80,80,80,80,80,80,80,80,80,80,80,80,80,80,80,87,87,87,87,87],"card_choices":[{"not_picked":["Turbo","Blizzard"],"picked":"Barrage","floor":1.0},{"not_picked":["Force Field","Rebound"],"picked":"FTL","floor":2.0},{"not_picked":["Rebound","Barrage"],"picked":"Compile Driver","floor":3.0},{"not_picked":["Compile Driver","Recycle"],"picked":"Go for the Eyes","floor":4.0},{"not_picked":["Double Energy","Compile Driver"],"picked":"Rebound","floor":5.0},{"not_picked":["Ball Lightning","Beam Cell"],"picked":"Seek","floor":7.0},{"not_picked":["Static Discharge","Coolheaded"],"picked":"Steam","floor":10.0},{"not_picked":["Darkness","Lockon","Steam"],"picked":"SKIP","floor":11.0},{"not_picked":["Sweeping Beam","Coolheaded"],"picked":"Melter","floor":14.0},{"not_picked":["Multi-Cast","Rainbow"],"picked":"Echo Form","floor":16.0},{"not_picked":["Compile Driver","Streamline"],"picked":"Leap","floor":18.0},{"not_picked":["Rebound","Cold Snap","Go for the Eyes"],"picked":"SKIP","floor":20.0},{"not_picked":["Doom and Gloom+1","Storm","Coolheaded+1"],"picked":"SKIP","floor":21.0},{"not_picked":["Stack","Ball Lightning"],"picked":"Machine Learning","floor":22.0},{"not_picked":["Leap","Ball Lightning+1"],"picked":"Sweeping Beam","floor":23.0},{"not_picked":["Undo","Conserve Battery"],"picked":"Streamline","floor":24.0},{"not_picked":["Clothesline","PiercingWail"],"picked":"Steam+1","floor":28.0},{"not_picked":["Twin Strike+1","Rebound"],"picked":"Dual Wield","floor":31.0},{"not_picked":["Blasphemy","Multi-Cast"],"picked":"A Thousand Cuts+1","floor":33.0},{"not_picked":["Chill+1","Slice+1"],"picked":"Panacea","floor":35.0},{"not_picked":["Jack Of All Trades","PanicButton"],"picked":"Mind Blast","floor":37.0},{"not_picked":["ClearTheMind","EmptyFist+1"],"picked":"Swivel+1","floor":39.0},{"not_picked":["EmptyMind+1","Swift Strike"],"picked":"Impervious","floor":44},{"not_picked":["FlyingSleeves","Wireheading+1"],"picked":"CutThroughFate+1","floor":46},{"not_picked":["Leap","Redo","Searing Blow+1"],"picked":"SKIP","floor":48}],"player_experience":642686,"relics_obtained":[{"floor":7.0,"key":"Akabeko"},{"floor":9.0,"key":"Unceasing Top"},{"floor":10.0,"key":"InkBottle"},{"floor":23.0,"key":"Shovel"},{"floor":26.0,"key":"Frozen Egg 2"},{"floor":30.0,"key":"Nilry\u0027s Codex"},{"floor":31.0,"key":"Juzu Bracelet"},{"floor":34.0,"key":"Omamori"},{"floor":34.0,"key":"Letter Opener"},{"floor":34.0,"key":"TungstenRod"},{"floor":36.0,"key":"CaptainsWheel"},{"floor":40.0,"key":"Blood Vial"},{"floor":43.0,"key":"Thread and Needle"},{"floor":44,"key":"Torii"},{"floor":46,"key":"Strawberry"},{"floor":47,"key":"Turnip"}],"event_choices":[{"damage_healed":0.0,"max_hp_gain":0.0,"max_hp_loss":0.0,"gold_gain":0.0,"event_name":"Scrap Ooze","player_choice":"Fled","floor":13.0,"gold_loss":0.0,"damage_taken":0.0},{"cards_removed":["Strike_B"],"damage_healed":0.0,"max_hp_gain":0.0,"max_hp_loss":0.0,"gold_gain":0.0,"event_name":"Purifier","player_choice":"Purged","floor":19.0,"gold_loss":0.0,"damage_taken":0.0},{"damage_healed":0.0,"max_hp_gain":0.0,"max_hp_loss":0.0,"gold_gain":0.0,"event_name":"Cursed Tome","player_choice":"Obtained Book","floor":30.0,"gold_loss":0.0,"damage_taken":16.0},{"damage_healed":0.0,"max_hp_gain":0.0,"max_hp_loss":0.0,"gold_gain":0.0,"event_name":"MindBloom","player_choice":"Fight","floor":36.0,"gold_loss":0.0,"damage_taken":0.0},{"damage_healed":0.0,"max_hp_gain":0.0,"max_hp_loss":0.0,"gold_gain":0.0,"event_name":"SensoryStone","player_choice":"Memory 1","floor":37.0,"gold_loss":0.0,"damage_taken":0.0},{"damage_healed":0.0,"max_hp_gain":0.0,"max_hp_loss":0.0,"gold_gain":0.0,"event_name":"Tomb of Lord Red Mask","player_choice":"Ignored","floor":38.0,"gold_loss":0.0,"damage_taken":0.0},{"cards_removed":["Defend_B"],"damage_healed":0.0,"max_hp_gain":0.0,"max_hp_loss":0.0,"gold_gain":0.0,"event_name":"Falling","player_choice":"Removed Skill","floor":42.0,"gold_loss":0.0,"damage_taken":0.0}],"is_beta":false,"boss_relics":[{"not_picked":["Fusion Hammer","Sozu"],"picked":"SlaversCollar"},{"not_picked":["SacredBark","Philosopher\u0027s Stone"],"picked":"Calling Bell"}],"items_purged_floors":[12],"is_endless":false,"potions_floor_spawned":[2,3,5,7,16,20,22,23,24,28,36,44],"ascension_level":4}}