{"host":"f9ztnrt83gaf1u90","time":1609393956,"event":{"mods":["BaseMod","Minty Spire (QoL Compilation)","Quick Restart","StSLib"],"gold_per_floor":[115,115,40,50,0,0,34,34,57,67,77,111,111,42,42,117,117,136,136,154,254,265,265,294,294,366,384,384,384,12,28,28,100,100,116,116,16,16,26,26,59,88,88,88,123,22,22,22,22,22],"floor_reached":51,"playtime":2018,"items_purged":["Regret","Flash of Steel"],"score":1283,"play_id":"34b5dc54-6876-4359-992e-a6a7e57254df","local_time":"20201231135236","is_ascension_mode":true,"campfire_choices":[{"data":"Bludgeon","floor":6.0,"key":"SMITH"},{"data":"Whirlwind","floor":8.0,"key":"SMITH"},{"floor":13.0,"key":"REST"},{"floor":15.0,"key":"RECALL"},{"data":"Bludgeon","floor":23.0,"key":"SMITH"},{"floor":28.0,"key":"REST"},{"floor":32.0,"key":"REST"},{"data":"Bludgeon","floor":40.0,"key":"SMITH"},{"data":"Bash","floor":44.0,"key":"SMITH"},{"floor":49,"key":"REST"}],"circlet_count":0,"master_deck":["AscendersBane","Strike_R+1","Strike_R+1","Strike_R+1","Defend_R+1","Defend_R+1","Defend_R+1","Defend_R+1","Bash+1","Bludgeon+1","Whirlwind+1","Whirlwind+1","Shrug It Off+1","Spot Weakness+1","Bludgeon+1","Juggernaut+1","Heavy Blade+1","Perfected Strike+1","Perfected Strike+1","Barricade+1","Fiend Fire+1","Bludgeon+1","Fiend Fire+1","CurseOfTheBell","Perfected Strike+1","Clothesline+1","Heavy Blade+1","Impervious+1"],"relics":["Burning Blood","Pantograph","Matryoshka","Kunai","Pen Nib","Centennial Puzzle","Snecko Eye","Art of War","Juzu Bracelet","Question Card","Medical Kit","Calling Bell","Lantern","Mercury Hourglass","WingedGreaves","Blood Vial","Lizard Tail","Eternal Feather","Incense Burner","Mark of the Bloom"],"acts_visited":["Exordium","TheCity","TheBeyond"],"potions_floor_usage":[50,50,50,50,50,50],"damage_taken":[{"damage":9.0,"enemies":"Cultist","floor":1.0,"turns":3.0},{"damage":15.0,"enemies":"Small Slimes","floor":4.0,"turns":3.0},{"damage":40.0,"enemies":"Lagavulin","floor":7.0,"turns":4.0},{"damage":2.0,"enemies":"Jaw Worm","floor":10.0,"turns":2.0},{"damage":5.0,"enemies":"3 Louse","floor":11.0,"turns":2.0},{"damage":15.0,"enemies":"3 Sentries","floor":12.0,"turns":4.0},{"damage":31.0,"enemies":"Slime Boss","floor":16.0,"turns":9.0},{"damage":7.0,"enemies":"Chosen","floor":18.0,"turns":3.0},{"damage":33.0,"enemies":"Shell Parasite","floor":20.0,"turns":3.0},{"damage":18.0,"enemies":"Snake Plant","floor":22.0,"turns":3.0},{"damage":29.0,"enemies":"Slavers","floor":24.0,"turns":5.0},{"damage":6.0,"enemies":"Cultist and Chosen","floor":27.0,"turns":3.0},{"damage":6.0,"enemies":"Shelled Parasite and Fungi","floor":31.0,"turns":2.0},{"damage":42.0,"enemies":"Collector","floor":33.0,"turns":4.0},{"damage":16.0,"enemies":"Orb Walker","floor":35.0,"turns":2.0},{"damage":0.0,"enemies":"3 Shapes","floor":39.0,"turns":1.0},{"damage":18.0,"enemies":"Reptomancer","floor":41.0,"turns":2.0},{"damage":45.0,"enemies":"Giant Head","floor":42.0,"turns":6.0},{"damage":53,"enemies":"Reptomancer","floor":45,"turns":5},{"damage":29,"enemies":"Time Eater","floor":50,"turns":7}],"seed_played":"-6428882842410965485","potions_obtained":[{"floor":10.0,"key":"SpeedPotion"},{"floor":11.0,"key":"Dexterity Potion"},{"floor":20.0,"key":"Weak Potion"},{"floor":24.0,"key":"Swift Potion"},{"floor":33.0,"key":"EssenceOfSteel"},{"floor":39.0,"key":"Fire Potion"}],"is_trial":false,"path_per_floor":["M","?","$","M","?","R","E","R","T","M","M","E","R","$","R","B",null,"M","?","M","?","M","R","E","?","T","M","R","?","$","M","R","B",null,"M","?","$","?","M","R","E","E","T","R","E","$","?","$","R","B",null],"character_chosen":"IRONCLAD","items_purchased":["Evolve","Barricade","Medical Kit","Fiend Fire","EntropicBrew"],"campfire_rested":4,"item_purchase_floors":[14,30,30,30,46],"current_hp_per_floor":[69,69,69,60,60,60,26,26,26,30,31,22,46,46,46,46,72,71,71,44,44,32,32,9,9,9,9,33,21,21,21,45,34,69,59,59,59,59,65,65,53,16,16,31,32,32,32,32,32,3],"gold":22,"neow_bonus":"THREE_RARE_CARDS","is_daily":false,"chose_seed":false,"campfire_upgraded":5,"win_rate":0.0,"timestamp":1609393956,"path_taken":["M","?","?","?","?","R","E","R","T","?","M","E","R","?","R","BOSS","M","?","M","?","?","R","E","?","T","M","R","?","$","M","R","BOSS","M","?","$","?","M","R","E","E","T","R","E","?","?","$","R","BOSS"],"items_purchased_type":["Card","Card","Relic","Card","Potion"],"build_version":"2020-12-22","purchased_purges":2,"victory":true,"max_hp_per_floor":[80,80,80,80,80,80,80,80,80,80,80,80,80,80,80,80,80,80,80,80,80,80,80,80,80,80,80,80,80,80,80,80,80,80,80,76,76,76,76,76,76,76,76,76,76,76,76,76,76,76],"card_choices":[{"not_picked":["Berserk","Brutality"],"picked":"Bludgeon","floor":0.0},{"not_picked":["Searing Blow","Headbutt"],"picked":"Whirlwind","floor":1.0},{"not_picked":["Second Wind","Infernal Blade","Sword Boomerang"],"picked":"SKIP","floor":4.0},{"not_picked":["Reckless Charge","Clash"],"picked":"Whirlwind","floor":7.0},{"not_picked":["Perfected Strike","Sentinel"],"picked":"Shrug It Off","floor":10.0},{"not_picked":["Sword Boomerang","Clash"],"picked":"Spot Weakness","floor":11.0},{"not_picked":["Sword Boomerang","Entrench","Rupture"],"picked":"SKIP","floor":12.0},{"not_picked":["Limit Break","Brutality"],"picked":"Bludgeon","floor":16.0},{"not_picked":["Havoc+1","Sword Boomerang","Pommel Strike"],"picked":"SKIP","floor":18.0},{"not_picked":["Iron Wave","Clash"],"picked":"Heavy Blade","floor":20.0},{"not_picked":["Cleave","Hemokinesis"],"picked":"Perfected Strike","floor":22.0},{"not_picked":["Inflame","Body Slam"],"picked":"Perfected Strike+1","floor":24.0},{"not_picked":["Headbutt","Cleave","Sword Boomerang","Anger"],"picked":"SKIP","floor":27.0},{"not_picked":["Heavy Blade","Cleave","Havoc"],"picked":"Bludgeon","floor":31.0},{"not_picked":["Offering","Barricade","Juggernaut"],"picked":"Fiend Fire","floor":33.0},{"not_picked":["Sever Soul","Searing Blow","Iron Wave"],"picked":"Perfected Strike","floor":35.0},{"not_picked":["Whirlwind","Dropkick","Hemokinesis"],"picked":"Heavy Blade","floor":39.0},{"not_picked":["Havoc","Body Slam+1","Rage","Juggernaut"],"picked":"SKIP","floor":41.0},{"not_picked":["Havoc","Body Slam+1","Rage","Juggernaut"],"picked":"SKIP","floor":41.0},{"not_picked":["Iron Wave+1","Sever Soul","True Grit","Dark Embrace+1"],"picked":"SKIP","floor":42.0},{"not_picked":["Armaments","Power Through","Entrench+1"],"picked":"Impervious","floor":45}],"player_experience":200175,"relics_obtained":[{"floor":7.0,"key":"Matryoshka"},{"floor":9.0,"key":"Kunai"},{"floor":9.0,"key":"Pen Nib"},{"floor":12.0,"key":"Centennial Puzzle"},{"floor":24.0,"key":"Art of War"},{"floor":26.0,"key":"Juzu Bracelet"},{"floor":26.0,"key":"Question Card"},{"floor":34.0,"key":"Lantern"},{"floor":34.0,"key":"Mercury Hourglass"},{"floor":34.0,"key":"WingedGreaves"},{"floor":41.0,"key":"Blood Vial"},{"floor":42.0,"key":"Lizard Tail"},{"floor":43.0,"key":"Eternal Feather"},{"floor":45,"key":"Incense Burner"}],"event_choices":[{"damage_healed":0.0,"max_hp_gain":0.0,"max_hp_loss":0.0,"gold_gain":0.0,"cards_transformed":["Strike_R"],"event_name":"Transmorgrifier","player_choice":"Transformed","floor":2.0,"gold_loss":0.0,"damage_taken":0.0,"cards_obtained":["Sentinel"]},{"damage_healed":0.0,"max_hp_gain":0.0,"max_hp_loss":0.0,"gold_gain":0.0,"event_name":"WeMeetAgain","player_choice":"Paid Gold","floor":5.0,"gold_loss":50.0,"damage_taken":0.0,"relics_obtained":["Pantograph"]},{"damage_healed":0.0,"max_hp_gain":0.0,"max_hp_loss":0.0,"gold_gain":0.0,"cards_transformed":["Strike_R","Sentinel"],"event_name":"Drug Dealer","player_choice":"Became Test Subject","floor":19.0,"gold_loss":0.0,"damage_taken":0.0,"cards_obtained":["Rampage","Juggernaut"]},{"damage_healed":0.0,"max_hp_gain":0.0,"max_hp_loss":0.0,"gold_gain":100.0,"event_name":"Golden Shrine","player_choice":"Pray","floor":21.0,"gold_loss":0.0,"damage_taken":0.0},{"cards_removed":["Evolve"],"damage_healed":0.0,"max_hp_gain":0.0,"max_hp_loss":0.0,"gold_gain":0.0,"event_name":"Back to Basics","player_choice":"Elegance","floor":25.0,"gold_loss":0.0,"damage_taken":0.0},{"damage_healed":0.0,"max_hp_gain":0.0,"max_hp_loss":0.0,"gold_gain":0.0,"event_name":"Knowing Skull","player_choice":"CARD ","floor":29.0,"potions_obtained":[],"gold_loss":0.0,"damage_taken":12.0,"cards_obtained":["Flash of Steel"]},{"damage_healed":0.0,"max_hp_gain":0.0,"max_hp_loss":4.0,"gold_gain":0.0,"event_name":"Winding Halls","player_choice":"Max HP","floor":36.0,"gold_loss":0.0,"damage_taken":0.0},{"damage_healed":0.0,"max_hp_gain":0.0,"max_hp_loss":0.0,"gold_gain":0.0,"cards_transformed":["Rampage"],"event_name":"Transmorgrifier","player_choice":"Transformed","floor":38.0,"gold_loss":0.0,"damage_taken":0.0,"cards_obtained":["Clothesline"]},{"damage_healed":0,"gold_gain":0,"player_choice":"Upgrade","damage_taken":0,"relics_obtained":["Mark of the Bloom"],"max_hp_gain":0,"max_hp_loss":0,"event_name":"MindBloom","floor":47,"gold_loss":0,"cards_upgraded":["Strike_R","Strike_R","Strike_R","Defend_R","Defend_R","Defend_R","Defend_R","Whirlwind","Shrug It Off","Spot Weakness","Juggernaut","Heavy Blade","Perfected Strike","Barricade","Fiend Fire","Fiend Fire","Perfected Strike","Clothesline","Heavy Blade","Impervious"]}],"is_beta":false,"boss_relics":[{"not_picked":["Velvet Choker","Black Star"],"picked":"Snecko Eye"},{"not_picked":["Coffee Dripper","Tiny House"],"picked":"Calling Bell"}],"items_purged_floors":[3,37],"is_endless":false,"potions_floor_spawned":[10,11,12,20,24,33,39,45],"ascension_level":13}}