{"host":"2se5dq1do2gp0x9k","time":1609443185,"event":{"mods":["BaseMod","Block Reminder","Colored Map","Colored Powertips","Minty Spire (QoL Compilation)","Relic Stats","StSLib","SuperFastMode","Synergy Search"],"gold_per_floor":[110,110,124,199,13,13,44,107,107,32,32,65,65,41,41,41,41],"floor_reached":16,"playtime":435,"items_purged":["Strike_B"],"score":258,"play_id":"ac233a3d-5b61-4572-a9a5-f12491828e4e","local_time":"20201231113305","is_ascension_mode":true,"campfire_choices":[{"data":"Zap","floor":6.0,"key":"SMITH"},{"floor":11.0,"key":"REST"},{"data":"1","floor":15,"key":"LIFT"}],"circlet_count":0,"master_deck":["AscendersBane","Strike_B","Defend_B","Defend_B","Defend_B","Defend_B","Zap+1","Dualcast","Gash","Lockon","Consume","Gash","Hologram","Reinforced Body","Ball Lightning","Capacitor","Beam Cell"],"relics":["Cracked Core","NeowsBlessing","Juzu Bracelet","Bag of Marbles","Pantograph","Calipers","Girya"],"acts_visited":["Exordium"],"potions_floor_usage":[],"damage_taken":[{"damage":0.0,"enemies":"Cultist","floor":1.0,"turns":1.0},{"damage":0.0,"enemies":"Small Slimes","floor":3.0,"turns":1.0},{"damage":0.0,"enemies":"Gremlin Nob","floor":7.0,"turns":1.0},{"damage":23.0,"enemies":"3 Sentries","floor":8.0,"turns":9.0},{"damage":32,"enemies":"3 Sentries","floor":12,"turns":7},{"damage":46,"enemies":"Hexaghost","floor":16,"turns":7}],"seed_played":"-6569105651124332512","potions_obtained":[{"floor":1.0,"key":"EssenceOfSteel"},{"floor":8.0,"key":"SmokeBomb"}],"is_trial":false,"path_per_floor":["M","?","M","?","$","R","E","?","T","?","R","E","?","$","R","B"],"character_chosen":"DEFECT","items_purchased":["Gash","Hologram","Beam Cell"],"campfire_rested":1,"item_purchase_floors":[5,5,14],"current_hp_per_floor":[64,64,64,53,53,53,53,30,30,30,51,19,19,19,19,0,0],"gold":41,"neow_bonus":"THREE_ENEMY_KILL","is_daily":false,"chose_seed":false,"campfire_upgraded":1,"win_rate":0.0,"timestamp":1609443185,"path_taken":["M","?","M","?","$","R","E","?","T","?","R","E","?","$","R","BOSS"],"items_purchased_type":["Card","Card","Card"],"build_version":"2020-12-22","purchased_purges":1,"victory":false,"max_hp_per_floor":[71,71,71,71,71,71,71,71,71,71,71,71,71,71,71,71,71],"relic_stats":{"counters":[6,26],"Pantograph":25,"Juzu Bracelet":1,"obtain_stats":[{"Girya":13,"Calipers":12,"NeowsBlessing":0,"Pantograph":9,"Juzu Bracelet":7,"Bag of Marbles":8,"Cracked Core":0},{"Girya":5,"Calipers":5,"NeowsBlessing":0,"Pantograph":4,"Juzu Bracelet":3,"Bag of Marbles":4,"Cracked Core":0},{"Girya":19,"Calipers":19,"NeowsBlessing":0,"Pantograph":12,"Juzu Bracelet":3,"Bag of Marbles":12,"Cracked Core":0}]},"card_choices":[{"not_picked":["Aggregate","Rebound"],"picked":"Gash","floor":1.0},{"not_picked":["Ball Lightning","Coolheaded"],"picked":"Consume","floor":3.0},{"not_picked":["Streamline","Chaos"],"picked":"Reinforced Body","floor":7.0},{"not_picked":["Go for the Eyes","Streamline"],"picked":"Ball Lightning","floor":8.0},{"not_picked":["Go for the Eyes","Streamline"],"picked":"Capacitor","floor":12}],"player_experience":3662431,"relics_obtained":[{"floor":7.0,"key":"Juzu Bracelet"},{"floor":8.0,"key":"Bag of Marbles"},{"floor":9.0,"key":"Pantograph"},{"floor":12,"key":"Calipers"}],"event_choices":[{"damage_healed":0.0,"max_hp_gain":0.0,"max_hp_loss":0.0,"gold_gain":0.0,"cards_transformed":["Strike_B"],"event_name":"Living Wall","player_choice":"Change","floor":2.0,"gold_loss":0.0,"damage_taken":0.0,"cards_obtained":["Lockon"]},{"damage_healed":0.0,"max_hp_gain":0.0,"max_hp_loss":0.0,"gold_gain":75.0,"event_name":"World of Goop","player_choice":"Gather Gold","floor":4.0,"gold_loss":0.0,"damage_taken":11.0},{"damage_healed":0.0,"max_hp_gain":0.0,"max_hp_loss":0.0,"gold_gain":0.0,"event_name":"Dead Adventurer","player_choice":"Searched \u00272\u0027 times","floor":8.0,"gold_loss":0.0,"damage_taken":0.0},{"cards_removed":["Strike_B"],"damage_healed":0.0,"max_hp_gain":0.0,"max_hp_loss":0.0,"gold_gain":0.0,"event_name":"The Cleric","player_choice":"Card Removal","floor":10.0,"gold_loss":75.0,"damage_taken":0.0},{"damage_healed":0,"gold_gain":0,"player_choice":"Gave Potion","damage_taken":0,"relics_obtained":["Girya"],"max_hp_gain":0,"max_hp_loss":0,"event_name":"WeMeetAgain","floor":13,"gold_loss":0}],"is_beta":false,"boss_relics":[],"items_purged_floors":[5],"is_endless":false,"potions_floor_spawned":[1,8],"killed_by":"Hexaghost","ascension_level":20}}