{"host":"4c7oxphrh4ok8x7u","time":1609433005,"event":{"mods":["2.2 Compatiblity","Act Like it!","Arknights The Spire","Aspiration","BaseMod","Better Skull","Better Vampires","BetterRewards","Challenge The Spire","Conjunction","Conspire","Custom Start","Dota2Spire","Ekko","Evolution","Friendly Minions","FruityMod","GifTheSpireLib","Halation","Hermit","HololiveMod","Hubris","Hyrulean Relics","Jedi Mod","Kratos Character Expansion","Minty Spire (QoL Compilation)","MostiFishMod","Permanent Neow","Prisma Mod","Quarter Circle Forward PUNCH!","RatMod","Replay The Spire","Robot Space Explorer","SCP261 Mod","Shade Mod","Slay the Relics Exporter","Small Relic Pack","Spicy Shops","Spikes Relics","Spires And Sneckos","StSLib","Stuff the Spire","The Animator","The Blue Laboratory","The Death Knight","The Edgeheg","The Exalted","The Fake Hero","The Trickster","TheWitcher","Wandering Minibosses"],"gold_per_floor":[111,131,151,141,160,185,185,210,210,60,60,85,85,85,85],"floor_reached":14,"playtime":622,"items_purged":[],"score":102,"play_id":"3a10956c-53c3-4fff-be0c-7629767e54db","local_time":"20201231194325","is_ascension_mode":false,"campfire_choices":[{"data":"Noxious Fumes","floor":7,"key":"SMITH"}],"circlet_count":0,"master_deck":["rat:RuptureArtery","rat:RuptureArtery","rat:RuptureArtery","Strike_G+1","Defend_G","Defend_G+1","Defend_G","Defend_G","Defend_G","Survivor","Neutralize+1","Footwork","rat:SilverDagger","Noxious Fumes+1","rat:SilverCoating","rat:SilverDagger","rat:SilverDagger","StuffTheSpire:Perfection","Infinite Blades","Bouncing Flask"],"relics":["Ring of the Snake","DaveBox","aspiration:Nostalgia","ats:Sanity","CombinedTypeHook","SynthV:TestCard","ats:Originium","hubris:AncientText","Replay:Bandana","aspiration:FetidBarrel"],"acts_visited":["Exordium"],"potions_floor_usage":[6,6],"damage_taken":[{"damage":0,"enemies":"Cultist","floor":1,"turns":2},{"damage":0,"enemies":"Small Slimes","floor":2,"turns":2},{"damage":0,"enemies":"2 Louse","floor":3,"turns":2},{"damage":28,"enemies":"Large Slime","floor":4,"turns":10},{"damage":0,"enemies":"2 Fungi Beasts","floor":5,"turns":3},{"damage":3,"enemies":"3 Sentries","floor":6,"turns":6},{"damage":20,"enemies":"Gremlin Nob","floor":8,"turns":4},{"damage":9,"enemies":"3 Louse","floor":12,"turns":3},{"damage":11,"enemies":"Lagavulin","floor":14,"turns":4}],"seed_played":"8437028158890614490","potions_obtained":[{"floor":3,"key":"jedi:wingpotion"},{"floor":4,"key":"Adrenaline Potion"},{"floor":5,"key":"Conjunction:LightningMarble"}],"is_trial":false,"path_per_floor":["M","M","M","M","M","E","R","E","T","$","?","M","?","E"],"character_chosen":"THE_SILENT","items_purchased":["Gremlin Food"],"campfire_rested":0,"item_purchase_floors":[10],"current_hp_per_floor":[70,70,70,42,42,39,39,19,19,19,19,10,10,0,0],"gold":85,"neow_bonus":"NOSTALGIA","is_daily":false,"chose_seed":false,"campfire_upgraded":1,"win_rate":0.0,"timestamp":1609433005,"path_taken":["M","M","M","?","M","E","R","E","T","$","?","M","?","E"],"items_purchased_type":["Relic"],"build_version":"2020-12-22","purchased_purges":0,"victory":false,"max_hp_per_floor":[70,70,70,70,70,70,70,70,70,70,70,70,70,70,70],"card_choices":[{"not_picked":["Dash","StuffTheSpire:Python","rat:Sprint"],"picked":"SKIP","floor":1},{"not_picked":["ShadowRift","Underhanded Strike","jedi:acidrain","Deflect"],"picked":"Footwork","floor":2},{"not_picked":["Prepared","PiercingWail","Dagger Throw","rat:FanOfKnives"],"picked":"rat:SilverDagger","floor":3},{"not_picked":["hubris:SlightOfHand","rat:RuptureArtery","Quick Slash","Choke"],"picked":"Noxious Fumes","floor":4},{"not_picked":["Dash","rat:Garrote","rat:FanOfKnives","Bane"],"picked":"rat:SilverCoating","floor":5},{"not_picked":["Blade Dance","Dodge and Roll","rat:Shadowstep","MostiFishMod:Dislodge"],"picked":"rat:SilverDagger","floor":6},{"not_picked":["rat:MoondustBomb","Sneak Up","MostiFishMod:PerfectParry","Poisoned Stab"],"picked":"rat:SilverDagger","floor":8},{"not_picked":["StuffTheSpire:Harmony","StuffTheSpire:CelestialWarden"],"picked":"StuffTheSpire:Perfection","floor":11},{"not_picked":["conspire:DoublingDagger","Acrobatics","Sneak Up","MostiFishMod:Confrontation"],"picked":"Infinite Blades","floor":12}],"player_experience":646299,"relics_obtained":[{"floor":1,"key":"SynthV:TestCard"},{"floor":6,"key":"ats:Originium"},{"floor":6,"key":"hubris:AncientText"},{"floor":8,"key":"ats:Originium"},{"floor":8,"key":"Replay:Bandana"},{"floor":9,"key":"aspiration:FetidBarrel"}],"event_choices":[{"damage_healed":0,"gold_gain":0,"cards_transformed":["Strike_G"],"player_choice":"Transformed","damage_taken":0,"max_hp_gain":0,"max_hp_loss":0,"event_name":"Transmorgrifier","floor":13,"gold_loss":0,"cards_obtained":["Bouncing Flask"]}],"is_beta":false,"boss_relics":[],"items_purged_floors":[],"is_endless":false,"potions_floor_spawned":[3,4,5],"killed_by":"Lagavulin","ascension_level":0}}