{"host":"ifd7sfhtlbe34qll","time":1609380748,"event":{"mods":["2.2 Compatiblity","Act Like it!","BaseMod","Block Reminder","Colored Map","Curses Come First","Downfall","Highlight Path","Minty Spire (QoL Compilation)","Potion Indicator Mod","Quick Restart","Random Character Button","Relic Stats","StSLib"],"gold_per_floor":[99,115,126,138,138,138,138,49,81,66,66,80,100,127,139,234,234,134,152,237,253,19,19,19,25,25,57,85,102,102,127,138,138,138],"floor_reached":33,"playtime":3099,"items_purged":["bronze:Strike","downfall:Haunted"],"score":410,"play_id":"53095e5f-1a3f-465f-abbf-85a0f396d5bf","local_time":"20201230201228","is_ascension_mode":true,"campfire_choices":[{"data":"bronze:Goto","floor":1,"key":"SMITH"},{"data":"bronze:HyperBeam","floor":6,"key":"SMITH"},{"data":"bronze:Return","floor":18,"key":"SMITH"},{"data":"bronze:HyperBeam","floor":30,"key":"SMITH"}],"circlet_count":0,"master_deck":["bronze:Strike","bronze:Strike","bronze:Defend","bronze:Defend","bronze:Defend","bronze:Defend","bronze:Replicate","bronze:Goto+1","bronze:WhirlingStrike","bronze:HyperBeam+1","bronze:Return+1","bronze:ChosenStrike","bronze:GetLatest","bronze:SpaghettiCode","bronze:FollowUp","bronze:Repulsor","bronze:FollowUp","bronze:HyperBeam+1","bronze:ThunderWave","bronze:Boost","bronze:RecursiveStrike","bronze:Overload","bronze:Repulsor","bronze:Branch+1","bronze:Assembly","bronze:ThunderWave","bronze:Optimize","bronze:HyperBeam","bronze:ForceShield+1","bronze:Verify"],"relics":["bronze:BronzeCore","FossilizedHelix","Question Card","Strawberry","Kunai","Cursed Key","downfall:HeartBlessingGreen","Guardian:BottledAnomaly","StoneCalendar","downfall:RedIOU","WingedGreaves","Blood Vial","Smiling Mask"],"acts_visited":["Exordium","TheCity"],"potions_floor_usage":[16,27,31,33,33],"damage_taken":[{"damage":0,"enemies":"Jaw Worm","floor":2,"turns":3},{"damage":0,"enemies":"Cultist","floor":3,"turns":3},{"damage":0,"enemies":"2 Louse","floor":4,"turns":3},{"damage":0,"enemies":"downfall:FleeingMerchant","floor":8,"turns":4},{"damage":3,"enemies":"Lagavulin","floor":9,"turns":5},{"damage":0,"enemies":"downfall:FleeingMerchant","floor":10,"turns":4},{"damage":0,"enemies":"Large Slime","floor":12,"turns":5},{"damage":0,"enemies":"Exordium Wildlife","floor":13,"turns":3},{"damage":0,"enemies":"Gremlin Nob","floor":14,"turns":3},{"damage":0,"enemies":"2 Fungi Beasts","floor":15,"turns":3},{"damage":26,"enemies":"downfall:Defect","floor":16,"turns":10},{"damage":0,"enemies":"3 Byrds","floor":19,"turns":6},{"damage":3,"enemies":"Chosen","floor":21,"turns":4},{"damage":0,"enemies":"downfall:FleeingMerchant","floor":22,"turns":4},{"damage":4,"enemies":"downfall:FleeingMerchant","floor":25,"turns":2},{"damage":0,"enemies":"Book of Stabbing","floor":27,"turns":4},{"damage":0,"enemies":"Gremlin Leader","floor":28,"turns":6},{"damage":0,"enemies":"Centurion and Healer","floor":29,"turns":5},{"damage":29,"enemies":"Book of Stabbing","floor":31,"turns":5},{"damage":0,"enemies":"Snecko","floor":32,"turns":3},{"damage":45,"enemies":"downfall:Watcher","floor":33,"turns":9}],"seed_played":"4588819495343059183","potions_obtained":[{"floor":4,"key":"SkillPotion"},{"floor":9,"key":"PowerPotion"},{"floor":12,"key":"GamblersBrew"},{"floor":16,"key":"Strength Potion"},{"floor":28,"key":"Fire Potion"},{"floor":29,"key":"Regen Potion"}],"is_trial":false,"path_per_floor":["R","M","M","M","?","R","T","$","E","$","T","M","M","E","M","B",null,"R","M","?","M","$","?","T","$","?","E","E","M","R","E","M","B"],"character_chosen":"THE_AUTOMATON","items_purchased":["bronze:GetLatest","Guardian:BottledAnomaly","bronze:Assembly","bronze:ThunderWave"],"campfire_rested":0,"item_purchase_floors":[8,22,25,25],"current_hp_per_floor":[63,63,63,63,63,63,63,63,67,67,67,67,67,67,67,41,70,70,70,56,53,53,53,53,49,49,49,49,51,51,24,26,0,0],"gold":138,"neow_bonus":"ONE_RARE_RELIC","is_daily":false,"chose_seed":false,"campfire_upgraded":4,"win_rate":0.0,"timestamp":1609380748,"path_taken":["R","M","M","M","?","R","T","$","E","$","?","M","M","E","M","BOSS","R","M","?","M","$","?","T","?","?","E","E","M","R","E","M","BOSS"],"items_purchased_type":["Card","Relic","Card","Card"],"build_version":"2020-12-22","purchased_purges":2,"victory":false,"max_hp_per_floor":[63,63,63,63,63,63,63,63,70,70,70,70,70,70,70,70,70,70,70,70,70,70,70,70,70,70,70,70,70,70,70,70,70,70],"relic_stats":{"Blood Vial":8,"counters":[21,94],"StoneCalendar":[52],"Kunai":[26],"Question Card":17,"Cursed Key":1,"Smiling Mask":0,"obtain_stats":[{"bronze:BronzeCore":0,"downfall:HeartBlessingGreen":18,"StoneCalendar":24,"Question Card":7,"Cursed Key":17,"Smiling Mask":31,"Blood Vial":28,"Dream Catcher":14,"Strawberry":9,"downfall:RedIOU":26,"WingedGreaves":27,"Kunai":11,"Guardian:BottledAnomaly":22,"FossilizedHelix":0},{"bronze:BronzeCore":0,"downfall:HeartBlessingGreen":11,"StoneCalendar":14,"Question Card":3,"Cursed Key":11,"Smiling Mask":19,"Blood Vial":17,"Dream Catcher":9,"Strawberry":5,"downfall:RedIOU":15,"WingedGreaves":16,"Kunai":6,"Guardian:BottledAnomaly":14,"FossilizedHelix":0},{"bronze:BronzeCore":0,"downfall:HeartBlessingGreen":46,"StoneCalendar":60,"Question Card":9,"Cursed Key":46,"Smiling Mask":82,"Blood Vial":72,"Dream Catcher":33,"Strawberry":18,"downfall:RedIOU":62,"WingedGreaves":66,"Kunai":22,"Guardian:BottledAnomaly":60,"FossilizedHelix":0}]},"card_choices":[{"not_picked":["bronze:Shield","bronze:Turbo"],"picked":"bronze:WhirlingStrike","floor":2},{"not_picked":["bronze:Allocate","bronze:DelayedSlice"],"picked":"bronze:HyperBeam","floor":3},{"not_picked":["bronze:CutThrough","bronze:Invalidate"],"picked":"bronze:Return","floor":4},{"not_picked":["bronze:Boost","bronze:DelayedSlice","bronze:Overheat"],"picked":"bronze:ChosenStrike","floor":8},{"not_picked":["bronze:Philosophize","bronze:Optimize","bronze:Invalidate"],"picked":"bronze:SpaghettiCode","floor":9},{"not_picked":["bronze:Turbo","bronze:BurnOut","bronze:MaxOutput"],"picked":"bronze:FollowUp","floor":10},{"not_picked":["bronze:BitShift","bronze:ChildClass","bronze:DelayedGuard"],"picked":"bronze:Repulsor","floor":12},{"not_picked":["bronze:WildBeam","bronze:Turbo","bronze:BronzeOrb"],"picked":"bronze:FollowUp","floor":13},{"not_picked":["bronze:WildBeam","bronze:Iterate","bronze:ForLoop","bronze:CloningBeam"],"picked":"SKIP","floor":14},{"not_picked":["bronze:BugBarrage","bronze:Turbo","bronze:Overheat"],"picked":"bronze:HyperBeam","floor":15},{"not_picked":["bronze:Break","bronze:ShipIt","bronze:BurnOut"],"picked":"bronze:ThunderWave","floor":16},{"not_picked":["bronze:WhirlingStrike+1","bronze:Allocate","bronze:ChildClass"],"picked":"bronze:Boost","floor":19},{"not_picked":["bronze:Overheat","bronze:NullPointer","bronze:Iterate"],"picked":"bronze:RecursiveStrike","floor":21},{"not_picked":["bronze:Iterate+1","bronze:ClassDefault","bronze:Branch"],"picked":"bronze:Overload","floor":22},{"not_picked":["bronze:FineTuning","bronze:Frontload","bronze:Iterate+1"],"picked":"bronze:Branch+1","floor":25},{"not_picked":["bronze:Overheat","bronze:Shield","bronze:Frontload"],"picked":"bronze:Optimize","floor":27},{"not_picked":["bronze:Shield","bronze:Iterate","bronze:FineTuning"],"picked":"bronze:HyperBeam","floor":28},{"not_picked":["bronze:OilSpill","bronze:Return","bronze:Turbo"],"picked":"bronze:ForceShield+1","floor":29},{"not_picked":["bronze:FineTuning+1","bronze:Branch","bronze:BitShift+1"],"picked":"bronze:Verify","floor":31},{"not_picked":["bronze:Branch+1","bronze:BuggyMess","bronze:Invalidate","bronze:OilSpill"],"picked":"SKIP","floor":32}],"player_experience":1633473,"relics_obtained":[{"floor":7,"key":"Question Card"},{"floor":9,"key":"Strawberry"},{"floor":11,"key":"Kunai"},{"floor":14,"key":"Dream Catcher"},{"floor":24,"key":"StoneCalendar"},{"floor":27,"key":"WingedGreaves"},{"floor":28,"key":"Blood Vial"},{"floor":31,"key":"Smiling Mask"}],"event_choices":[{"cards_removed":["bronze:Strike"],"damage_healed":0,"gold_gain":0,"player_choice":"Offered Basic","damage_taken":0,"max_hp_gain":0,"max_hp_loss":0,"event_name":"Bonfire Elementals","floor":5,"gold_loss":0},{"damage_healed":0,"gold_gain":0,"player_choice":"Read","damage_taken":0,"max_hp_gain":0,"max_hp_loss":0,"event_name":"The Library","floor":23,"gold_loss":0,"cards_obtained":["bronze:Repulsor"]}],"is_beta":false,"boss_relics":[{"not_picked":["bronze:MakeshiftBattery","Astrolabe"],"picked":"Cursed Key"}],"items_purged_floors":[22,25],"is_endless":false,"potions_floor_spawned":[4,9,12,15,16,19,28,29],"killed_by":"downfall:Watcher","ascension_level":1}}