{"host":"an6uhul3yec8m0jh","time":1609415759,"event":{"mods":["ATMod(阿瑾Mod)","Act Like it!","BaseMod","Colored Map","Colored Powertips","Highlight Path","Minty Spire (QoL Compilation)","MostiFishMod","Pale of the Ancients","Quick Restart","StSLib","TestMod","UnlockEverythingMod","Waifu the Spire","noobMod"],"gold_per_floor":[114,114,114,127,142,142,182,182,182,221,241,241,259,283,283,378,378,394,8,22,43,58,58,102,126,126,165,115,136,169,189,189,285,285,298,314,73,73,91,132,132,165,165,203,203,203,216,166,166,166,166,182,197,1196,1146,1146,1166,1166,1116,1116,1241],"floor_reached":62,"playtime":4158,"items_purged":["Defend_P","Defend_P","Strike_P","Strike_P","Strike_P","Defend_P+1"],"score":3885,"play_id":"02c56dc5-d717-4b44-968f-494e4e286e66","local_time":"20201231195559","is_ascension_mode":true,"campfire_choices":[{"data":"Eruption","floor":6.0,"key":"SMITH"},{"data":"MostiFishMod:SparklingWater","floor":12.0,"key":"SMITH"},{"data":"MostiFishMod:FantasySummer","floor":15.0,"key":"SMITH"},{"data":"MostiFishMod:DustFall","floor":23.0,"key":"SMITH"},{"data":"TalkToTheHand","floor":32.0,"key":"SMITH"},{"data":"MostiFishMod:NightSea","floor":41.0,"key":"SMITH"},{"floor":45.0,"key":"DIG"},{"floor":49.0,"key":"DIG"},{"floor":56.0,"key":"DIG"},{"data":"testmod-SubstituteBySubterfuge","floor":58,"key":"SMITH"}],"circlet_count":0,"master_deck":["AscendersBane","Eruption+1","Vigilance+1","MostiFishMod:Neptune+1","MostiFishMod:TheEndOfMoonlight+1","MostiFishMod:SparklingWater+1","MostiFishMod:FantasySummer+1","MostiFishMod:NightSea+1","AT_FamilyPortrait+1","Brilliance","Tantrum","CutThroughFate","christmas-Death+1","FearNoEvil+1","MostiFishMod:StarWish+1","FlurryOfBlows+1","MostiFishMod:DustFall+1","MostiFishMod:Disappear+1","TalkToTheHand+1","MostiFishMod:Dust+1","Omniscience+1","MostiFishMod:StarLaLaLa+1","Omniscience+1","LessonLearned+1","AT_MachinaRedman+1","MostiFishMod:Speedup+1","Adaptation+1","testmod-SubstituteBySubterfuge+1","MostiFishMod:DisColor+1","Vault+1","MostiFishMod:Nomercy+1","MostiFishMod:OneDayCity+1","WheelKick","Deep Breath","MostiFishMod:Speedup+1","Ragnarok+1","MostiFishMod:LegendTransform+1","MostiFishMod:PathToVictory","testmod-Reproduce+1","testmod-RabbitOfFibonacci","MostiFishMod:SparklingWater+1"],"relics":["PureWater","ice","testmod-TestBox","AT_ATBox","testmod-GiftOfSatan","NeowsBlessing","SynthV:TestCard","Golden Idol","Smiling Mask","White Beast Statue","testmod-Hope","Anchor","testmod-Fanaticism","BrkXgEgg","testmod-OneHitWonder","Frozen Egg 2","Letter Opener","Ginger","Empty Cage","AT_ArchangelStaff","Shovel","Dead Branch","HornCleat","DaveBox","DiscerningMonocle","AT_BellDemon","Potion Belt","Lee\u0027s Waffle","Sundial","paleoftheancients:Timepiece","paleoftheancients:KeyRelic","Oddly Smooth Stone","Coffee Dripper","Gremlin Horn","paleoftheancients:SoulOfTheWatcher","Ying","Mummified Hand","AT_GuinsooRageblade","Ice Cream","AT_MibuBalloonWealth","DollysMirror"],"acts_visited":["Exordium","TheCity","TheBeyond","paleoftheancients:PaleOfTheAncients"],"potions_floor_usage":[61,61,61,61,61,61,61],"damage_taken":[{"damage":0.0,"enemies":"2 Louse","floor":1.0,"turns":1.0},{"damage":0.0,"enemies":"Cultist","floor":4.0,"turns":1.0},{"damage":0.0,"enemies":"Jaw Worm","floor":5.0,"turns":1.0},{"damage":5.0,"enemies":"3 Sentries","floor":7.0,"turns":3.0},{"damage":0.0,"enemies":"Lagavulin","floor":10.0,"turns":2.0},{"damage":0.0,"enemies":"Gremlin Gang","floor":11.0,"turns":2.0},{"damage":0.0,"enemies":"Blue Slaver","floor":13.0,"turns":1.0},{"damage":0.0,"enemies":"Large Slime","floor":14.0,"turns":2.0},{"damage":6.0,"enemies":"Hexaghost","floor":16.0,"turns":4.0},{"damage":21.0,"enemies":"2 Thieves","floor":18.0,"turns":2.0},{"damage":5.0,"enemies":"3 Byrds","floor":20.0,"turns":3.0},{"damage":12.0,"enemies":"Snecko","floor":21.0,"turns":3.0},{"damage":7.0,"enemies":"Centurion and Healer","floor":22.0,"turns":3.0},{"damage":5.0,"enemies":"Gremlin Leader","floor":24.0,"turns":3.0},{"damage":5.0,"enemies":"Sentry and Sphere","floor":25.0,"turns":3.0},{"damage":0.0,"enemies":"Book of Stabbing","floor":27.0,"turns":2.0},{"damage":0.0,"enemies":"Shelled Parasite and Fungi","floor":29.0,"turns":1.0},{"damage":32.0,"enemies":"Slavers","floor":30.0,"turns":3.0},{"damage":0.0,"enemies":"Snake Plant","floor":31.0,"turns":2.0},{"damage":5.0,"enemies":"Collector","floor":33.0,"turns":4.0},{"damage":5.0,"enemies":"Orb Walker","floor":35.0,"turns":3.0},{"damage":5.0,"enemies":"3 Shapes","floor":36.0,"turns":4.0},{"damage":5.0,"enemies":"Writhing Mass","floor":39.0,"turns":2.0},{"damage":6.0,"enemies":"Reptomancer","floor":40.0,"turns":4.0},{"damage":0.0,"enemies":"Nemesis","floor":42.0,"turns":2.0},{"damage":5.0,"enemies":"Reptomancer","floor":44.0,"turns":4.0},{"damage":6.0,"enemies":"Transient","floor":47.0,"turns":4.0},{"damage":25.0,"enemies":"Time Eater","floor":50.0,"turns":5.0},{"damage":0.0,"enemies":"Awakened One","floor":51.0,"turns":2.0},{"damage":37.0,"enemies":"Awakened One","floor":52.0,"turns":5.0},{"damage":0.0,"enemies":"Awakened One","floor":53.0,"turns":2.0},{"damage":5.0,"enemies":"Awakened One","floor":57.0,"turns":3.0},{"damage":5,"enemies":"paleoftheancients:N","floor":61,"turns":4}],"seed_played":"-2423331440562598058","potions_obtained":[{"floor":1.0,"key":"LiquidBronze"},{"floor":4.0,"key":"Block Potion"},{"floor":10.0,"key":"Fire Potion"},{"floor":11.0,"key":"GamblersBrew"},{"floor":16.0,"key":"DistilledChaos"},{"floor":18.0,"key":"Dexterity Potion"},{"floor":27.0,"key":"DistilledChaos"},{"floor":31.0,"key":"Strength Potion"},{"floor":39.0,"key":"GamblersBrew"},{"floor":40.0,"key":"FearPotion"},{"floor":42.0,"key":"testmod-EscapePotion"},{"floor":53.0,"key":"EntropicBrew"}],"is_trial":false,"path_per_floor":["M","?","?","M","M","R","E","?","T","E","M","R","M","M","R","B",null,"M","$","M","M","M","R","E","M","T","E","$","M","E","M","R","B",null,"M","M","$","?","M","E","R","E","T","E","R","?","M","$","R","B","B","M","M","?","$","R","M","R","$","?","B",null],"character_chosen":"WATCHER","items_purchased":["BrkXgEgg","MostiFishMod:Disappear+1","TalkToTheHand","Adaptation+1","testmod-SubstituteBySubterfuge","AT_BellDemon","MostiFishMod:OneDayCity+1","Potion Belt","Lee\u0027s Waffle","WheelKick","Ambrosia","SpeedPotion","Deep Breath","Ying","Mummified Hand","Ragnarok+1","MostiFishMod:LegendTransform+1","AT_GuinsooRageblade","AT_MibuBalloonWealth","testmod-Reproduce+1","testmod-RabbitOfFibonacci","DollysMirror"],"campfire_rested":0,"item_purchase_floors":[19,19,19,37,37,48,48,48,48,48,48,48,48,55,55,55,55,55,59,59,59,59],"current_hp_per_floor":[61,38,28,28,28,28,23,23,23,36,65,65,65,65,65,88,88,88,88,90,86,79,79,96,105,105,116,116,116,123,123,123,123,123,130,125,125,125,127,130,130,130,130,130,130,130,130,137,137,137,137,137,137,137,137,137,137,137,137,137,137],"gold":1241,"neow_bonus":"THREE_ENEMY_KILL","is_daily":false,"chose_seed":false,"campfire_upgraded":7,"win_rate":0.0,"timestamp":1609415759,"path_taken":["M","?","?","?","M","R","E","?","T","E","M","R","M","M","R","BOSS","M","$","M","M","M","R","E","M","T","E","$","?","E","M","R","BOSS","M","M","$","?","M","E","R","E","T","E","R","?","M","$","R","BOSS","BOSS","M","M","?","$","R","M","R","$","?","BOSS"],"items_purchased_type":["Relic","Card","Card","Card","Card","Relic","Card","Relic","Relic","Card","Potion","Potion","Card","Relic","Relic","Card","Card","Relic","Relic","Card","Card","Relic"],"build_version":"2020-12-22","purchased_purges":6,"victory":true,"max_hp_per_floor":[68,68,68,68,68,68,68,68,68,68,83,83,83,83,83,88,88,88,88,95,95,95,95,102,109,109,116,116,116,123,123,123,123,123,130,130,130,130,130,130,130,130,130,130,130,130,130,137,137,137,137,137,137,137,137,137,137,137,137,137,137],"card_choices":[{"not_picked":["Perseverance","CrushJoints","FlyingSleeves"],"picked":"SKIP","floor":1.0},{"not_picked":["ClearTheMind","AT_OneInchPunch","Prostrate","EmptyBody","Consecrate"],"picked":"SKIP","floor":4.0},{"not_picked":["Evaluate","FlurryOfBlows","BowlingBash","ThirdEye"],"picked":"Brilliance","floor":5.0},{"not_picked":["Study","MostiFishMod:Speedup","EmptyFist","AT_DivineConfetti"],"picked":"Tantrum","floor":7.0},{"not_picked":["Crescendo","SashWhip","AT_RealFormLess","Evaluate"],"picked":"CutThroughFate","floor":10.0},{"not_picked":["christmas-Famine","christmas-Plague","christmas-War","christmas-War"],"picked":"christmas-Death","floor":11.0},{"not_picked":["CutThroughFate","EmptyBody","Crescendo","Evaluate"],"picked":"FearNoEvil","floor":11.0},{"not_picked":["MostiFishMod:FlowState","Evaluate","Protect","FlurryOfBlows"],"picked":"MostiFishMod:StarWish","floor":13.0},{"not_picked":["Consecrate","ClearTheMind","EmptyBody","BowlingBash"],"picked":"FlurryOfBlows","floor":14.0},{"not_picked":["MostiFishMod:KamiSmash","AT_MachinaRedman","Judgement","MostiFishMod:StarHerder"],"picked":"MostiFishMod:DustFall","floor":16.0},{"not_picked":["Evaluate","PathToVictory","Study","Protect","Consecrate"],"picked":"SKIP","floor":18.0},{"not_picked":["EmptyBody","FlurryOfBlows","FollowUp","CrushJoints"],"picked":"MostiFishMod:Dust+1","floor":20.0},{"not_picked":["Prostrate","Protect","EmptyFist","Consecrate","Conclude"],"picked":"SKIP","floor":21.0},{"not_picked":["LikeWater","WaveOfTheHand","Sanctity","JustLucky"],"picked":"Omniscience+1","floor":22.0},{"not_picked":["ClearTheMind","SashWhip","Protect","Nirvana"],"picked":"MostiFishMod:StarLaLaLa+1","floor":24.0},{"not_picked":["Prostrate","CrushJoints","Conclude","CutThroughFate","EmptyFist"],"picked":"SKIP","floor":25.0},{"not_picked":["Judgement+1","CutThroughFate","ThirdEye","MostiFishMod:FlowState"],"picked":"Omniscience+1","floor":27.0},{"not_picked":["JustLucky","PathToVictory","Halt+1","EmptyFist","CrushJoints"],"picked":"SKIP","floor":29.0},{"not_picked":["Weave+1","FollowUp","FlyingSleeves","Wireheading+1"],"picked":"LessonLearned+1","floor":30.0},{"not_picked":["Indignation+1","FollowUp","EmptyFist","Worship"],"picked":"InnerPeace","floor":31.0},{"not_picked":["christmas-Death","christmas-Famine","christmas-Plague+1","christmas-War+1","christmas-Death+1"],"picked":"SKIP","floor":31.0},{"not_picked":["MostiFishMod:Moonprays+1","DeusExMachina+1","MasterReality+1","ConjureBlade+1"],"picked":"AT_MachinaRedman+1","floor":33.0},{"not_picked":["FollowUp+1","CutThroughFate","Fasting2+1","Halt","WreathOfFlame"],"picked":"SKIP","floor":35.0},{"not_picked":["Tantrum+1","DeceiveReality","Evaluate","EmptyMind"],"picked":"MostiFishMod:Speedup+1","floor":36.0},{"not_picked":["Meditate","Fasting2+1","CutThroughFate","Consecrate"],"picked":"MostiFishMod:DisColor+1","floor":39.0},{"not_picked":["Consecrate+1","BowlingBash","Weave","FlurryOfBlows+1"],"picked":"Vault+1","floor":40.0},{"not_picked":["SandsOfTime","EmptyFist","Protect","MostiFishMod:FlowState"],"picked":"MostiFishMod:Nomercy+1","floor":42.0},{"not_picked":["MostiFishMod:Clarity+1","FearNoEvil","Evaluate","WindmillStrike","Nirvana+1"],"picked":"SKIP","floor":44.0},{"not_picked":["Sanctity","Crescendo","BowlingBash","DeceiveReality","ThirdEye"],"picked":"SKIP","floor":47.0},{"not_picked":["SashWhip","Fasting2+1","SandsOfTime","Swivel+1"],"picked":"MostiFishMod:Speedup+1","floor":52.0},{"not_picked":["FearNoEvil+1","Wireheading+1","Halt","FlurryOfBlows+1","Collect"],"picked":"SKIP","floor":53.0},{"not_picked":["MostiFishMod:Moonprays+1","Protect","CrushJoints","JustLucky"],"picked":"MostiFishMod:PathToVictory","floor":57.0}],"player_experience":180578,"relics_obtained":[{"floor":1.0,"key":"SynthV:TestCard"},{"floor":7.0,"key":"Smiling Mask"},{"floor":9.0,"key":"testmod-Hope"},{"floor":10.0,"key":"Anchor"},{"floor":24.0,"key":"testmod-OneHitWonder"},{"floor":26.0,"key":"Frozen Egg 2"},{"floor":27.0,"key":"Letter Opener"},{"floor":30.0,"key":"Ginger"},{"floor":40.0,"key":"AT_ArchangelStaff"},{"floor":42.0,"key":"Shovel"},{"floor":44.0,"key":"Dead Branch"},{"floor":45.0,"key":"HornCleat"},{"floor":49.0,"key":"Sundial"},{"floor":52.0,"key":"paleoftheancients:SoulOfTheWatcher"},{"floor":53.0,"key":"paleoftheancients:SoulOfTheCollector"},{"floor":56.0,"key":"Ice Cream"},{"floor":57.0,"key":"paleoftheancients:SoulOfTheBandit"}],"event_choices":[{"damage_healed":0.0,"max_hp_gain":0.0,"max_hp_loss":0.0,"gold_gain":0.0,"event_name":"Golden Idol","player_choice":"Take Damage","floor":2.0,"gold_loss":0.0,"damage_taken":23.0,"relics_obtained":["Golden Idol"]},{"damage_healed":0.0,"max_hp_gain":0.0,"max_hp_loss":0.0,"gold_gain":0.0,"event_name":"Wheel of Change","player_choice":"Damaged","floor":3.0,"gold_loss":0.0,"damage_taken":10.0},{"damage_healed":0.0,"max_hp_gain":0.0,"max_hp_loss":0.0,"gold_gain":0.0,"event_name":"WeMeetAgain","player_choice":"Gave Potion","floor":8.0,"gold_loss":0.0,"damage_taken":0.0,"relics_obtained":["White Beast Statue"]},{"cards_removed":["InnerPeace"],"damage_healed":0.0,"max_hp_gain":0.0,"max_hp_loss":0.0,"gold_gain":0.0,"event_name":"Falling","player_choice":"Removed Skill","floor":38.0,"gold_loss":0.0,"damage_taken":0.0},{"damage_healed":0.0,"max_hp_gain":0.0,"max_hp_loss":0.0,"gold_gain":0.0,"event_name":"给自己的盒子","player_choice":"Swap Relic","floor":46.0,"relics_lost":["DaveBox"],"gold_loss":0.0,"damage_taken":0.0,"relics_obtained":["DaveBox"]},{"damage_healed":0.0,"max_hp_gain":0.0,"max_hp_loss":0.0,"gold_gain":999.0,"event_name":"恩洛斯的盘子","player_choice":"Sell","floor":54.0,"relics_lost":["MoonlightInvasionPlan"],"gold_loss":0.0,"damage_taken":0.0}],"is_beta":false,"boss_relics":[{"not_picked":["testmod-StringDisintegrator","PatriotShield"],"picked":"testmod-Fanaticism"},{"not_picked":["HaiYi:Twilight","Coffee Dripper"],"picked":"Empty Cage"}],"items_purged_floors":[19,28,37,48,55,59],"is_endless":false,"potions_floor_spawned":[1,4,7,10,11,13,14,16,18,20,21,22,24,25,27,29,30,31,33,35,36,39,40,42,44,47,52,53,57],"ascension_level":20}}