{"host":"3i0tc1zs9k2bo7un","time":1609401357,"event":{"mods":["Act Like it!","Aspiration","BaseMod","Better Synergies","Communication Mod","Gensokyo","Minty Spire (QoL Compilation)","MostiFishMod","Quick Restart","Replay The Spire","StSLib","TestMod","[IsaacMod]以撒尖塔","【遗物卡牌】REMEMod"],"gold_per_floor":[117,117,132,150,167,202,213,213,213,244,77,26,26,42,42,292,292],"floor_reached":16,"playtime":575,"items_purged":[],"score":204,"play_id":"6057e57a-7940-478c-b3c1-5efe161a1ff8","local_time":"20201231155557","is_ascension_mode":true,"campfire_choices":[{"data":"Coolheaded","floor":8,"key":"SMITH"},{"data":"Seek","floor":13,"key":"SMITH"},{"data":"MostiFishMod:LinkProtocol","floor":15,"key":"SMITH"}],"circlet_count":0,"master_deck":["AscendersBane","Strike_B","Strike_B","Strike_B","Strike_B","Defend_B","Defend_B","Defend_B","Defend_B","Zap","Dualcast","MostiFishMod:LinkProtocol+1","Turbo","Coolheaded+1","Heatsinks","Seek+1","Gensokyo:TarnishedGold"],"relics":["Cracked Core","HushsDoor","Void","EGODaCapo","testmod-ArcanaOfDestiny","SynthV:TestCard","Happy Flower","Bottled Lightning","BrkXgEgg"],"acts_visited":["Gensokyo:Gensokyo"],"potions_floor_usage":[],"damage_taken":[{"damage":0.0,"enemies":"Gensokyo:3_Fairies","floor":1.0,"turns":1.0},{"damage":0.0,"enemies":"Gensokyo:Gryphon","floor":3.0,"turns":1.0},{"damage":0,"enemies":"Gensokyo:Python","floor":4,"turns":1},{"damage":0,"enemies":"Gensokyo:Gryphon_and_Rabbit","floor":5,"turns":4},{"damage":11,"enemies":"Gensokyo:Mamizou","floor":6,"turns":7},{"damage":0,"enemies":"Gensokyo:Kitsune","floor":7,"turns":3},{"damage":17,"enemies":"Gensokyo:Cirno","floor":10,"turns":6},{"damage":0,"enemies":"Gensokyo:2_Rabbits","floor":14,"turns":7},{"damage":1,"enemies":"Gensokyo:Reimu","floor":16,"turns":5}],"seed_played":"-3736899350138611766","potions_obtained":[{"floor":1.0,"key":"Elixir"},{"floor":4,"key":"FearPotion"}],"is_trial":false,"path_per_floor":["M","?","M","M","M","E","M","R","T","E","$","COS","R","M","R","B"],"character_chosen":"DEFECT","items_purchased":["BrkXgEgg"],"campfire_rested":0,"item_purchase_floors":[11],"current_hp_per_floor":[64,78,78,78,78,67,67,67,67,50,50,50,50,50,50,49,49],"gold":292,"neow_bonus":"THREE_ENEMY_KILL","is_daily":false,"chose_seed":false,"campfire_upgraded":3,"win_rate":0.0,"timestamp":1609401357,"path_taken":["M","?","M","M","M","E","M","R","T","E","?","COS","R","M","R","BOSS"],"items_purchased_type":["Relic"],"build_version":"2020-12-22","purchased_purges":0,"victory":false,"max_hp_per_floor":[71,85,85,85,85,85,85,85,85,85,85,85,85,85,85,85,85],"card_choices":[{"not_picked":["Gash","Conserve Battery"],"picked":"Turbo","floor":1.0},{"not_picked":["BasicCrystalCard","Stack","MostiFishMod:ATRI","Conserve Battery","Turbo"],"picked":"SKIP","floor":3},{"not_picked":["MostiFishMod:PushDownKick","Doom and Gloom","Steam","Go for the Eyes","Gash"],"picked":"SKIP","floor":4},{"not_picked":["Steam","Static Discharge","ReplaySort","Barrage"],"picked":"Coolheaded","floor":5},{"not_picked":["Go for the Eyes","Double Energy","Streamline","Sweeping Beam"],"picked":"Heatsinks","floor":6},{"not_picked":["BasicCrystalCard","Panic Button","Rebound","Redo"],"picked":"Seek","floor":7},{"not_picked":["Sweeping Beam","Sunder","MostiFishMod:PushDownKick","MostiFishMod:Impulse","Rebound"],"picked":"SKIP","floor":10},{"not_picked":["Go for the Eyes","Steam","MostiFishMod:PushDownKick","Gash","Beam Cell"],"picked":"SKIP","floor":14}],"player_experience":664920,"relics_obtained":[{"floor":1.0,"key":"SynthV:TestCard"},{"floor":6,"key":"testmod-ObsoleteBoomerang"},{"floor":9,"key":"Happy Flower"},{"floor":10,"key":"Bottled Lightning"}],"event_choices":[{"damage_healed":0.0,"max_hp_gain":0.0,"max_hp_loss":0.0,"gold_gain":0.0,"event_name":"给自己的盒子","player_choice":"Swap Relic","floor":2.0,"relics_lost":["Mango"],"gold_loss":0.0,"damage_taken":0.0,"relics_obtained":["Mango"]}],"is_beta":false,"boss_relics":[],"items_purged_floors":[],"is_endless":false,"potions_floor_spawned":[1,4,7],"killed_by":"Gensokyo:Reimu","ascension_level":20}}