{"host":"na09lpbrez4gbfiz","time":1609457272,"event":{"mods":["Act Like it!","BaseMod","BetterRewards","Colored Map","Colored Powertips","DeckTracker","Googly Eyes","Highlight Path","Minty Spire (QoL Compilation)","Quick Restart","Spicy Shops","StSLib","SuperFastMode","Synergy Search"],"gold_per_floor":[119,394,404,419,419,419,452,452,505,515,515,543,110,141,141,240,240,257,167,177,177,193,193,39,74,74,74,105,20,20,20],"floor_reached":30,"playtime":737,"items_purged":["Regret"],"score":479,"play_id":"5431bb89-bf18-4554-8b0e-18d81e85cd4a","local_time":"20210101002752","is_ascension_mode":true,"campfire_choices":[{"data":"Bash","floor":6,"key":"SMITH"},{"data":"Demon Form","floor":8,"key":"SMITH"},{"floor":11,"key":"REST"},{"floor":15,"key":"REST"},{"data":"Berserk","floor":23,"key":"SMITH"},{"data":"Sword Boomerang","floor":27,"key":"SMITH"}],"circlet_count":0,"master_deck":["AscendersBane","Strike_R+1","Strike_R","Strike_R+1","Strike_R+1","Defend_R","Defend_R","Defend_R","Defend_R+1","Bash+1","Demon Form+1","Hemokinesis","Sword Boomerang+1","Ghostly Armor+1","Feed","Bloodletting","Seeing Red","Berserk+1"],"relics":["Burning Blood","NeowsBlessing","Happy Flower","Whetstone","Regal Pillow","Centennial Puzzle","Brimstone","Bird Faced Urn","SacredBark","Membership Card","Paper Frog","Question Card","Dream Catcher","TungstenRod"],"acts_visited":["Exordium","TheCity"],"potions_floor_usage":[7,12,16,16,25,25],"damage_taken":[{"damage":0,"enemies":"2 Louse","floor":1,"turns":1},{"damage":0,"enemies":"Cultist","floor":3,"turns":1},{"damage":0,"enemies":"Small Slimes","floor":4,"turns":1},{"damage":43,"enemies":"3 Sentries","floor":7,"turns":12},{"damage":14,"enemies":"3 Louse","floor":10,"turns":3},{"damage":33,"enemies":"Lagavulin","floor":12,"turns":5},{"damage":20,"enemies":"3 Sentries","floor":14,"turns":4},{"damage":39,"enemies":"Hexaghost","floor":16,"turns":6},{"damage":0,"enemies":"Spheric Guardian","floor":18,"turns":3},{"damage":5,"enemies":"Shell Parasite","floor":20,"turns":2},{"damage":18,"enemies":"Centurion and Healer","floor":22,"turns":3},{"damage":2,"enemies":"Book of Stabbing","floor":25,"turns":3},{"damage":29,"enemies":"Gremlin Leader","floor":28,"turns":4},{"damage":68,"enemies":"Slavers","floor":30,"turns":3}],"seed_played":"7200310505611397487","potions_obtained":[{"floor":1,"key":"SteroidPotion"},{"floor":7,"key":"BloodPotion"},{"floor":12,"key":"GamblersBrew"},{"floor":18,"key":"SteroidPotion"},{"floor":22,"key":"Block Potion"}],"is_trial":false,"path_per_floor":["M","?","M","M","?","R","E","R","T","M","R","E","$","E","R","B",null,"M","?","M","?","M","R","$","E","T","R","E","?","E"],"character_chosen":"IRONCLAD","items_purchased":["Centennial Puzzle","Brimstone","BloodPotion","Sword Boomerang","Membership Card"],"campfire_rested":2,"item_purchase_floors":[13,13,13,13,24],"current_hp_per_floor":[78,78,80,80,64,64,27,27,27,19,43,32,32,18,57,42,71,79,79,80,80,68,68,68,72,72,72,53,53,0,0],"gold":20,"neow_bonus":"THREE_ENEMY_KILL","is_daily":false,"chose_seed":false,"campfire_upgraded":4,"win_rate":0.0,"timestamp":1609457272,"path_taken":["M","?","M","?","?","R","E","R","T","M","R","E","$","E","R","BOSS","M","?","?","?","M","R","$","E","T","R","E","?","E"],"items_purchased_type":["Relic","Relic","Potion","Card","Relic"],"build_version":"2020-12-22","purchased_purges":1,"victory":false,"max_hp_per_floor":[80,80,80,80,80,80,80,80,80,80,80,80,80,80,80,80,80,80,80,80,80,80,80,80,80,80,80,80,80,80,80],"card_choices":[{"not_picked":["Fire Breathing","Reckless Charge","Body Slam"],"picked":"SKIP","floor":1},{"not_picked":["Fire Breathing","Thunderclap","Infernal Blade"],"picked":"SKIP","floor":3},{"not_picked":["Body Slam","Thunderclap","Rupture"],"picked":"SKIP","floor":4},{"not_picked":["Body Slam","Thunderclap","Rupture"],"picked":"SKIP","floor":4},{"not_picked":["Spot Weakness","Sentinel"],"picked":"Demon Form","floor":7},{"not_picked":["Perfected Strike","Rage"],"picked":"Hemokinesis","floor":10},{"not_picked":["Flex","Dropkick","Clash"],"picked":"SKIP","floor":12},{"not_picked":["Shrug It Off","Rupture"],"picked":"Ghostly Armor","floor":14},{"not_picked":["Juggernaut","Bludgeon"],"picked":"Feed","floor":16},{"not_picked":["Twin Strike","Havoc+1"],"picked":"Bloodletting","floor":18},{"not_picked":["Twin Strike+1","Rampage","Sword Boomerang"],"picked":"SKIP","floor":20},{"not_picked":["Clothesline","Power Through"],"picked":"Berserk","floor":22},{"not_picked":["Cleave","Wild Strike","Carnage"],"picked":"SKIP","floor":25},{"not_picked":["True Grit","Flex","Corruption","Whirlwind+1"],"picked":"SKIP","floor":28}],"player_experience":251046,"relics_obtained":[{"floor":7,"key":"Happy Flower"},{"floor":9,"key":"Whetstone"},{"floor":12,"key":"Regal Pillow"},{"floor":14,"key":"Bird Faced Urn"},{"floor":25,"key":"Paper Frog"},{"floor":26,"key":"Question Card"},{"floor":28,"key":"Dream Catcher"}],"event_choices":[{"damage_healed":0,"gold_gain":275,"player_choice":"Desecrate","damage_taken":0,"max_hp_gain":0,"max_hp_loss":0,"event_name":"Golden Shrine","floor":2,"gold_loss":0,"cards_obtained":["Regret"]},{"damage_healed":0,"gold_gain":0,"player_choice":"Entered Light","damage_taken":16,"max_hp_gain":0,"max_hp_loss":0,"event_name":"Shining Light","floor":5,"gold_loss":0,"cards_upgraded":["Strike_R","Defend_R"]},{"cards_removed":["Strike_R"],"damage_healed":0,"gold_gain":0,"player_choice":"Upgrade and Remove","damage_taken":0,"max_hp_gain":0,"max_hp_loss":0,"event_name":"Designer","floor":19,"gold_loss":90,"cards_upgraded":["Ghostly Armor"]},{"damage_healed":0,"gold_gain":0,"player_choice":"Read","damage_taken":0,"max_hp_gain":0,"max_hp_loss":0,"event_name":"The Library","floor":21,"gold_loss":0,"cards_obtained":["Seeing Red"]},{"damage_healed":0,"gold_gain":0,"player_choice":"Obtained Relic","damage_taken":0,"relics_obtained":["TungstenRod"],"max_hp_gain":0,"max_hp_loss":0,"event_name":"Addict","floor":29,"gold_loss":85}],"is_beta":false,"boss_relics":[{"not_picked":["Runic Cube","Runic Dome"],"picked":"SacredBark"}],"items_purged_floors":[13],"is_endless":false,"potions_floor_spawned":[1,7,12,14,18,22],"killed_by":"Slavers","ascension_level":11}}