{"host":"3qkmyeoym75lj4wn","time":1609382971,"event":{"mods":["2.2 Compatiblity","Act Like it!","BaseMod","Bestiary","Block Reminder","Colored Powertips","Highlight Path","Minty Spire (QoL Compilation)","Permanent Neow","Rare Cards Sparkle","Relic Stats","StSLib"],"gold_per_floor":[110,129,204,5,5,40,40,100,145,182,18,50,50,86,86,172,181,192,201,217,16,52,52,52],"floor_reached":23,"playtime":783,"items_purged":["Strike_G","Strike_G"],"score":576,"play_id":"2a4257a1-46f2-4f72-bdf4-d05f237a320c","local_time":"20201231024931","is_ascension_mode":true,"campfire_choices":[{"floor":7.0,"key":"REST"},{"floor":15.0,"key":"REST"}],"circlet_count":0,"master_deck":["AscendersBane","Strike_G","Strike_G","Strike_G","Defend_G","Defend_G+1","Defend_G+1","Defend_G","Defend_G","Survivor","Neutralize","Dagger Spray","Predator","Leg Sweep","Well Laid Plans","Good Instincts","Dagger Spray","Unload","Venomology","CurseOfTheBell","Pain","Deflect+1","Malaise+1","Neutralize","Masterful Stab","Slice"],"relics":["Ring of the Snake","NeowsBlessing","Membership Card","PreservedInsect","CeramicFish","Potion Belt","FossilizedHelix","Nunchaku","Mummified Hand","Calling Bell","Art of War","Toxic Egg 2","Ginger","WarpedTongs","Matryoshka"],"acts_visited":["Exordium","TheCity"],"potions_floor_usage":[23],"damage_taken":[{"damage":0.0,"enemies":"2 Louse","floor":1.0,"turns":1.0},{"damage":0.0,"enemies":"Jaw Worm","floor":2.0,"turns":1.0},{"damage":0.0,"enemies":"Lagavulin","floor":6.0,"turns":1.0},{"damage":0.0,"enemies":"3 Sentries","floor":8.0,"turns":9.0},{"damage":22.0,"enemies":"3 Sentries","floor":10.0,"turns":8.0},{"damage":0.0,"enemies":"Gremlin Nob","floor":12.0,"turns":4.0},{"damage":0.0,"enemies":"3 Sentries","floor":14.0,"turns":4.0},{"damage":9.0,"enemies":"Slime Boss","floor":16.0,"turns":8.0},{"damage":18.0,"enemies":"2 Thieves","floor":18.0,"turns":5.0},{"damage":28.0,"enemies":"Spheric Guardian","floor":20.0,"turns":6.0},{"damage":39,"enemies":"Gremlin Leader","floor":23,"turns":4}],"seed_played":"629079038133930679","potions_obtained":[{"floor":2.0,"key":"Dexterity Potion"},{"floor":10.0,"key":"Energy Potion"},{"floor":12.0,"key":"FairyPotion"},{"floor":14.0,"key":"ColorlessPotion"}],"is_trial":false,"path_per_floor":["M","M","?","$","?","E","R","?","T","E","$","E","$","E","R","B",null,"M","?","M","$","?","E"],"character_chosen":"THE_SILENT","items_purchased":["Membership Card","Good Instincts","Dagger Spray","PowerPotion","ColorlessPotion","Matryoshka","DistilledChaos","Deflect+1"],"campfire_rested":2,"item_purchase_floors":[4,11,11,11,11,21,21,21],"current_hp_per_floor":[59,59,48,48,28,28,47,47,47,25,25,25,25,25,44,35,58,40,40,12,12,12,0,0],"gold":52,"neow_bonus":"THREE_ENEMY_KILL","is_daily":false,"chose_seed":false,"campfire_upgraded":0,"win_rate":0.0,"timestamp":1609382971,"path_taken":["M","M","?","$","?","E","R","?","T","E","$","E","?","E","R","BOSS","M","?","?","$","?","E"],"items_purchased_type":["Relic","Card","Card","Potion","Potion","Relic","Potion","Card"],"build_version":"2020-12-22","purchased_purges":2,"victory":false,"max_hp_per_floor":[66,66,66,66,66,66,66,66,66,66,66,66,66,66,66,66,66,66,66,66,66,66,66,66],"relic_stats":{"Nunchaku":[6],"counters":[11,51],"Mummified Hand":[3],"CeramicFish":108,"PreservedInsect":170,"Art of War":[0],"Ginger":[4],"obtain_stats":[{"Potion Belt":9,"NeowsBlessing":0,"CeramicFish":8,"PreservedInsect":6,"Ginger":17,"WarpedTongs":19,"Calling Bell":17,"Nunchaku":12,"Matryoshka":21,"Mummified Hand":14,"Art of War":17,"Membership Card":4,"Toxic Egg 2":17,"FossilizedHelix":10,"Ring of the Snake":0},{"Potion Belt":4,"NeowsBlessing":0,"CeramicFish":4,"PreservedInsect":3,"Ginger":8,"WarpedTongs":9,"Calling Bell":8,"Nunchaku":6,"Matryoshka":10,"Mummified Hand":7,"Art of War":8,"Membership Card":2,"Toxic Egg 2":8,"FossilizedHelix":5,"Ring of the Snake":0},{"Potion Belt":12,"NeowsBlessing":0,"CeramicFish":12,"PreservedInsect":3,"Ginger":36,"WarpedTongs":41,"Calling Bell":36,"Nunchaku":24,"Matryoshka":47,"Mummified Hand":28,"Art of War":36,"Membership Card":2,"Toxic Egg 2":36,"FossilizedHelix":20,"Ring of the Snake":0}],"Ring of the Snake":[22],"WarpedTongs":[10]},"card_choices":[{"not_picked":["Acrobatics","Tactician"],"picked":"Dagger Spray","floor":1.0},{"not_picked":["Deflect","Backflip"],"picked":"Predator","floor":2.0},{"not_picked":["Slice","Dagger Throw"],"picked":"Leg Sweep","floor":6.0},{"not_picked":["Flying Knee","Underhanded Strike"],"picked":"Well Laid Plans","floor":10.0},{"not_picked":["Acrobatics","Catalyst","Eviscerate"],"picked":"SKIP","floor":12.0},{"not_picked":["Prepared","Accuracy"],"picked":"Unload","floor":14.0},{"not_picked":["Phantasmal Killer","Storm of Steel"],"picked":"Venomology","floor":16.0},{"not_picked":["Quick Slash","Predator","Underhanded Strike"],"picked":"SKIP","floor":18.0},{"not_picked":["Skewer","Sucker Punch","Finisher"],"picked":"SKIP","floor":20.0}],"player_experience":1618978,"relics_obtained":[{"floor":6.0,"key":"PreservedInsect"},{"floor":8.0,"key":"CeramicFish"},{"floor":9.0,"key":"Potion Belt"},{"floor":10.0,"key":"FossilizedHelix"},{"floor":12.0,"key":"Nunchaku"},{"floor":14.0,"key":"Mummified Hand"},{"floor":17.0,"key":"Art of War"},{"floor":17.0,"key":"Toxic Egg 2"},{"floor":17.0,"key":"Ginger"}],"event_choices":[{"damage_healed":0.0,"max_hp_gain":0.0,"max_hp_loss":0.0,"gold_gain":75.0,"event_name":"World of Goop","player_choice":"Gather Gold","floor":3.0,"gold_loss":0.0,"damage_taken":11.0},{"damage_healed":0.0,"max_hp_gain":0.0,"max_hp_loss":0.0,"gold_gain":0.0,"event_name":"Shining Light","player_choice":"Entered Light","floor":5.0,"gold_loss":0.0,"damage_taken":20.0,"cards_upgraded":["Defend_G","Defend_G"]},{"damage_healed":0.0,"max_hp_gain":0.0,"max_hp_loss":0.0,"gold_gain":0.0,"event_name":"Dead Adventurer","player_choice":"Searched \u00271\u0027 times","floor":8.0,"gold_loss":0.0,"damage_taken":0.0},{"damage_healed":0.0,"max_hp_gain":0.0,"max_hp_loss":0.0,"gold_gain":0.0,"event_name":"Accursed Blacksmith","player_choice":"Rummage","floor":19.0,"gold_loss":0.0,"damage_taken":0.0,"relics_obtained":["WarpedTongs"],"cards_obtained":["Pain"]},{"damage_healed":0,"gold_gain":0,"player_choice":"4 cards matched","damage_taken":0,"max_hp_gain":0,"max_hp_loss":0,"event_name":"Match and Keep!","floor":22,"gold_loss":0,"cards_obtained":["Malaise","Neutralize","Masterful Stab","Slice"]}],"is_beta":false,"boss_relics":[{"not_picked":["Tiny House","Astrolabe"],"picked":"Calling Bell"}],"items_purged_floors":[4,11],"is_endless":false,"potions_floor_spawned":[2,10,12,14],"killed_by":"Gremlin Leader","ascension_level":20}}