{"host":"i0avyit1s6jb1siw","time":1609415868,"event":{"mods":["BaseMod","DeckTracker","Dota2Spire","Highlight Path","Minty Spire (QoL Compilation)","Quick Restart","Replay The Spire","StSLib","SuperFastMode"],"gold_per_floor":[19,31,31,48,48,48,77,89,89,89,89,89],"floor_reached":11,"playtime":227,"items_purged":[],"score":146,"play_id":"306f4e31-0810-467a-9846-092076759dd3","local_time":"20201231125748","is_ascension_mode":true,"campfire_choices":[{"data":"Mayhem","floor":6,"key":"SMITH"},{"floor":10,"key":"REST"}],"circlet_count":0,"master_deck":["AscendersBane","Strike_G","Strike_G","Strike_G","Strike_G","Defend_G","Defend_G","Defend_G","Defend_G","Defend_G","Survivor","Neutralize","Mayhem+1","Dagger Spray","Quick Slash","Dagger Throw","Toxin Wave","Dash"],"relics":["Ring of the Snake","Divine Protection"],"acts_visited":["Exordium"],"potions_floor_usage":[11],"damage_taken":[{"damage":4,"enemies":"Small Slimes","floor":1,"turns":4},{"damage":6,"enemies":"Cultist","floor":2,"turns":5},{"damage":6,"enemies":"2 Louse","floor":4,"turns":3},{"damage":42,"enemies":"3 Sentries","floor":7,"turns":9},{"damage":0,"enemies":"Looter","floor":8,"turns":4},{"damage":41,"enemies":"Gremlin Nob","floor":11,"turns":4}],"seed_played":"1700247688833098995","potions_obtained":[{"floor":4,"key":"Venom Potion"},{"floor":7,"key":"Languid Potion"}],"is_trial":false,"path_per_floor":["M","M","?","M","$","R","E","M","T","R","E"],"character_chosen":"THE_SILENT","items_purchased":[],"campfire_rested":1,"item_purchase_floors":[],"current_hp_per_floor":[55,49,49,43,43,43,1,1,1,20,0,0],"gold":89,"neow_bonus":"RANDOM_COLORLESS_2","is_daily":false,"chose_seed":false,"campfire_upgraded":1,"win_rate":0.0,"timestamp":1609415868,"path_taken":["M","M","?","M","?","R","E","?","T","R","E"],"items_purchased_type":[],"build_version":"2020-12-22","purchased_purges":0,"victory":false,"max_hp_per_floor":[66,66,66,66,66,66,66,66,66,66,66,66],"card_choices":[{"not_picked":["Poisoned Strike","ReplayTheSpireMod:Necrogeddon"],"picked":"Mayhem","floor":0},{"not_picked":["Flying Knee","Backflip"],"picked":"Dagger Spray","floor":1},{"not_picked":["Fluid Movement","Caltrops"],"picked":"Quick Slash","floor":2},{"not_picked":["ReplayTheSpireMod:Scrap Shanks","Bane"],"picked":"Dagger Throw","floor":4},{"not_picked":["Bane","Blur"],"picked":"Toxin Wave","floor":7},{"not_picked":["Poison Darts","Dagger Throw"],"picked":"Dash","floor":8}],"player_experience":2148866,"relics_obtained":[{"floor":7,"key":"Divine Protection"}],"event_choices":[{"cards_removed":["Strike_G"],"damage_healed":0,"gold_gain":0,"player_choice":"Offered Basic","damage_taken":0,"max_hp_gain":0,"max_hp_loss":0,"event_name":"Bonfire Elementals","floor":3,"gold_loss":0}],"is_beta":false,"boss_relics":[],"items_purged_floors":[],"is_endless":false,"potions_floor_spawned":[4,7],"killed_by":"Gremlin Nob","ascension_level":20}}