{"host":"rmsq46plbpwfbxcc","time":1609384670,"event":{"mods":["AchievementEnabler","BaseMod","Colored Map","Colored Powertips","DeckTracker","KOR Keyword Fix","Minty Spire (QoL Compilation)","Permanent Neow","SuperFastMode"],"gold_per_floor":[113,113,129,129,140,140,157,192,219,219,219,231,231,231,231],"floor_reached":14,"playtime":312,"items_purged":[],"score":176,"play_id":"8d44d7c6-0196-49ee-83e0-486a376332c6","local_time":"20201231121750","is_ascension_mode":true,"campfire_choices":[{"data":"Neutralize","floor":6,"key":"SMITH"},{"data":"Terror","floor":11,"key":"SMITH"},{"data":"Finisher","floor":13,"key":"SMITH"}],"circlet_count":0,"master_deck":["AscendersBane","Strike_G","Strike_G","Strike_G","Strike_G","Strike_G","Defend_G","Defend_G","Defend_G","Defend_G","Defend_G","Survivor","Neutralize+1","Dagger Throw","Backflip","Terror+1","Finisher+1"],"relics":["WristBlade","CultistMask","Pen Nib","CeramicFish"],"acts_visited":["Exordium"],"potions_floor_usage":[8,14],"damage_taken":[{"damage":0,"enemies":"Jaw Worm","floor":1,"turns":5},{"damage":3,"enemies":"Cultist","floor":3,"turns":5},{"damage":0,"enemies":"2 Louse","floor":5,"turns":2},{"damage":2,"enemies":"Exordium Wildlife","floor":7,"turns":4},{"damage":19,"enemies":"3 Sentries","floor":8,"turns":11},{"damage":3,"enemies":"Blue Slaver","floor":12,"turns":5},{"damage":48,"enemies":"Gremlin Nob","floor":14,"turns":4}],"seed_played":"-4947110429864422712","potions_obtained":[{"floor":3,"key":"DuplicationPotion"},{"floor":8,"key":"LiquidBronze"},{"floor":12,"key":"Weak Potion"}],"is_trial":false,"path_per_floor":["M","?","M","$","M","R","M","E","T","?","R","M","R","E"],"character_chosen":"THE_SILENT","items_purchased":[],"campfire_rested":0,"item_purchase_floors":[],"current_hp_per_floor":[59,59,56,56,56,56,54,35,35,35,35,32,32,0,0],"gold":231,"neow_bonus":"BOSS_RELIC","is_daily":false,"chose_seed":false,"campfire_upgraded":3,"win_rate":0.0,"timestamp":1609384670,"path_taken":["M","?","M","?","M","R","M","E","T","?","R","?","R","E"],"items_purchased_type":[],"build_version":"2020-12-22","purchased_purges":0,"victory":false,"max_hp_per_floor":[66,66,66,66,66,66,66,66,66,66,66,66,66,66,66],"card_choices":[{"not_picked":["Flying Knee","Setup"],"picked":"Dagger Throw","floor":1},{"not_picked":["All Out Attack","Flying Knee"],"picked":"Backflip","floor":3},{"not_picked":["Dagger Spray","Acrobatics","All Out Attack"],"picked":"SKIP","floor":5},{"not_picked":["Blur","Setup"],"picked":"Terror","floor":7},{"not_picked":["Tools of the Trade","Slice"],"picked":"Finisher","floor":8},{"not_picked":["Deadly Poison","Deflect","Flying Knee"],"picked":"SKIP","floor":12}],"player_experience":1414360,"relics_obtained":[{"floor":8,"key":"Pen Nib"},{"floor":9,"key":"CeramicFish"}],"event_choices":[{"damage_healed":0,"gold_gain":0,"player_choice":"Trade","damage_taken":0,"relics_obtained":["CultistMask"],"max_hp_gain":0,"max_hp_loss":0,"event_name":"FaceTrader","floor":2,"gold_loss":0},{"damage_healed":0,"gold_gain":0,"player_choice":"Ignored","damage_taken":0,"max_hp_gain":0,"max_hp_loss":0,"event_name":"Shining Light","floor":10,"gold_loss":0}],"is_beta":false,"boss_relics":[],"items_purged_floors":[],"is_endless":false,"potions_floor_spawned":[3,8,12],"killed_by":"Gremlin Nob","ascension_level":19}}