{"host":"873t0y8ybyo38pfq","time":1609447099,"event":{"mods":["BaseMod","Bestiary","Colored Map","Colored Powertips","Highlight Path","Minty Spire (QoL Compilation)","Quick Restart","RNG Fix","Rare Cards Sparkle","Relic Stats","StSLib"],"gold_per_floor":[14,31,43,62,74,74,74,46,72,72,86,86,86],"floor_reached":12,"playtime":218,"items_purged":[],"score":148,"play_id":"27795537-3f80-4271-b9d7-ecf04941577a","local_time":"20201231153819","is_ascension_mode":true,"campfire_choices":[{"floor":7,"key":"REST"}],"circlet_count":0,"master_deck":["AscendersBane","Strike_B","Strike_B","Strike_B+1","Strike_B","Defend_B","Defend_B","Defend_B","Defend_B","Zap","Dualcast","Thinking Ahead","Sweeping Beam","Doom and Gloom+1","Doom and Gloom","Redo","Cold Snap","Coolheaded","Electrodynamics"],"relics":["Cracked Core","Smiling Mask"],"acts_visited":["Exordium"],"potions_floor_usage":[10],"damage_taken":[{"damage":4,"enemies":"Small Slimes","floor":1,"turns":3},{"damage":9,"enemies":"Jaw Worm","floor":2,"turns":3},{"damage":2,"enemies":"Cultist","floor":3,"turns":4},{"damage":14,"enemies":"Blue Slaver","floor":4,"turns":4},{"damage":12,"enemies":"Exordium Wildlife","floor":5,"turns":3},{"damage":0,"enemies":"Exordium Thugs","floor":10,"turns":1},{"damage":4,"enemies":"Looter","floor":11,"turns":4},{"damage":28,"enemies":"Lagavulin","floor":12,"turns":3}],"seed_played":"4093104797992166587","potions_obtained":[{"floor":1,"key":"PotionOfCapacity"},{"floor":2,"key":"SmokeBomb"}],"is_trial":false,"path_per_floor":["M","M","M","M","M","?","R","$","T","M","M","E"],"character_chosen":"DEFECT","items_purchased":["Coolheaded"],"campfire_rested":1,"item_purchase_floors":[8],"current_hp_per_floor":[60,51,49,35,23,2,23,23,23,23,19,0,0],"gold":86,"neow_bonus":"RANDOM_COLORLESS_2","is_daily":false,"chose_seed":false,"campfire_upgraded":0,"win_rate":0.0,"timestamp":1609447099,"path_taken":["M","M","M","M","?","?","R","$","T","M","M","E"],"items_purchased_type":["Card"],"build_version":"2020-12-22","purchased_purges":0,"victory":false,"max_hp_per_floor":[71,71,71,71,71,71,71,71,71,71,71,71,71],"relic_stats":{"counters":[8,25],"Smiling Mask":0,"obtain_stats":[{"Cracked Core":0,"Smiling Mask":9},{"Cracked Core":0,"Smiling Mask":5},{"Cracked Core":0,"Smiling Mask":17}]},"card_choices":[{"not_picked":["Metamorphosis","Transmutation"],"picked":"Thinking Ahead","floor":0},{"not_picked":["Barrage","Beam Cell"],"picked":"Sweeping Beam","floor":1},{"not_picked":["Steam","Redo"],"picked":"Doom and Gloom","floor":2},{"not_picked":["Go for the Eyes","Streamline"],"picked":"Doom and Gloom","floor":3},{"not_picked":["Doom and Gloom","Static Discharge"],"picked":"Redo","floor":4},{"not_picked":["Turbo","Rebound"],"picked":"Cold Snap","floor":5},{"not_picked":["Rebound","Hello World"],"picked":"Electrodynamics","floor":11}],"player_experience":1451960,"relics_obtained":[{"floor":9,"key":"Smiling Mask"}],"event_choices":[{"damage_healed":0,"gold_gain":0,"player_choice":"Entered Light","damage_taken":21,"max_hp_gain":0,"max_hp_loss":0,"event_name":"Shining Light","floor":6,"gold_loss":0,"cards_upgraded":["Doom and Gloom","Strike_B"]}],"is_beta":false,"boss_relics":[],"items_purged_floors":[],"is_endless":false,"potions_floor_spawned":[1,2],"killed_by":"Lagavulin","ascension_level":20}}