{"host":"BK","time":1609390296,"event":{"mods":["BaseMod","Highlight Path","Minty Spire (QoL Compilation)","StSLib"],"gold_per_floor":[99,99,99,99,99,99,99,99,99,99,99,99,99,99,99,99,99,99,99,99,99,99,99,99,99,99,99,99,99,99,99,99,99,99],"floor_reached":33,"playtime":2486,"items_purged":[],"score":614,"play_id":"8f19dac4-9ac4-4dee-a86a-1381bf0f8de5","local_time":"20201230215136","is_ascension_mode":true,"campfire_choices":[{"floor":6.0,"key":"REST"},{"floor":8.0,"key":"REST"},{"floor":11.0,"key":"REST"},{"floor":15,"key":"REST"},{"floor":23,"key":"REST"},{"floor":25,"key":"REST"},{"data":"Catalyst","floor":27,"key":"SMITH"},{"floor":32,"key":"REST"}],"circlet_count":0,"master_deck":["AscendersBane","Strike_G","Strike_G","Strike_G","Defend_G","Defend_G","Defend_G","Defend_G","Defend_G","Survivor","Neutralize","Eviscerate","Noxious Fumes","Sucker Punch","Dagger Spray","Blur","All Out Attack","Corpse Explosion","Catalyst+1","Night Terror","Backflip","RitualDagger","Backflip","Escape Plan","Deadly Poison","Adrenaline","Dagger Throw","Blur","Acrobatics"],"relics":["Ectoplasm","Centennial Puzzle","White Beast Statue","Akabeko","HornCleat","Empty Cage","MutagenicStrength","Pantograph","Toy Ornithopter"],"acts_visited":["Exordium","TheCity"],"potions_floor_usage":[14,21,22,24,31,33],"damage_taken":[{"damage":7.0,"enemies":"Cultist","floor":1.0,"turns":5.0},{"damage":7.0,"enemies":"Small Slimes","floor":2.0,"turns":4.0},{"damage":0.0,"enemies":"2 Louse","floor":3.0,"turns":2.0},{"damage":29.0,"enemies":"Exordium Wildlife","floor":4.0,"turns":6.0},{"damage":1.0,"enemies":"Large Slime","floor":5.0,"turns":5.0},{"damage":15.0,"enemies":"3 Sentries","floor":7.0,"turns":8.0},{"damage":32.0,"enemies":"Gremlin Nob","floor":10.0,"turns":4.0},{"damage":0,"enemies":"Looter","floor":12,"turns":1},{"damage":17,"enemies":"Lagavulin","floor":14,"turns":7},{"damage":7,"enemies":"Hexaghost","floor":16,"turns":9},{"damage":24,"enemies":"Shell Parasite","floor":18,"turns":7},{"damage":1,"enemies":"3 Byrds","floor":21,"turns":4},{"damage":17,"enemies":"Centurion and Healer","floor":22,"turns":5},{"damage":5,"enemies":"Slavers","floor":24,"turns":3},{"damage":0,"enemies":"3 Cultists","floor":29,"turns":3},{"damage":26,"enemies":"Book of Stabbing","floor":30,"turns":4},{"damage":13,"enemies":"Snake Plant","floor":31,"turns":2},{"damage":78,"enemies":"Automaton","floor":33,"turns":10}],"seed_played":"-4355386050608717558","potions_obtained":[{"floor":2.0,"key":"Dexterity Potion"},{"floor":3.0,"key":"PowerPotion"},{"floor":10.0,"key":"Swift Potion"},{"floor":12,"key":"Regen Potion"},{"floor":14,"key":"AttackPotion"},{"floor":21,"key":"SmokeBomb"},{"floor":22,"key":"SkillPotion"},{"floor":24,"key":"FearPotion"},{"floor":30,"key":"DistilledChaos"},{"floor":31,"key":"DistilledChaos"}],"is_trial":false,"path_per_floor":["M","M","M","M","M","R","E","R","T","E","R","M","?","E","R","B",null,"M","?","?","M","M","R","E","R","T","R","?","M","E","M","R","B"],"character_chosen":"THE_SILENT","items_purchased":[],"campfire_rested":7,"item_purchase_floors":[],"current_hp_per_floor":[52,45,45,16,15,34,19,38,38,6,25,25,25,8,27,20,55,31,31,25,24,21,40,35,54,54,54,54,54,28,20,39,0,0],"gold":99,"neow_bonus":"BOSS_RELIC","is_daily":false,"chose_seed":false,"campfire_upgraded":1,"win_rate":0.0,"timestamp":1609390296,"path_taken":["M","M","M","?","M","R","E","R","T","E","R","M","?","E","R","BOSS","M","?","?","M","M","R","E","R","T","R","?","M","E","M","R","BOSS"],"items_purchased_type":[],"build_version":"2020-12-18","purchased_purges":0,"victory":false,"max_hp_per_floor":[66,66,66,66,66,66,66,66,66,66,66,66,66,66,66,66,66,66,66,66,66,66,66,66,66,66,66,66,66,66,66,66,66,66],"card_choices":[{"not_picked":["Blade Dance","Prepared"],"picked":"Eviscerate","floor":1.0},{"not_picked":["PiercingWail","Bane"],"picked":"Noxious Fumes","floor":2.0},{"not_picked":["Slice","Cloak And Dagger"],"picked":"Sucker Punch","floor":3.0},{"not_picked":["Finisher","Expertise"],"picked":"Dagger Spray","floor":4.0},{"not_picked":["Blade Dance","Flechettes"],"picked":"Blur","floor":5.0},{"not_picked":["Blade Dance","Predator"],"picked":"All Out Attack","floor":7.0},{"not_picked":["Choke","Slice"],"picked":"Corpse Explosion","floor":10.0},{"not_picked":["Finisher","Dagger Throw"],"picked":"Catalyst","floor":12},{"not_picked":["Flying Knee","Underhanded Strike","Outmaneuver"],"picked":"SKIP","floor":14},{"not_picked":["Corpse Explosion","Doppelganger"],"picked":"Night Terror","floor":16},{"not_picked":["Outmaneuver","Footwork"],"picked":"Backflip","floor":18},{"not_picked":["All Out Attack+1","Deflect"],"picked":"Backflip","floor":21},{"not_picked":["Bane","Eviscerate"],"picked":"Escape Plan","floor":22},{"not_picked":["Slice","Dagger Spray+1"],"picked":"Deadly Poison","floor":24},{"not_picked":["Dagger Throw","Blade Dance","Choke"],"picked":"SKIP","floor":29},{"not_picked":["Blade Dance","Choke"],"picked":"Dagger Throw","floor":29},{"not_picked":["Flechettes","Storm of Steel"],"picked":"Blur","floor":30},{"not_picked":["Deadly Poison","Dagger Spray"],"picked":"Acrobatics","floor":31}],"player_experience":2486430,"relics_obtained":[{"floor":7.0,"key":"Centennial Puzzle"},{"floor":9.0,"key":"White Beast Statue"},{"floor":10.0,"key":"Akabeko"},{"floor":14,"key":"HornCleat"},{"floor":24,"key":"Pantograph"},{"floor":30,"key":"Toy Ornithopter"}],"event_choices":[{"damage_healed":0,"gold_gain":0,"player_choice":"Ignored","damage_taken":0,"max_hp_gain":0,"max_hp_loss":0,"event_name":"Shining Light","floor":13,"gold_loss":0},{"damage_healed":0,"gold_gain":0,"player_choice":"Inject Mutagens","damage_taken":0,"relics_obtained":["MutagenicStrength"],"max_hp_gain":0,"max_hp_loss":0,"event_name":"Drug Dealer","floor":19,"gold_loss":0},{"damage_healed":0,"gold_gain":0,"player_choice":"Joined the Cult","damage_taken":6,"max_hp_gain":0,"max_hp_loss":0,"event_name":"Nest","floor":20,"gold_loss":0,"cards_obtained":["RitualDagger"]},{"damage_healed":0,"gold_gain":0,"player_choice":"Read","damage_taken":0,"max_hp_gain":0,"max_hp_loss":0,"event_name":"The Library","floor":28,"gold_loss":0,"cards_obtained":["Adrenaline"]}],"is_beta":true,"boss_relics":[{"not_picked":["Busted Crown","Coffee Dripper"],"picked":"Empty Cage"}],"items_purged_floors":[],"is_endless":false,"potions_floor_spawned":[2,3,5,7,10,12,14,16,18,21,22,24,29,30,31],"killed_by":"Automaton","ascension_level":20}}