{"host":"nsxzlb359hv0da5z","time":1609403147,"event":{"mods":["BaseMod","Bestiary","Colored Map","Minty Spire (QoL Compilation)","Permanent Neow","Relic Stats","Slay the Relics Exporter","ojb\u0027s Info Mod"],"gold_per_floor":[109,109,79,92,112,145,158,158,158,183,183,200,200,231,231,231,231],"floor_reached":16,"playtime":1193,"items_purged":[],"score":240,"play_id":"38562f04-90e9-48f9-8e48-1463417c1fe1","local_time":"20201231002547","is_ascension_mode":true,"campfire_choices":[{"floor":8,"key":"REST"},{"floor":11,"key":"REST"},{"data":"Poisoned Stab","floor":13,"key":"SMITH"},{"data":"Neutralize","floor":15,"key":"SMITH"}],"circlet_count":0,"master_deck":["AscendersBane","Strike_G","Strike_G+1","Strike_G","Strike_G","Strike_G+1","Defend_G","Defend_G","Defend_G","Defend_G","Defend_G","Survivor","Neutralize+1","Dagger Throw","Terror","Dodge and Roll","PiercingWail","Poisoned Stab+1","Die Die Die","Poisoned Stab"],"relics":["Ring of the Snake","Whetstone","Snake Skull","Regal Pillow","Frozen Egg 2","Bag of Marbles"],"acts_visited":["Exordium"],"potions_floor_usage":[6,7,10],"damage_taken":[{"damage":1,"enemies":"Jaw Worm","floor":1,"turns":4},{"damage":0,"enemies":"2 Louse","floor":4,"turns":2},{"damage":1,"enemies":"Cultist","floor":5,"turns":3},{"damage":33,"enemies":"Lagavulin","floor":6,"turns":8},{"damage":4,"enemies":"Large Slime","floor":7,"turns":6},{"damage":36,"enemies":"3 Sentries","floor":10,"turns":12},{"damage":2,"enemies":"Blue Slaver","floor":12,"turns":2},{"damage":23,"enemies":"Lagavulin","floor":14,"turns":6},{"damage":14,"enemies":"Hexaghost","floor":16,"turns":4}],"seed_played":"8078381186582617120","potions_obtained":[{"floor":3,"key":"PowerPotion"},{"floor":3,"key":"LiquidBronze"},{"floor":4,"key":"Explosive Potion"},{"floor":6,"key":"GamblersBrew"}],"is_trial":false,"path_per_floor":["M","?","?","M","M","E","M","R","T","E","R","M","R","E","R","B"],"character_chosen":"THE_SILENT","items_purchased":[],"campfire_rested":2,"item_purchase_floors":[],"current_hp_per_floor":[58,58,58,58,57,24,20,39,39,3,37,35,35,12,12,0,0],"gold":231,"neow_bonus":"RANDOM_COMMON_RELIC","is_daily":false,"chose_seed":false,"campfire_upgraded":2,"win_rate":0.0,"timestamp":1609403147,"path_taken":["M","?","?","M","M","E","M","R","T","E","R","M","R","E","R","BOSS"],"items_purchased_type":[],"build_version":"2020-12-22","purchased_purges":0,"victory":false,"max_hp_per_floor":[66,66,66,66,66,66,66,66,66,66,66,66,66,66,66,66,66],"relic_stats":{"Regal Pillow":15,"counters":[9,47],"Snake Skull":[8],"Whetstone":["Strike_G","Strike_G"],"obtain_stats":[{"Regal Pillow":9,"Snake Skull":6,"Bag of Marbles":14,"Whetstone":0,"Frozen Egg 2":10,"Ring of the Snake":0},{"Regal Pillow":5,"Snake Skull":4,"Bag of Marbles":8,"Whetstone":0,"Frozen Egg 2":6,"Ring of the Snake":0},{"Regal Pillow":23,"Snake Skull":17,"Bag of Marbles":43,"Whetstone":0,"Frozen Egg 2":35,"Ring of the Snake":0}],"Ring of the Snake":[18]},"card_choices":[{"not_picked":["Setup","All Out Attack"],"picked":"Dagger Throw","floor":1},{"not_picked":["PiercingWail","Cloak And Dagger"],"picked":"Terror","floor":4},{"not_picked":["Bane","Prepared"],"picked":"Dodge and Roll","floor":5},{"not_picked":["Dodge and Roll","Sucker Punch"],"picked":"PiercingWail","floor":6},{"not_picked":["Phantasmal Killer","Terror"],"picked":"Poisoned Stab","floor":7},{"not_picked":["Dagger Throw","Poisoned Stab"],"picked":"Die Die Die","floor":10},{"not_picked":["Bane","Slice","Underhanded Strike"],"picked":"SKIP","floor":12},{"not_picked":["Quick Slash","Cloak And Dagger"],"picked":"Poisoned Stab","floor":14}],"player_experience":1887609,"relics_obtained":[{"floor":6,"key":"Snake Skull"},{"floor":9,"key":"Regal Pillow"},{"floor":10,"key":"Frozen Egg 2"},{"floor":14,"key":"Bag of Marbles"}],"event_choices":[{"damage_healed":0,"gold_gain":0,"player_choice":"Ignored","damage_taken":0,"max_hp_gain":0,"max_hp_loss":0,"event_name":"Golden Wing","floor":2,"gold_loss":0},{"damage_healed":0,"gold_gain":0,"player_choice":"Bought 2 Potions","damage_taken":0,"max_hp_gain":0,"max_hp_loss":0,"event_name":"The Woman in Blue","floor":3,"gold_loss":0}],"is_beta":false,"boss_relics":[],"items_purged_floors":[],"is_endless":false,"potions_floor_spawned":[4,6],"killed_by":"Hexaghost","ascension_level":20}}