{"host":"pgqkv8mh62pnrbci","time":1609415277,"event":{"mods":["2.2 Compatiblity","AchievementEnabler","BaseMod","Custom Start","DeckTracker","Minty Spire (QoL Compilation)","Replay The Spire","StSLib","SuperFastMode","¡¼?Úª?ø«¡½REMEMod"],"gold_per_floor":[114,114,139,139,151,151,39,52,52,52,70,10,30,40,40,113,113,33,4283,3112,2466,1960,1768,1765,1765,1812,1812,1877,1847,1847,1826,1826,1800,1900,1838,16396,16446,15741,14022,13368,13368,12212,12212,11399,11399,9481,9308,9198,9198,9038,9038,9038,8491,8403,7693],"floor_reached":56,"playtime":2933,"items_purged":["Voices","Strike_G","Strike_G","Strike_G","Strike_G","Strike_G","Defend_G+1"],"score":2691,"play_id":"0230eddb-47ab-4573-a2fb-ec79f8f245fe","local_time":"20201231204757","is_ascension_mode":true,"campfire_choices":[{"data":"REME_HeartOfCthun","floor":6.0,"key":"SMITH"},{"data":"Neutralize","floor":10.0,"key":"SMITH"},{"data":"Cloak And Dagger","floor":15.0,"key":"SMITH"},{"data":"Tools of the Trade","floor":25,"key":"SMITH"},{"data":"Reflex","floor":30,"key":"SMITH"},{"data":"Well Laid Plans","floor":32,"key":"SMITH"},{"data":"After Image","floor":41,"key":"SMITH"},{"floor":45,"key":"RECALL"},{"data":"Discovery","floor":49,"key":"SMITH"},{"data":"Deep Breath","floor":52,"key":"SMITH"}],"circlet_count":0,"master_deck":["AscendersBane","Defend_G+1","Defend_G+1","Defend_G+1","Defend_G+1","Survivor","Neutralize+1","REME_HeartOfCthun+1","Acrobatics","Reflex+1","Blade Dance","REME_GreenPollution","Escape Plan","Cloak And Dagger+1","Outmaneuver","Tools of the Trade+1","Setup+1","Sadistic Nature","Well Laid Plans+1","ReplayTheSpireMod:Scrap Shanks","Blade Dance","Blur+1","Acrobatics","PiercingWail","After Image+1","Footwork+1","Poison Darts+1","Infinite Blades","ReplayUltimateDefense","REME_MawOfCthun","Deep Breath+1","REME_GreenPollution","After Image+1","Skewer","Phantasmal Killer","Accuracy","Malaise","Discovery+1","REME_WheelOfFate","Cloak And Dagger+1","Prepared+1","Blur+1","Blade Dance+1","Panache","Bandage Up","PiercingWail+1"],"relics":["Ring of the Snake","REME_ComplimentaryCards","Peace Pipe","Shuriken","Smiling Mask","Ring of Fury","Ring of Fangs","Replay:Wax Seal","ReplayTheSpireMod:Ninjato","Replay:Bottled Eggs","REME_DemonsWealth","Letter Opener","Akabeko","REME_OnlineShoppingPlatform","Membership Card","Replay:Accelerometer","Replay:Mystery Machine","Strawberry","Happy Flower","SsserpentHead","Replay:Wanted Poster","Chemical X","Lantern","Pear","HornCleat","DollysMirror","REME_LimitBreaker","Basket Of Snakes","Guide Book","Gremlin Food","ReplayTheSpireMod:TigerMarble","Ancient Tea Set","REME_PoisonedDagger","Lee\u0027s Waffle","Replay:Bottled Flurry","InkBottle"],"acts_visited":["Exordium","TheCity","TheBeyond","TheEnding"],"potions_floor_usage":[23,23,23,23,23,23,24,31,31,33,33,33,33,33,35,35,35,35,39,39,39,39,39,39,39,39,39,39,39,39,39,42,42,42,42,42,42,42,42,42,42,42,44,44,46,46,46,46,46,46,46,46,46,46,46,46,46,47,47,47,47,47,47,47,47,47,47,48,48,48,48,48,48,50,50,50,50,50,50,50,50,54,54,54,54,54,54,55,55,55,55,55,55,55,55,55,55,55,55,55,55,55,55,55,55,55,55,55,55,55,55,55,55,55,55,55,55,55,55,55,55,55,55,55],"damage_taken":[{"damage":1.0,"enemies":"Jaw Worm","floor":1.0,"turns":2.0},{"damage":0.0,"enemies":"2 Louse","floor":5.0,"turns":1.0},{"damage":0.0,"enemies":"Cultist","floor":8.0,"turns":4.0},{"damage":6.0,"enemies":"Blue Slaver","floor":11.0,"turns":3.0},{"damage":8.0,"enemies":"Red Slaver","floor":12.0,"turns":5.0},{"damage":2.0,"enemies":"2 Fungi Beasts","floor":13.0,"turns":4.0},{"damage":0.0,"enemies":"Large Slime","floor":14.0,"turns":4.0},{"damage":1.0,"enemies":"Hexaghost","floor":16.0,"turns":7.0},{"damage":7.0,"enemies":"3 Byrds","floor":18.0,"turns":4.0},{"damage":0.0,"enemies":"Spheric Guardian","floor":20.0,"turns":3.0},{"damage":0.0,"enemies":"Snecko","floor":21.0,"turns":3.0},{"damage":1,"enemies":"Replay:Snechameleon","floor":23,"turns":3},{"damage":0,"enemies":"Cultist and Chosen","floor":24,"turns":2},{"damage":0,"enemies":"Snake Plant","floor":28,"turns":3},{"damage":0,"enemies":"Sentry and Sphere","floor":31,"turns":3},{"damage":0,"enemies":"Collector","floor":33,"turns":3},{"damage":0,"enemies":"Orb Walker","floor":35,"turns":2},{"damage":0,"enemies":"3 Darklings","floor":39,"turns":3},{"damage":12,"enemies":"Nemesis","floor":42,"turns":3},{"damage":1,"enemies":"R_Hoarder","floor":44,"turns":6},{"damage":0,"enemies":"Transient","floor":46,"turns":5},{"damage":0,"enemies":"Nemesis","floor":47,"turns":5},{"damage":12,"enemies":"Writhing Mass","floor":48,"turns":3},{"damage":0,"enemies":"Donu and Deca","floor":50,"turns":4},{"damage":24,"enemies":"Shield and Spear","floor":54,"turns":2},{"damage":3,"enemies":"The Heart","floor":55,"turns":4}],"seed_played":"8225921374003421325","potions_obtained":[{"floor":5.0,"key":"Block Potion"},{"floor":8.0,"key":"REME_GoldPotion"},{"floor":13.0,"key":"FearPotion"},{"floor":14.0,"key":"GamblersBrew"}],"is_trial":false,"path_per_floor":["M","?","T","?","M","R","$","M","T","R","M","M","M","M","R","B",null,"M","$","M","M","$","E","M","R","T","?","M","?","R","M","R","B",null,"M","$","?","$","M","$","R","E","T","E","R","M","E","M","R","B",null,"R","$","E","B",null],"character_chosen":"THE_SILENT","items_purchased":["Replay:Wax Seal","ReplayTheSpireMod:Ninjato","Blade Dance","Letter Opener","Akabeko","REME_OnlineShoppingPlatform","Sadistic Nature","Membership Card","Replay:Accelerometer","ReplayTheSpireMod:Scrap Shanks","Blade Dance","Replay:Mystery Machine","Chemical X","Poison Darts","Lantern","Infinite Blades","ReplayUltimateDefense","Pear","REME_MawOfCthun","Deep Breath","HornCleat","REME_GreenPollution","DollysMirror","Skewer","Phantasmal Killer","REME_LimitBreaker","Basket Of Snakes","Accuracy","Malaise","Discovery","REME_WheelOfFate","Guide Book","REME_PoisonedDagger","Lee\u0027s Waffle","Panache","Bandage Up","Replay:Bottled Flurry"],"campfire_rested":0,"item_purchase_floors":[7,7,7,19,19,19,19,22,22,22,22,22,36,36,36,36,36,38,38,38,38,38,38,38,38,40,40,40,40,40,40,40,53,53,53,53,53],"current_hp_per_floor":[43,32,32,32,32,32,32,32,32,32,26,18,16,16,16,15,53,46,46,46,46,46,52,52,52,52,52,52,52,52,52,52,52,68,68,68,68,78,78,78,78,66,66,65,65,65,65,53,53,53,76,76,90,66,67],"gold":7693,"neow_bonus":"ONE_RARE_RELIC","is_daily":false,"chose_seed":false,"campfire_upgraded":9,"win_rate":0.0,"timestamp":1609415277,"path_taken":["M","?","?","?","M","R","?","M","T","R","M","M","?","M","R","BOSS","M","$","M","M","$","E","M","R","T","?","?","?","R","M","R","BOSS","M","$","?","$","M","?","R","E","T","E","R","M","E","M","R","BOSS","R","$","E","BOSS"],"items_purchased_type":["Relic","Relic","Card","Relic","Relic","Relic","Card","Relic","Relic","Card","Card","Relic","Relic","Card","Relic","Card","Card","Relic","Card","Card","Relic","Card","Relic","Card","Card","Relic","Relic","Card","Card","Card","Card","Relic","Relic","Relic","Card","Card","Relic"],"build_version":"2020-12-22","purchased_purges":7,"victory":true,"max_hp_per_floor":[66,66,66,66,66,66,66,66,66,66,66,66,66,66,66,66,66,66,66,66,66,66,73,73,73,73,73,73,73,73,73,73,73,73,73,73,73,83,83,83,83,83,83,83,83,83,83,83,83,83,83,83,90,90,90],"card_choices":[{"not_picked":["Setup","Poisoned Stab"],"picked":"Acrobatics","floor":1.0},{"not_picked":["All Out Attack","Deflect"],"picked":"Reflex","floor":5.0},{"not_picked":["Slice","Choke"],"picked":"REME_GreenPollution","floor":8.0},{"not_picked":["Bane","Quick Slash"],"picked":"Escape Plan","floor":11.0},{"not_picked":["Cloak And Dagger","Quick Slash","Dodge and Roll"],"picked":"SKIP","floor":12.0},{"not_picked":["Quick Slash","Dodge and Roll"],"picked":"Cloak And Dagger","floor":12.0},{"not_picked":["Sucker Punch","Deflect","Backflip"],"picked":"SKIP","floor":13.0},{"not_picked":["Sucker Punch","Deflect","Backflip"],"picked":"SKIP","floor":13.0},{"not_picked":["Toxin Wave","Poison Darts"],"picked":"Outmaneuver","floor":14.0},{"not_picked":["Phantasmal Killer","A Thousand Cuts"],"picked":"Tools of the Trade","floor":16.0},{"not_picked":["Deflect","Sucker Punch","ReplayTheSpireMod:Faulty Equipment"],"picked":"Setup+1","floor":18.0},{"not_picked":["Cloak And Dagger","Finisher+1","Poisoned Stab","Sickly"],"picked":"SKIP","floor":20.0},{"not_picked":["Cloak And Dagger","Outmaneuver","Hallucinations"],"picked":"Well Laid Plans","floor":21.0},{"not_picked":["Underhanded Strike","Dagger Spray","Finisher","Looming Evil"],"picked":"SKIP","floor":23},{"not_picked":["Deadly Poison","Flying Knee","Sickly"],"picked":"Blur+1","floor":24},{"not_picked":["ReplayTheSpireMod:Scrap Shanks","Fluid Movement+1","ReplayTheSpireMod:Restless Dread"],"picked":"Acrobatics","floor":28},{"not_picked":["Hidden Blade+1","Blur","Decay"],"picked":"PiercingWail","floor":31},{"not_picked":["Atom Bomb","Grand Finale","Regret"],"picked":"After Image","floor":33},{"not_picked":["Deadly Poison+1","Noxious Fumes","ReplayTheSpireMod:IOU"],"picked":"Footwork+1","floor":35},{"not_picked":["Hidden Blade+1","Quick Slash+1","Dagger Spray","Normality"],"picked":"SKIP","floor":39},{"not_picked":["Deadly Poison","Catalyst","ReplayTheSpireMod:Restless Dread"],"picked":"Cloak And Dagger+1","floor":42},{"not_picked":["Accuracy","Masterful Stab","Spreading Infection"],"picked":"Prepared+1","floor":44},{"not_picked":["Flying Knee","PiercingWail","ReplayTheSpireMod:IOU"],"picked":"Blur+1","floor":46},{"not_picked":["ReplayTheSpireMod:Speed Training","Leg Sweep","Looming Evil"],"picked":"Blade Dance+1","floor":47},{"not_picked":["Acrobatics","Cloak And Dagger","Quick Slash+1","Looming Evil"],"picked":"SKIP","floor":48},{"not_picked":["Distraction+1","Glass Knife","PiercingWail+1","ReplayTheSpireMod:Faulty Equipment"],"picked":"SKIP","floor":54},{"not_picked":["Distraction+1","Glass Knife","ReplayTheSpireMod:Faulty Equipment"],"picked":"PiercingWail+1","floor":54}],"player_experience":575517,"relics_obtained":[{"floor":3.0,"key":"Smiling Mask"},{"floor":4.0,"key":"Ring of Fury"},{"floor":4.0,"key":"Ring of Fangs"},{"floor":9.0,"key":"Replay:Bottled Eggs"},{"floor":23,"key":"Strawberry"},{"floor":26,"key":"Happy Flower"},{"floor":42,"key":"Gremlin Food"},{"floor":44,"key":"ReplayTheSpireMod:TigerMarble"},{"floor":47,"key":"Ancient Tea Set"},{"floor":54,"key":"InkBottle"}],"event_choices":[{"damage_healed":0.0,"max_hp_gain":0.0,"max_hp_loss":0.0,"gold_gain":0.0,"event_name":"Scrap Ooze","player_choice":"Success","floor":2.0,"gold_loss":0.0,"damage_taken":11.0,"relics_obtained":["Shuriken"]},{"damage_healed":0,"gold_gain":0,"player_choice":"Trade","damage_taken":0,"relics_obtained":["SsserpentHead"],"max_hp_gain":0,"max_hp_loss":0,"event_name":"FaceTrader","floor":27,"gold_loss":0},{"damage_healed":0,"gold_gain":0,"player_choice":"Got Potions","damage_taken":0,"max_hp_gain":0,"max_hp_loss":0,"event_name":"Lab","floor":37,"gold_loss":0}],"is_beta":false,"boss_relics":[{"not_picked":["Velvet Choker","Philosopher\u0027s Stone"],"picked":"REME_DemonsWealth"},{"not_picked":["Replay:Drink Me","SlaversCollar"],"picked":"Replay:Wanted Poster"}],"items_purged_floors":[7,19,22,36,38,40,53],"is_endless":false,"potions_floor_spawned":[5,8,13,14,21,23,28,31,42,47,54],"ascension_level":19}}