{"host":"q9szs7qndgdlcq24","time":1609436286,"event":{"mods":["AchievementEnabler","BaseMod","Bestiary","Colored Powertips","DeckTracker","Minty Spire (QoL Compilation)","Random Character Button","StSLib"],"gold_per_floor":[111,121,121,86,161,161,17,44,44,64,64,81,6,18,18,122,122,135,148,12,22,38,38,38,50,76,76,76],"floor_reached":27,"playtime":1387,"items_purged":["Strike_B","Defend_B"],"score":240,"play_id":"ef8234f9-d5a0-4c2b-a314-1cdb9f841b72","local_time":"20201231203806","is_ascension_mode":false,"campfire_choices":[{"data":"Rebound","floor":6,"key":"SMITH"},{"data":"Defragment","floor":11,"key":"SMITH"},{"floor":15,"key":"REST"},{"floor":23,"key":"REST"}],"circlet_count":0,"master_deck":["Strike_B","Strike_B","Strike_B","Defend_B","Defend_B","Defend_B","Zap","Dualcast","Rebound+1","Go for the Eyes","Defragment+1","Ball Lightning","Conserve Battery","Conserve Battery","Gash","Creative AI","Streamline","Loop","Defragment","Barrage+1","Sweeping Beam"],"relics":["Cracked Core","Incense Burner","Pear","Toy Ornithopter"],"acts_visited":["Exordium","TheCity"],"potions_floor_usage":[7,16,16,16,27],"damage_taken":[{"damage":5,"enemies":"Small Slimes","floor":1,"turns":4},{"damage":16,"enemies":"2 Louse","floor":2,"turns":2},{"damage":39,"enemies":"Lagavulin","floor":8,"turns":6},{"damage":8,"enemies":"Jaw Worm","floor":10,"turns":2},{"damage":5,"enemies":"3 Louse","floor":12,"turns":3},{"damage":3,"enemies":"Lots of Slimes","floor":14,"turns":4},{"damage":32,"enemies":"Hexaghost","floor":16,"turns":8},{"damage":2,"enemies":"Chosen","floor":18,"turns":4},{"damage":21,"enemies":"2 Thieves","floor":19,"turns":4},{"damage":22,"enemies":"Snecko","floor":21,"turns":5},{"damage":34,"enemies":"Centurion and Healer","floor":22,"turns":6},{"damage":31,"enemies":"Snake Plant","floor":25,"turns":5},{"damage":37,"enemies":"3 Cultists","floor":27,"turns":4}],"seed_played":"8002701138455351511","potions_obtained":[{"floor":1,"key":"Strength Potion"},{"floor":12,"key":"FocusPotion"},{"floor":14,"key":"EssenceOfDarkness"},{"floor":25,"key":"EssenceOfSteel"}],"is_trial":false,"path_per_floor":["M","M","?","?","?","R","$","E","T","M","R","M","$","M","R","B",null,"M","M","$","M","M","R","?","M","T","M"],"character_chosen":"DEFECT","items_purchased":["Defragment","Fruit Juice","Loop"],"campfire_rested":2,"item_purchase_floors":[7,7,20],"current_hp_per_floor":[84,68,61,83,72,72,77,38,48,40,40,35,35,32,63,31,104,102,81,81,59,25,56,56,25,25,0,0],"gold":76,"neow_bonus":"TWENTY_PERCENT_HP_BONUS","is_daily":false,"chose_seed":false,"campfire_upgraded":2,"win_rate":0.0,"timestamp":1609436286,"path_taken":["M","M","?","?","?","R","$","E","T","M","R","M","$","M","R","BOSS","M","M","$","M","M","R","?","M","T","M"],"items_purchased_type":["Card","Potion","Card"],"build_version":"2020-12-22","purchased_purges":2,"victory":false,"max_hp_per_floor":[89,89,89,89,89,89,94,94,104,104,104,104,104,104,104,104,104,104,104,104,104,104,104,104,104,104,104,104],"card_choices":[{"not_picked":["Heatsinks","Hologram"],"picked":"Rebound","floor":1},{"not_picked":["Heatsinks","Skim"],"picked":"Go for the Eyes","floor":2},{"not_picked":["Steam Power","Fusion"],"picked":"Ball Lightning","floor":8},{"not_picked":["Steam","Rebound"],"picked":"Conserve Battery","floor":10},{"not_picked":["Reboot","Hologram"],"picked":"Conserve Battery","floor":12},{"not_picked":["BootSequence","Cold Snap"],"picked":"Gash","floor":14},{"not_picked":["Machine Learning","Fission"],"picked":"Creative AI","floor":16},{"not_picked":["Go for the Eyes","Aggregate","Coolheaded"],"picked":"SKIP","floor":18},{"not_picked":["Doom and Gloom","Fusion"],"picked":"Streamline","floor":19},{"not_picked":["Rebound","BootSequence"],"picked":"Defragment","floor":21},{"not_picked":["Redo+1","Stack"],"picked":"Barrage+1","floor":22},{"not_picked":["Leap","Compile Driver"],"picked":"Sweeping Beam","floor":25}],"player_experience":19559,"relics_obtained":[{"floor":8,"key":"Incense Burner"},{"floor":9,"key":"Pear"},{"floor":26,"key":"Toy Ornithopter"}],"event_choices":[{"cards_removed":["Decay"],"damage_healed":0,"gold_gain":0,"player_choice":"Card Removal","damage_taken":7,"max_hp_gain":0,"max_hp_loss":0,"event_name":"Golden Wing","floor":3,"gold_loss":0},{"damage_healed":22,"gold_gain":0,"player_choice":"Healed","damage_taken":0,"max_hp_gain":0,"max_hp_loss":0,"event_name":"The Cleric","floor":4,"gold_loss":35},{"damage_healed":0,"gold_gain":75,"player_choice":"Gather Gold","damage_taken":11,"max_hp_gain":0,"max_hp_loss":0,"event_name":"World of Goop","floor":5,"gold_loss":0},{"damage_healed":0,"gold_gain":0,"player_choice":"Ignored","damage_taken":0,"max_hp_gain":0,"max_hp_loss":0,"event_name":"Vampires","floor":24,"gold_loss":0}],"is_beta":false,"boss_relics":[{"not_picked":["Snecko Eye","Cursed Key","Busted Crown"]}],"items_purged_floors":[13,20],"is_endless":false,"potions_floor_spawned":[1,12,14,25],"killed_by":"3 Cultists","ascension_level":0}}