{"host":"ru8pwgfzwiehflg6","time":1609450547,"event":{"mods":["BaseMod","Friendly Minions","Koishi","Marisa????????","Minty Spire (QoL Compilation)","Prisma Mod","Reimu??????","StSLib","The Administrix","The Servant 0.9.4","Yohane!","Yuri Mod"],"gold_per_floor":[20,95,115,190,201,236,236,262,262],"floor_reached":8,"playtime":477,"items_purged":[],"score":69,"play_id":"9290b183-eb04-4c4f-ae8e-d403675f2001","local_time":"20201231153547","is_ascension_mode":true,"campfire_choices":[{"data":"AdministrixMod:CastOffRegrets","floor":7,"key":"SMITH"}],"circlet_count":0,"master_deck":["AdministrixMod:Strike_Administrix","AdministrixMod:Strike_Administrix","AdministrixMod:Strike_Administrix","AdministrixMod:Strike_Administrix","AdministrixMod:RedCloak","AdministrixMod:Defend_Administrix","AdministrixMod:Defend_Administrix","AdministrixMod:Defend_Administrix","AdministrixMod:Defend_Administrix","AdministrixMod:BlueCloak","AdministrixMod:CastOffRegrets+1","AdministrixMod:DiversionaryTactic"],"relics":["AdministrixMod:ConductorRitualBaton","StoneCalendar","FossilizedHelix","Smiling Mask"],"acts_visited":["Exordium"],"potions_floor_usage":[],"damage_taken":[{"damage":1,"enemies":"Cultist","floor":1,"turns":4},{"damage":2,"enemies":"Small Slimes","floor":3,"turns":4},{"damage":0,"enemies":"2 Louse","floor":5,"turns":3},{"damage":24,"enemies":"Gremlin Nob","floor":6,"turns":4},{"damage":7,"enemies":"Lagavulin","floor":8,"turns":7}],"seed_played":"-4990477406166793735","potions_obtained":[{"floor":6,"key":"Explosive Potion"},{"floor":8,"key":"SkillPotion"}],"is_trial":false,"path_per_floor":["M","?","M","?","M","E","R","E"],"character_chosen":"TheAdministrix","items_purchased":[],"campfire_rested":0,"item_purchase_floors":[],"current_hp_per_floor":[64,53,51,45,45,21,21,14,14],"gold":262,"neow_bonus":"ONE_RARE_RELIC","is_daily":false,"chose_seed":false,"campfire_upgraded":1,"win_rate":0.0,"timestamp":1609450547,"path_taken":["M","?","M","?","M","E","R","E"],"items_purchased_type":[],"build_version":"2020-12-22","purchased_purges":0,"victory":false,"max_hp_per_floor":[65,65,65,65,65,65,65,65,65],"card_choices":[{"not_picked":["AdministrixMod:QuietConspiracy","AdministrixMod:TrickOfTheLight","AdministrixMod:FiendishCrimson"],"picked":"SKIP","floor":1},{"not_picked":["AdministrixMod:ReachToHeaven","AdministrixMod:SipOfSparks","AdministrixMod:CrackingPangu"],"picked":"SKIP","floor":3},{"not_picked":["AdministrixMod:CenturiesAscent","AdministrixMod:SealAway","AdministrixMod:NewWardrobe"],"picked":"SKIP","floor":5},{"not_picked":["AdministrixMod:LuminaryPath","AdministrixMod:SyncreticSurge"],"picked":"AdministrixMod:CastOffRegrets","floor":6},{"not_picked":["AdministrixMod:BattleforgedBonds","AdministrixMod:ShadowPlay"],"picked":"AdministrixMod:DiversionaryTactic","floor":8}],"player_experience":578953,"relics_obtained":[{"floor":6,"key":"FossilizedHelix"},{"floor":8,"key":"Smiling Mask"}],"event_choices":[{"damage_healed":0,"gold_gain":75,"player_choice":"Gather Gold","damage_taken":11,"max_hp_gain":0,"max_hp_loss":0,"event_name":"World of Goop","floor":2,"gold_loss":0},{"damage_healed":0,"gold_gain":75,"player_choice":"Touch","damage_taken":6,"max_hp_gain":0,"max_hp_loss":0,"event_name":"FaceTrader","floor":4,"gold_loss":0}],"is_beta":false,"boss_relics":[],"items_purged_floors":[],"is_endless":false,"potions_floor_spawned":[6,8],"killed_by":"Lagavulin","ascension_level":1}}