{"host":"867cnhxguf2bzj4x","time":1609434447,"event":{"mods":["BaseMod","Duelist Mod","GifTheSpireLib","Minty Spire (QoL Compilation)","StSLib","The Bug Knight","The Cursed","The Jungle"],"gold_per_floor":[145,145,145,95,95,124,45,60,60,60,60,60,60,77,77,180,180,196,45,45,45,45,45,144,144,167,182,0,25,35,49,49,151,151,163,163,179,104,204,204,224,241,241,254,254,271,271,15,15,35,35],"floor_reached":50,"playtime":2239,"items_purged":["theDuelist:Sparks","theDuelist:Sparks+1"],"score":555,"play_id":"3daadacc-7c65-49f5-9816-307e81b843ef","local_time":"20201231180727","is_ascension_mode":false,"campfire_choices":[{"floor":10,"key":"REST"},{"floor":12,"key":"REST"},{"data":"theDuelist:BrainCrusher","floor":15,"key":"SMITH"},{"data":"theDuelist:InsectQueen","floor":23,"key":"SMITH"},{"data":"theDuelist:HunterSpider","floor":25,"key":"SMITH"},{"data":"theDuelist:Invigoration","floor":32,"key":"SMITH"},{"floor":40,"key":"RECALL"},{"floor":49,"key":"REST"}],"circlet_count":0,"master_deck":["theDuelist:CrossSwordBeetle+1","theDuelist:RazorLizard","theDuelist:BiteBug","theDuelist:Invigoration+1","theDuelist:EmpressMantis+1","theDuelist:RazorLizard","theDuelist:Nameless:Greed:AncientGearBox","theDuelist:DarkBug","theDuelist:InsectQueen+1","theDuelist:ManEaterBug","theDuelist:SpiderEgg+1","theDuelist:HunterSpider+1","theDuelist:BlazewingButterfly","theDuelist:CobraJar+1","theDuelist:BugSignal","theDuelist:SpiderEgg","theDuelist:InsectKnight","theDuelist:SpiderEgg+1","theDuelist:PoisonOldMan","theDuelist:Forest+1"],"relics":["theDuelist:MillenniumPuzzle","theDuelist:CardPoolRelic","theDuelist:CardPoolBasicRelic","theDuelist:BoosterPackPoolRelic","theDuelist:CardPoolAddRelic","theDuelist:CardPoolMinusRelic","theDuelist:CardPoolSaveRelic","theDuelist:CardPoolOptionsRelic","theDuelist:SpellMaxHPRelic","Juzu Bracelet","Sozu","theDuelist:TrapVortex","Ancient Tea Set","Spirit Poop","Nunchaku","theDuelist:MetronomeRelicB","theDuelist:ElectricKey","Meat on the Bone","theDuelist:MetronomeRelicD","PreservedInsect"],"acts_visited":["Exordium","TheCity","TheBeyond"],"potions_floor_usage":[16,16,50],"damage_taken":[{"damage":6,"enemies":"Jaw Worm","floor":1,"turns":3},{"damage":47,"enemies":"Lagavulin","floor":6,"turns":7},{"damage":6,"enemies":"2 Louse","floor":8,"turns":2},{"damage":5,"enemies":"Small Slimes","floor":14,"turns":3},{"damage":35,"enemies":"Hexaghost","floor":16,"turns":8},{"damage":0,"enemies":"3 Byrds","floor":18,"turns":2},{"damage":0,"enemies":"Chosen","floor":27,"turns":1},{"damage":8,"enemies":"theDuelist:KaibaA2","floor":29,"turns":4},{"damage":15,"enemies":"Centurion and Healer","floor":30,"turns":3},{"damage":0,"enemies":"Snecko","floor":31,"turns":3},{"damage":0,"enemies":"Champ","floor":33,"turns":6},{"damage":2,"enemies":"3 Darklings","floor":35,"turns":3},{"damage":0,"enemies":"3 Shapes","floor":37,"turns":3},{"damage":17,"enemies":"Transient","floor":41,"turns":5},{"damage":0,"enemies":"Maw","floor":42,"turns":4},{"damage":10,"enemies":"Sphere and 2 Shapes","floor":44,"turns":1},{"damage":22,"enemies":"Jaw Worm Horde","floor":46,"turns":3},{"damage":69,"enemies":"Time Eater","floor":50,"turns":6}],"seed_played":"-1542435975610988166","potions_obtained":[{"floor":1,"key":"ColorlessPotion"},{"floor":6,"key":"theDuelist:BurningPotion"},{"floor":14,"key":"theDuelist:TokenPotion"}],"is_trial":false,"path_per_floor":["M","?","?","?","?","E","$","M","T","R","?","R","$","M","R","B",null,"M","$","?","?","?","R","?","R","T","M","?","E","M","M","R","B",null,"M","?","M","$","?","R","M","M","T","M","?","M","?","$","R","B"],"character_chosen":"THE_DUELIST","items_purchased":["theDuelist:PoisonOldMan","theDuelist:TrapVortex","PreservedInsect"],"campfire_rested":3,"item_purchase_floors":[7,19,48],"current_hp_per_floor":[74,74,74,74,68,21,22,16,16,40,24,48,48,43,43,8,81,81,81,81,81,81,81,81,81,81,81,81,74,60,60,60,60,83,81,81,81,81,81,81,64,64,64,54,54,44,38,38,62,0,0],"gold":35,"neow_bonus":"UPGRADE_CARD","is_daily":false,"chose_seed":false,"campfire_upgraded":4,"win_rate":0.0,"timestamp":1609434447,"path_taken":["M","?","?","?","?","E","$","M","T","R","?","R","?","M","R","BOSS","M","$","?","?","?","R","?","R","T","M","?","E","M","M","R","BOSS","M","?","M","$","?","R","M","M","T","M","?","M","?","?","R","BOSS"],"items_purchased_type":["Card","Relic","Relic"],"build_version":"2020-12-22","purchased_purges":2,"victory":false,"max_hp_per_floor":[80,80,80,80,80,80,81,81,81,81,81,81,81,81,81,81,81,81,81,81,81,81,81,81,81,81,81,81,82,83,83,83,83,83,83,83,83,83,83,83,83,83,83,83,83,83,83,83,83,83,83],"card_choices":[{"not_picked":["theDuelist:JiraiGumo","theDuelist:EmpressMantis","theDuelist:FirestormProminence","theDuelist:CrossSwordBeetle"],"picked":"theDuelist:ManEaterBug","floor":1},{"not_picked":["theDuelist:InsectKnight","theDuelist:ArmoredBee","theDuelist:ZefraMetaltron","theDuelist:BasicInsect"],"picked":"theDuelist:BlazewingButterfly","floor":6},{"not_picked":["theDuelist:Suanni","theDuelist:BigInsect","theDuelist:DarkSpider","theDuelist:Chiwen"],"picked":"theDuelist:DarkBug","floor":8},{"not_picked":["theDuelist:JiraiGumo","theDuelist:DragonDowser","theDuelist:CrossSwordBeetle","theDuelist:BiteBug"],"picked":"theDuelist:BrainCrusher","floor":14},{"not_picked":["theDuelist:Zektkaliber","theDuelist:SpiderEgg","theDuelist:PoisonousWinds","theDuelist:GigaCricket"],"picked":"theDuelist:InsectQueen","floor":16},{"not_picked":["theDuelist:CrossSwordBeetle","theDuelist:CobraJar","theDuelist:JiraiGumo","theDuelist:ReptiliannePoison"],"picked":"theDuelist:HunterSpider","floor":18},{"not_picked":["theDuelist:UndergroundArachnid","theDuelist:HunterSpider","theDuelist:Chiwen","theDuelist:BrainCrusher"],"picked":"theDuelist:CobraJar+1","floor":27},{"not_picked":["theDuelist:HammerShot","theDuelist:PoisonOldMan","theDuelist:Forest","theDuelist:BugMatrix"],"picked":"theDuelist:Invigoration","floor":29},{"not_picked":["theDuelist:Parasite","theDuelist:CorrosiveScales","theDuelist:BugMatrix"],"picked":"theDuelist:Forest+1","floor":30},{"not_picked":["theDuelist:Gagagigo","theDuelist:JiraiGumo","theDuelist:CobraJar+1","theDuelist:ResonanceInsect+1"],"picked":"theDuelist:BiteBug","floor":31},{"not_picked":["theDuelist:Taotie","theDuelist:SpiritualForest","theDuelist:PoisonousMayakashi","theDuelist:GigaCricket"],"picked":"theDuelist:SpiderEgg","floor":33},{"not_picked":["theDuelist:BigInsect","theDuelist:BeeListSoldier+1","theDuelist:KarakuriSpider+1","theDuelist:DigitalBug+1","theDuelist:DrillBug+1"],"picked":"SKIP","floor":35},{"not_picked":["theDuelist:ZefraMetaltron+1","theDuelist:TornadoDragon","theDuelist:DarkSpider","theDuelist:ArsenalBug+1"],"picked":"theDuelist:SpiderEgg+1","floor":37},{"not_picked":["theDuelist:LinkSpider+1","theDuelist:InsectQueen+1"],"picked":"theDuelist:SpiderEgg+1","floor":41},{"not_picked":["theDuelist:Zektarrow","theDuelist:UndergroundArachnid","theDuelist:DrillBug+1"],"picked":"SKIP","floor":42},{"not_picked":["theDuelist:Fissure","theDuelist:MudGolem+1","theDuelist:Cloning","theDuelist:MillenniumScorpion+1","theDuelist:HaneHane"],"picked":"SKIP","floor":44},{"not_picked":["theDuelist:EmpressMantis+1","theDuelist:Gagagigo","theDuelist:UndergroundArachnid","theDuelist:BeakedSnake+1","theDuelist:PoisonMummy"],"picked":"SKIP","floor":46}],"player_experience":96834,"relics_obtained":[{"floor":6,"key":"Juzu Bracelet"},{"floor":26,"key":"Nunchaku"},{"floor":29,"key":"theDuelist:MetronomeRelicB"},{"floor":43,"key":"Meat on the Bone"}],"event_choices":[{"damage_healed":0,"gold_gain":0,"player_choice":"Ignored","damage_taken":0,"max_hp_gain":0,"max_hp_loss":0,"event_name":"Liars Game","floor":2,"gold_loss":0},{"damage_healed":0,"gold_gain":0,"player_choice":"Leave","duelist":true,"damage_taken":0,"max_hp_gain":0,"max_hp_loss":0,"event_name":"Egyptian Village","floor":3,"gold_loss":0},{"cards_removed":["theDuelist:Sparks"],"damage_healed":0,"gold_gain":0,"player_choice":"Card Removal","damage_taken":0,"max_hp_gain":0,"max_hp_loss":0,"event_name":"The Cleric","floor":4,"gold_loss":50},{"damage_healed":0,"gold_gain":0,"player_choice":"Dig - random Duelist relic","duelist":true,"damage_taken":0,"max_hp_gain":0,"max_hp_loss":0,"event_name":"Aknamkanon\u0027s Tomb","floor":5,"gold_loss":0},{"damage_healed":0,"gold_gain":0,"player_choice":"Entered Light","damage_taken":16,"max_hp_gain":0,"max_hp_loss":0,"event_name":"Shining Light","floor":11,"gold_loss":0,"cards_upgraded":["theDuelist:Sparks","theDuelist:EmpressMantis"]},{"damage_healed":0,"gold_gain":0,"player_choice":"Read","damage_taken":0,"max_hp_gain":0,"max_hp_loss":0,"event_name":"The Library","floor":20,"gold_loss":0,"cards_obtained":["theDuelist:BugSignal"]},{"damage_healed":0,"gold_gain":0,"player_choice":"Opened","damage_taken":0,"relics_obtained":["Ancient Tea Set"],"max_hp_gain":0,"max_hp_loss":0,"event_name":"The Mausoleum","floor":21,"gold_loss":0,"cards_obtained":["Writhe"]},{"cards_removed":["Writhe"],"damage_healed":0,"gold_gain":0,"player_choice":"Offered Curse","damage_taken":0,"relics_obtained":["Spirit Poop"],"max_hp_gain":0,"max_hp_loss":0,"event_name":"Bonfire Elementals","floor":22,"gold_loss":0},{"damage_healed":0,"gold_gain":99,"player_choice":"Stole From Cult","damage_taken":0,"max_hp_gain":0,"max_hp_loss":0,"event_name":"Nest","floor":24,"gold_loss":0},{"damage_healed":0,"gold_gain":0,"player_choice":"Paid Fearfully","damage_taken":0,"max_hp_gain":0,"max_hp_loss":0,"event_name":"Masked Bandits","floor":28,"gold_loss":182},{"cards_removed":["theDuelist:BrainCrusher"],"damage_healed":0,"gold_gain":0,"player_choice":"Removed Attack","damage_taken":0,"max_hp_gain":0,"max_hp_loss":0,"event_name":"Falling","floor":36,"gold_loss":0},{"damage_healed":0,"gold_gain":100,"player_choice":"Pray","damage_taken":0,"max_hp_gain":0,"max_hp_loss":0,"event_name":"Golden Shrine","floor":39,"gold_loss":0},{"total_magic_score":72,"gold_gain":0,"greed_reward":4,"duelist":true,"damage_taken":0,"relics_obtained":[],"points":5,"max_hp_gain":0,"max_hp_loss":0,"spent_points":{"magic":0,"greed":4,"war":0,"power":0,"hunger":1},"event_name":"Nameless Tomb","floor":45,"gold_loss":0,"cards_obtained":["theDuelist:Nameless:Greed:AncientGearBox"]},{"damage_healed":0,"gold_gain":0,"player_choice":"Dig - random Duelist relic","duelist":true,"damage_taken":0,"max_hp_gain":0,"max_hp_loss":0,"event_name":"Aknamkanon\u0027s Tomb","floor":47,"gold_loss":0}],"is_beta":false,"boss_relics":[{"not_picked":["Runic Cube","Runic Dome"],"picked":"Sozu"},{"not_picked":["SlaversCollar","theDuelist:GamblerChip"],"picked":"theDuelist:ElectricKey"}],"items_purged_floors":[38,48],"is_endless":false,"potions_floor_spawned":[1,6,14,27,33,37,44,46],"killed_by":"Time Eater","ascension_level":0}}