{"host":"ds28d883r3sz42zs","time":1609391316,"event":{"mods":["2.2 Compatiblity","AchievementEnabler","Act Like it!","Aspiration","BaseMod","Bestiary","Better Match","Better Sensory Stone","Better Third Choice","Better-Laid Plans","BetterRewards","Block Reminder","Challenge The Spire","Colored Map","Colored Powertips","Conspire","DeckTracker","Defuse TimeMaze Blight","Disable Question Mark Monsters","Displayed Cursed Tome","Emptier Cage","GifTheSpireLib","Gold Saver","Hallownest","Hubris","Infinite Spire","Jedi Mod","Minty Spire (QoL Compilation)","Permanent Neow","Practice Mode","Quick Restart","Random Character Button","Rare Cards Sparkle","Relic Filter","Relic Sorter","Relic Stats","Replay The Spire","SacredBarkPlus","Shop Mod","StSLib","Stuff the Spire","SuperFastMode","The Bug Knight","Uncapped","Unknown Chances"],"gold_per_floor":[115,1,31,44,54,54,81,81,81,101,1,18,28,28,28],"floor_reached":14,"playtime":373,"items_purged":["Strike_B","Zap"],"score":161,"play_id":"b919ebf8-d00c-4a25-b083-6113d9033f62","local_time":"20201231000836","is_ascension_mode":true,"campfire_choices":[{"data":"Sweeping Beam","floor":6,"key":"SMITH"},{"data":"Sweeping Beam","floor":8,"key":"SMITH"}],"circlet_count":0,"master_deck":["AscendersBane","Strike_B","Strike_B","Strike_B","Defend_B","Defend_B","Defend_B","Defend_B","Dualcast","Recycle","Ball Lightning","Ball Lightning","Sweeping Beam+1","Compile Driver","Sweeping Beam+1","Capacitor","Reprogram","Sweeping Beam"],"relics":["Cracked Core","aspiration:Nostalgia","HollowMod:VesselMask","StuffTheSpire:OldFever","Bottled Lightning","hubris:DeckOfHolding"],"acts_visited":["Exordium"],"potions_floor_usage":[7,14,14],"damage_taken":[{"damage":0,"enemies":"conspire:RoseBush","floor":1,"turns":3},{"damage":22,"enemies":"conspire:MimicChest","floor":3,"turns":4},{"damage":2,"enemies":"Jaw Worm","floor":4,"turns":3},{"damage":1,"enemies":"Cultist","floor":5,"turns":3},{"damage":10,"enemies":"3 Sentries","floor":7,"turns":3},{"damage":17,"enemies":"Lots of Slimes","floor":10,"turns":3},{"damage":0,"enemies":"Exordium Thugs","floor":12,"turns":3},{"damage":11,"enemies":"Looter","floor":13,"turns":2},{"damage":19,"enemies":"Replay:BlueRogue","floor":14,"turns":3}],"seed_played":"-4892394114503201391","potions_obtained":[{"floor":1,"key":"Energy Potion"},{"floor":10,"key":"Energy Potion"},{"floor":12,"key":"Swift Potion"}],"is_trial":false,"path_per_floor":["M","$","?","M","M","R","E","R","T","M","$","M","M","E"],"character_chosen":"DEFECT","items_purchased":["Ball Lightning"],"campfire_rested":0,"item_purchase_floors":[2],"current_hp_per_floor":[64,64,42,40,39,39,29,29,29,12,12,12,1,0,0],"gold":28,"neow_bonus":"NOSTALGIA","is_daily":false,"chose_seed":false,"campfire_upgraded":2,"win_rate":0.0,"timestamp":1609391316,"path_taken":["M","$","?","?","?","R","E","R","T","M","?","?","M","E"],"items_purchased_type":["Card"],"build_version":"2020-12-22","purchased_purges":2,"victory":false,"max_hp_per_floor":[71,71,71,71,71,71,71,71,71,71,71,71,71,71,71],"relic_stats":{"counters":[9,27],"obtain_stats":[{"aspiration:Nostalgia":0,"HollowMod:VesselMask":0,"hubris:DeckOfHolding":9,"Bottled Lightning":7,"Cracked Core":0,"StuffTheSpire:OldFever":3},{"aspiration:Nostalgia":0,"HollowMod:VesselMask":0,"hubris:DeckOfHolding":5,"Bottled Lightning":5,"Cracked Core":0,"StuffTheSpire:OldFever":2},{"aspiration:Nostalgia":0,"HollowMod:VesselMask":0,"hubris:DeckOfHolding":16,"Bottled Lightning":16,"Cracked Core":0,"StuffTheSpire:OldFever":7}]},"card_choices":[{"not_picked":["Chaos","Rebound"],"picked":"Recycle","floor":1},{"not_picked":["ReplayTheSpireMod:System Scan","Doom and Gloom"],"picked":"Sweeping Beam","floor":3},{"not_picked":["Gash","Sweeping Beam"],"picked":"Compile Driver","floor":4},{"not_picked":["Multi-Cast","Redo"],"picked":"Sweeping Beam","floor":5},{"not_picked":["Heatsinks","Panic Button"],"picked":"Capacitor","floor":7},{"not_picked":["ReplayGash","conspire:SharedLibrary"],"picked":"Reprogram","floor":10},{"not_picked":["Rebound","Turbo"],"picked":"Sweeping Beam","floor":12},{"not_picked":["Leap","Streamline","StuffTheSpire:Rend"],"picked":"SKIP","floor":13}],"player_experience":756214,"relics_obtained":[{"floor":3,"key":"StuffTheSpire:OldFever"},{"floor":7,"key":"Bottled Lightning"},{"floor":9,"key":"hubris:DeckOfHolding"}],"event_choices":[],"is_beta":false,"boss_relics":[],"items_purged_floors":[2,11],"is_endless":false,"potions_floor_spawned":[1,10,12],"killed_by":"Replay:BlueRogue","ascension_level":15}}