{"host":"zh52cun1g5egmafn","time":1609429821,"event":{"mods":["BaseMod","DeckTracker","Highlight Path","Minty Spire (QoL Compilation)"],"gold_per_floor":[111,126,137,157,47,47,79,79,79,79,79,79,96,46,46,145,145,160,178,93,47,47,47,47,47],"floor_reached":24,"playtime":866,"items_purged":["Creative AI"],"score":194,"play_id":"f533e96b-dd1a-4079-812e-dc0b05d29d70","local_time":"20210101005021","is_ascension_mode":false,"campfire_choices":[{"data":"Genetic Algorithm","floor":6,"key":"SMITH"},{"floor":8,"key":"REST"},{"floor":10,"key":"REST"},{"data":"Self Repair","floor":12,"key":"SMITH"},{"data":"Dualcast","floor":15,"key":"SMITH"},{"data":"Redo","floor":23,"key":"SMITH"}],"circlet_count":0,"master_deck":["Strike_B","Strike_B","Defend_B","Defend_B","Zap","Dualcast+1","Genetic Algorithm+1","Self Repair+1","Amplify","Loop+1","Doom and Gloom+1","Consume+1","BootSequence+1","Redo+1"],"relics":["Cracked Core","NeowsBlessing","Singing Bowl","Du-Vu Doll","Astrolabe","Ice Cream"],"acts_visited":["Exordium","TheCity"],"potions_floor_usage":[16,16,16,24],"damage_taken":[{"damage":0,"enemies":"Small Slimes","floor":1,"turns":1},{"damage":0,"enemies":"Jaw Worm","floor":2,"turns":1},{"damage":0,"enemies":"Cultist","floor":3,"turns":1},{"damage":25,"enemies":"3 Louse","floor":4,"turns":5},{"damage":31,"enemies":"Lagavulin","floor":7,"turns":9},{"damage":7,"enemies":"Blue Slaver","floor":13,"turns":4},{"damage":30,"enemies":"Slime Boss","floor":16,"turns":12},{"damage":21,"enemies":"Chosen","floor":18,"turns":5},{"damage":43,"enemies":"Shell Parasite","floor":19,"turns":5},{"damage":48,"enemies":"Gremlin Leader","floor":24,"turns":3}],"seed_played":"6811315669143301431","potions_obtained":[{"floor":1,"key":"BlessingOfTheForge"},{"floor":7,"key":"FocusPotion"},{"floor":13,"key":"Dexterity Potion"},{"floor":18,"key":"SkillPotion"}],"is_trial":false,"path_per_floor":["M","M","M","M","$","R","E","R","T","R","$","R","M","?","R","B",null,"M","M","?","$","?","R","E"],"character_chosen":"DEFECT","items_purchased":["Self Repair","Redo"],"campfire_rested":2,"item_purchase_floors":[5,21],"current_hp_per_floor":[75,75,75,50,50,50,28,51,51,74,74,74,79,79,79,59,79,70,47,47,47,47,47,0,0],"gold":47,"neow_bonus":"THREE_ENEMY_KILL","is_daily":false,"chose_seed":false,"campfire_upgraded":4,"win_rate":0.0,"timestamp":1609429821,"path_taken":["M","M","M","M","$","R","E","R","T","R","$","R","M","?","R","BOSS","M","M","?","$","?","R","E"],"items_purchased_type":["Card","Card"],"build_version":"2020-12-22","purchased_purges":1,"victory":false,"max_hp_per_floor":[75,75,75,75,75,75,77,77,77,77,77,77,79,79,79,79,79,81,81,81,81,81,81,81,81],"card_choices":[{"not_picked":["Barrage","Heatsinks","Coolheaded"],"picked":"SKIP","floor":1},{"not_picked":["Barrage","Loop"],"picked":"Genetic Algorithm","floor":2},{"not_picked":["Streamline","Rebound"],"picked":"Creative AI","floor":3},{"not_picked":["Hologram","Skim","Heatsinks"],"picked":"SKIP","floor":4},{"not_picked":["Gash","Undo","Compile Driver"],"picked":"Singing Bowl","floor":7},{"not_picked":["Blizzard","Streamline","Compile Driver"],"picked":"Singing Bowl","floor":13},{"not_picked":["All For One","Fission"],"picked":"Amplify","floor":16},{"not_picked":["Sweeping Beam","Leap","Hologram"],"picked":"Singing Bowl","floor":18},{"not_picked":["Sweeping Beam","Coolheaded"],"picked":"BootSequence+1","floor":19}],"player_experience":122145,"relics_obtained":[{"floor":7,"key":"Singing Bowl"},{"floor":9,"key":"Du-Vu Doll"}],"event_choices":[{"cards_removed":["Strike_B"],"damage_healed":0,"gold_gain":0,"player_choice":"Card Removal","damage_taken":0,"max_hp_gain":0,"max_hp_loss":0,"event_name":"The Cleric","floor":14,"gold_loss":50},{"damage_healed":0,"gold_gain":0,"player_choice":"Obtained Relic","damage_taken":0,"relics_obtained":["Ice Cream"],"max_hp_gain":0,"max_hp_loss":0,"event_name":"Addict","floor":20,"gold_loss":85},{"damage_healed":0,"gold_gain":0,"player_choice":"Ignored","damage_taken":0,"max_hp_gain":0,"max_hp_loss":0,"event_name":"Vampires","floor":22,"gold_loss":0}],"is_beta":false,"boss_relics":[{"not_picked":["Cursed Key","Sozu"],"picked":"Astrolabe"}],"items_purged_floors":[5],"is_endless":false,"potions_floor_spawned":[1,7,13,18],"killed_by":"Gremlin Leader","ascension_level":0}}