{"host":"4sl6z5xrlou33vwc","time":1609418555,"event":{"mods":["AchievementEnabler","BaseMod","Colored Powertips","DeckTracker","Minty Spire (QoL Compilation)"],"gold_per_floor":[115,126,201,201,211,222,222,222,247,247,126,138,138,138,138,234,234,244,244,144,164,184,184,184],"floor_reached":23,"playtime":784,"items_purged":["Strike_P","Defend_P"],"score":233,"play_id":"f323cb09-514f-40c5-b76e-948fe83dcc09","local_time":"20201231134235","is_ascension_mode":true,"campfire_choices":[{"data":"EmptyBody","floor":7,"key":"SMITH"},{"data":"TalkToTheHand","floor":10,"key":"SMITH"},{"data":"FlurryOfBlows","floor":13,"key":"SMITH"},{"floor":15,"key":"RECALL"}],"circlet_count":0,"master_deck":["Strike_P+1","Defend_P","Defend_P","Defend_P","Eruption","Vigilance","Perseverance+1","FlurryOfBlows+1","TalkToTheHand+1","EmptyBody+1","FlurryOfBlows+1","Establishment","Protect","TalkToTheHand+1"],"relics":["PureWater","Omamori","Calling Bell","Happy Flower","Sundial","Mango"],"acts_visited":["Exordium","TheCity"],"potions_floor_usage":[1,16,18,21,22],"damage_taken":[{"damage":10,"enemies":"Cultist","floor":1,"turns":4},{"damage":0,"enemies":"Jaw Worm","floor":2,"turns":5},{"damage":3,"enemies":"Small Slimes","floor":5,"turns":5},{"damage":0,"enemies":"Exordium Thugs","floor":6,"turns":6},{"damage":0,"enemies":"Blue Slaver","floor":12,"turns":5},{"damage":19,"enemies":"The Guardian","floor":16,"turns":14},{"damage":7,"enemies":"2 Thieves","floor":18,"turns":5},{"damage":0,"enemies":"3 Byrds","floor":21,"turns":5},{"damage":2,"enemies":"Cultist and Chosen","floor":22,"turns":4},{"damage":90,"enemies":"Gremlin Leader","floor":23,"turns":6}],"seed_played":"-4609362855938754594","potions_obtained":[{"floor":1,"key":"Fruit Juice"},{"floor":2,"key":"SkillPotion"},{"floor":12,"key":"Ambrosia"},{"floor":18,"key":"AttackPotion"},{"floor":21,"key":"StancePotion"}],"is_trial":false,"path_per_floor":["M","M","?","?","M","M","R","?","T","R","$","M","R","?","R","B",null,"M","?","$","M","M","E"],"character_chosen":"WATCHER","items_purchased":["FlurryOfBlows"],"campfire_rested":0,"item_purchase_floors":[11],"current_hp_per_floor":[74,74,63,46,43,43,43,43,43,43,43,43,43,43,43,24,98,91,91,91,91,89,0,0],"gold":184,"neow_bonus":"TEN_PERCENT_HP_BONUS","is_daily":false,"chose_seed":false,"campfire_upgraded":3,"win_rate":0.0,"timestamp":1609418555,"path_taken":["M","M","?","?","M","M","R","?","T","R","$","?","R","?","R","BOSS","M","?","$","M","M","E"],"items_purchased_type":["Card"],"build_version":"2020-12-22","purchased_purges":2,"victory":false,"max_hp_per_floor":[84,84,84,84,84,84,84,84,84,84,84,84,84,84,84,84,98,98,98,98,98,98,98,98],"card_choices":[{"not_picked":["WheelKick","FlyingSleeves"],"picked":"Perseverance","floor":1},{"not_picked":["SandsOfTime","JustLucky"],"picked":"FlurryOfBlows","floor":2},{"not_picked":["Vengeance","ClearTheMind"],"picked":"TalkToTheHand","floor":5},{"not_picked":["SashWhip","ReachHeaven"],"picked":"EmptyBody","floor":6},{"not_picked":["Collect","Consecrate","Prostrate"],"picked":"SKIP","floor":12},{"not_picked":["DevaForm","Ragnarok"],"picked":"Establishment","floor":16},{"not_picked":["CutThroughFate+1","Worship"],"picked":"Protect","floor":18},{"not_picked":["FollowUp","Prostrate","WheelKick+1"],"picked":"SKIP","floor":21},{"not_picked":["EmptyFist+1","CrushJoints+1"],"picked":"TalkToTheHand+1","floor":22}],"player_experience":350365,"relics_obtained":[{"floor":9,"key":"Omamori"},{"floor":17,"key":"Happy Flower"},{"floor":17,"key":"Sundial"},{"floor":17,"key":"Mango"}],"event_choices":[{"damage_healed":0,"gold_gain":75,"player_choice":"Gather Gold","damage_taken":11,"max_hp_gain":0,"max_hp_loss":0,"event_name":"World of Goop","floor":3,"gold_loss":0},{"damage_healed":0,"gold_gain":0,"player_choice":"Entered Light","damage_taken":17,"max_hp_gain":0,"max_hp_loss":0,"event_name":"Shining Light","floor":4,"gold_loss":0,"cards_upgraded":["Perseverance","Strike_P"]},{"damage_healed":0,"gold_gain":0,"player_choice":"Upgraded","damage_taken":0,"max_hp_gain":0,"max_hp_loss":0,"event_name":"Upgrade Shrine","floor":8,"gold_loss":0,"cards_upgraded":["FlurryOfBlows"]},{"cards_removed":["Strike_P"],"damage_healed":0,"gold_gain":0,"player_choice":"Forget","damage_taken":0,"max_hp_gain":0,"max_hp_loss":0,"event_name":"Living Wall","floor":14,"gold_loss":0},{"cards_removed":["Strike_P"],"damage_healed":0,"gold_gain":0,"player_choice":"Elegance","damage_taken":0,"max_hp_gain":0,"max_hp_loss":0,"event_name":"Back to Basics","floor":19,"gold_loss":0}],"is_beta":false,"boss_relics":[{"not_picked":["Busted Crown","Tiny House"],"picked":"Calling Bell"}],"items_purged_floors":[11,20],"is_endless":false,"potions_floor_spawned":[1,2,12,18,21],"killed_by":"Gremlin Leader","ascension_level":3}}