{"host":"8w77ry71wnq5rafu","time":1609379190,"event":{"mods":["AchievementEnabler","BaseMod","ChefMod","Colored Map","Hermit","Highlight Path","Key Reminder","Minty Spire (QoL Compilation)","Permanent Neow","Random Character Button","Rare Cards Sparkle","StSLib","The Edgeheg","The IronCluck","The Problem Sleuth","The Senshi","Unceasing Turn Reminder","egg","everything is the same but u backflip on backflip","slay the spire mod where everything is the same but ironclad has a cowboy hat","thorton"],"gold_per_floor":[213,229,3,31,48,48,48,48],"floor_reached":7,"playtime":981,"items_purged":[],"score":71,"play_id":"611194d8-ff57-4f46-9490-aaa6118ce71c","local_time":"20201230184630","is_ascension_mode":true,"campfire_choices":[{"data":"ForeignInfluence","floor":6,"key":"SMITH"}],"circlet_count":0,"master_deck":["AscendersBane","Strike_P","Strike_P","Strike_P","Strike_P","Defend_P","Defend_P","Defend_P","Defend_P","Eruption","Vigilance","MentalFortress","ForeignInfluence+1","Wireheading","FlurryOfBlows","TalkToTheHand"],"relics":["PureWater","PreservedInsect"],"acts_visited":["Exordium"],"potions_floor_usage":[7],"damage_taken":[{"damage":0,"enemies":"Cultist","floor":1,"turns":3},{"damage":1,"enemies":"Small Slimes","floor":2,"turns":3},{"damage":8,"enemies":"Jaw Worm","floor":4,"turns":6},{"damage":4,"enemies":"2 Fungi Beasts","floor":5,"turns":4},{"damage":0,"enemies":"Lagavulin","floor":7,"turns":4}],"seed_played":"-6376135463940112251","potions_obtained":[{"floor":1,"key":"FearPotion"},{"floor":2,"key":"StancePotion"}],"is_trial":false,"path_per_floor":["M","M","$","M","M","R","E"],"character_chosen":"WATCHER","items_purchased":["PreservedInsect","Wireheading"],"campfire_rested":0,"item_purchase_floors":[3,3],"current_hp_per_floor":[65,64,64,56,52,52,52,52],"gold":48,"neow_bonus":"HUNDRED_GOLD","is_daily":false,"chose_seed":false,"campfire_upgraded":1,"win_rate":0.0,"timestamp":1609379190,"path_taken":["M","M","$","M","M","R","E"],"items_purchased_type":["Relic","Card"],"build_version":"2020-12-22","purchased_purges":0,"victory":false,"max_hp_per_floor":[72,72,72,72,72,72,72,72],"card_choices":[{"not_picked":["Consecrate","ThirdEye"],"picked":"MentalFortress","floor":1},{"not_picked":["Consecrate","CrushJoints"],"picked":"ForeignInfluence","floor":2},{"not_picked":["Crescendo","CrushJoints"],"picked":"FlurryOfBlows","floor":4},{"not_picked":["FlyingSleeves","CutThroughFate"],"picked":"TalkToTheHand","floor":5}],"player_experience":472144,"relics_obtained":[],"event_choices":[],"is_beta":false,"boss_relics":[],"items_purged_floors":[],"is_endless":false,"potions_floor_spawned":[1,2,4],"killed_by":"Lagavulin","ascension_level":13}}