{"host":"w1xj5yb993x94b3l","time":1609421952,"event":{"mods":["AchievementEnabler","Act Like it!","Aspiration","BaseMod","Beaked The Cultist","BetterRewards","CCEM","Clockwork Mod","Colored Powertips","Conspire","Downfall","Energized Spire","Friendly Minions","GifTheSpireLib","Glutton Mod","Halation","Hubris","Infinite Spire","Lobotomy","LobotomyExtend","Mad Scientist","Marisa????????","Minty Spire (QoL Compilation)","Relic Sorter","Replay The Spire","Slumbering Mod","Spikes Relics","StSLib","Stuff the Spire","The Bladedancer","The Construct","The Disciple","The Jungle","The Mystic","The Runesmith","The Sage","The Servant 0.9.4","Trackpad","vexMod"],"gold_per_floor":[109,9,20,20,38,67,67,67,67,87,119,119,129,141,141,246,246,246,246],"floor_reached":18,"playtime":1798,"items_purged":[],"score":197,"play_id":"63ccd530-9549-4341-bf54-608271e405ab","local_time":"20201231143912","is_ascension_mode":false,"campfire_choices":[{"data":"Runesmith:Grindstone","floor":7,"key":"SMITH"},{"floor":12,"key":"REST"}],"circlet_count":0,"master_deck":["Runesmith:Strike_RS","Runesmith:Strike_RS","Runesmith:Strike_RS","Runesmith:Strike_RS","Runesmith:Defend_RS","Runesmith:Defend_RS","Runesmith:Defend_RS","Runesmith:Defend_RS","Runesmith:CraftFirestone","Runesmith:Fortify","Runesmith:Grindstone+1","MHz","Ghostly","BeautyBeast","Runesmith:EnergizedChisel","UniverseFragment","Runesmith:HammerThrow","Runesmith:WhiteBalance","OldLady","CherryBlossoms","Runesmith:CraftMagma","VoidDream","Runesmith:HeatExchange","GalaxyChild","Runesmith:EnergizedChisel","SnowQueen","Runesmith:ShiftingStrike","Wellcheers","Runesmith:LastStand"],"relics":["Runesmith:BrokenRuby","CogitoBucket","LetterFromLob","CCEMRelics:PorcelainBowl","Meat on the Bone","hubris:SphereOfDissonance","Blue Candle","AspirationHeart","WarpedTongs","SlaversCollar"],"acts_visited":["Exordium","TheCity"],"potions_floor_usage":[10,16,16,16,18],"damage_taken":[{"damage":0,"enemies":"theSlumbering:NewCultist","floor":1,"turns":4},{"damage":1,"enemies":"Cultist","floor":3,"turns":5},{"damage":0,"enemies":"Jaw Worm","floor":5,"turns":5},{"damage":21,"enemies":"3 Sentries","floor":6,"turns":10},{"damage":0,"enemies":"Exordium Thugs","floor":10,"turns":6},{"damage":0,"enemies":"theSlumbering:Adrasteia","floor":11,"turns":8},{"damage":10,"enemies":"conspire:2 RoseBushes","floor":13,"turns":7},{"damage":3,"enemies":"2 Fungi Beasts","floor":14,"turns":6},{"damage":32,"enemies":"Slime Boss","floor":16,"turns":15},{"damage":110,"enemies":"Chosen","floor":18,"turns":3}],"seed_played":"-7291833968721661641","potions_obtained":[{"floor":3,"key":"LiquidBronze"},{"floor":4,"key":"Reflective Coating"},{"floor":4,"key":"Fire Potion"},{"floor":10,"key":"sneckomod:MuddlingPotion"},{"floor":11,"key":"Weak Potion"},{"floor":16,"key":"Swift Potion"}],"is_trial":false,"path_per_floor":["M","?","M","?","M","E","R","T","T","M","E","R","M","M","R","B",null,"M"],"character_chosen":"RUNESMITH_CLASS","items_purchased":[],"campfire_rested":1,"item_purchase_floors":[],"current_hp_per_floor":[70,70,69,69,69,48,48,48,48,48,48,69,69,66,66,46,80,0,0],"gold":246,"neow_bonus":"","is_daily":false,"chose_seed":false,"campfire_upgraded":1,"win_rate":0.0,"timestamp":1609421952,"path_taken":["M","?","M","?","?","E","R","?","T","M","E","R","?","M","R","BOSS","M"],"items_purchased_type":[],"build_version":"2020-12-22","purchased_purges":0,"victory":false,"max_hp_per_floor":[70,70,70,70,70,70,70,70,70,70,70,70,80,80,80,80,80,80,80],"card_choices":[{"not_picked":["Runesmith:EnergizedChisel","Runesmith:Overpower"],"picked":"Runesmith:Grindstone","floor":1},{"not_picked":["Wellcheers","FairyFestival"],"picked":"MHz","floor":1},{"not_picked":["Wellcheers","Freischutz"],"picked":"BeautyBeast","floor":3},{"not_picked":["Runesmith:Grindstone","Runesmith:ChiselStab"],"picked":"Runesmith:EnergizedChisel","floor":3},{"not_picked":["ShyLook","WallGazer"],"picked":"UniverseFragment","floor":5},{"not_picked":["Runesmith:Repurpose","Runesmith:RuneHurl"],"picked":"Runesmith:HammerThrow","floor":5},{"not_picked":["Runesmith:Repurpose","Runesmith:Grindstone"],"picked":"Runesmith:WhiteBalance","floor":6},{"not_picked":["HeroicMonk","DreamingCurrent"],"picked":"OldLady","floor":6},{"not_picked":["WhitesApple","LittleHelper"],"picked":"CherryBlossoms","floor":10},{"not_picked":["Runesmith:GoWithTheFlow","Runesmith:Overpower"],"picked":"Runesmith:CraftMagma","floor":10},{"not_picked":["Scorched","MeatLantern"],"picked":"VoidDream","floor":11},{"not_picked":["Runesmith:LithiumIon","Runesmith:Electrocute"],"picked":"Runesmith:HeatExchange","floor":11},{"not_picked":["BlackArmy","SpiderBud"],"picked":"GalaxyChild","floor":13},{"not_picked":["Runesmith:Repurpose","Runesmith:HeatExchange"],"picked":"Runesmith:EnergizedChisel","floor":13},{"not_picked":["OSAHOGD","PunishingBird"],"picked":"SnowQueen","floor":14},{"not_picked":["Runesmith:Discharge","Runesmith:UnstableHammer"],"picked":"Runesmith:ShiftingStrike","floor":14},{"not_picked":["BlackSwan","OSAHOGD"],"picked":"Wellcheers","floor":16},{"not_picked":["Runesmith:CraftMedicinae","Runesmith:GrandSlam"],"picked":"Runesmith:LastStand","floor":16}],"player_experience":226029,"relics_obtained":[{"floor":1,"key":"LetterFromLob"},{"floor":6,"key":"CCEMRelics:PorcelainBowl"},{"floor":8,"key":"Meat on the Bone"},{"floor":9,"key":"hubris:SphereOfDissonance"},{"floor":11,"key":"Blue Candle"}],"event_choices":[{"damage_healed":0,"gold_gain":0,"player_choice":"Argue","damage_taken":0,"max_hp_gain":0,"max_hp_loss":0,"event_name":"conspire:LoneGhost","floor":2,"gold_loss":0},{"damage_healed":0,"gold_gain":0,"player_choice":"Got Potions","damage_taken":0,"max_hp_gain":0,"max_hp_loss":0,"event_name":"Lab","floor":4,"gold_loss":0},{"damage_healed":0,"gold_gain":0,"player_choice":"Rummage","damage_taken":0,"relics_obtained":["WarpedTongs"],"max_hp_gain":0,"max_hp_loss":0,"event_name":"Accursed Blacksmith","floor":15,"gold_loss":0,"cards_obtained":["Pain"]}],"is_beta":false,"boss_relics":[{"not_picked":["Fusion Hammer","conspire:SlowCooker"],"picked":"SlaversCollar"}],"items_purged_floors":[],"is_endless":false,"potions_floor_spawned":[3,10,11,16],"killed_by":"Chosen","ascension_level":0}}