{"host":"jqbwv9vyd5ud9wcv","time":1609394846,"event":{"mods":["BaseMod","Hermit","Minty Spire (QoL Compilation)","StSLib","The Hierophant","The Runesmith"],"gold_per_floor":[118,118,93,113,131,131,143,218,218,228,10,27,27,27,27,124,124,136,153,9,24,24,24,35,49,49,64,64,0,0,31,31,31,31],"floor_reached":33,"playtime":1136,"items_purged":[],"score":309,"play_id":"46490081-cd65-4552-aa69-55bfed8671b6","local_time":"20201231010726","is_ascension_mode":false,"campfire_choices":[{"floor":6,"key":"REST"},{"floor":13,"key":"REST"},{"data":"Die Die Die","floor":15,"key":"SMITH"},{"floor":23,"key":"REST"},{"floor":28,"key":"REST"},{"floor":30,"key":"REST"},{"floor":32,"key":"REST"}],"circlet_count":0,"master_deck":["Strike_G","Strike_G","Strike_G","Strike_G","Strike_G","Defend_G","Defend_G","Defend_G","Defend_G","Defend_G","Survivor","Neutralize","Sadistic Nature","Poisoned Stab","Bane","Escape Plan","Blade Dance","Poisoned Stab","Die Die Die+1","Caltrops+1","Blade Dance","A Thousand Cuts+1","PiercingWail","Skewer","Outmaneuver","Neutralize","Night Terror","Noxious Fumes+1","Choke","Backstab"],"relics":["Ring of the Snake","Frozen Egg 2","Chemical X","Black Star","TwistedFunnel","Bird Faced Urn","Ice Cream","Snake Skull"],"acts_visited":["Exordium","TheCity"],"potions_floor_usage":[16,16,16,16,18,18,19,25,27],"damage_taken":[{"damage":0,"enemies":"2 Louse","floor":1,"turns":4},{"damage":0,"enemies":"Cultist","floor":4,"turns":3},{"damage":0,"enemies":"Small Slimes","floor":5,"turns":2},{"damage":2,"enemies":"Looter","floor":7,"turns":3},{"damage":3,"enemies":"Red Slaver","floor":10,"turns":3},{"damage":2,"enemies":"Blue Slaver","floor":12,"turns":3},{"damage":0,"enemies":"Slime Boss","floor":16,"turns":4},{"damage":7,"enemies":"Shell Parasite","floor":18,"turns":3},{"damage":10,"enemies":"Chosen","floor":19,"turns":3},{"damage":10,"enemies":"Snecko","floor":21,"turns":4},{"damage":21,"enemies":"Snake Plant","floor":24,"turns":4},{"damage":32,"enemies":"Centurion and Healer","floor":25,"turns":3},{"damage":11,"enemies":"Snecko","floor":27,"turns":5},{"damage":36,"enemies":"Gremlin Leader","floor":31,"turns":7},{"damage":61,"enemies":"Automaton","floor":33,"turns":6}],"seed_played":"5097872430612739980","potions_obtained":[{"floor":2,"key":"EntropicBrew"},{"floor":2,"key":"Strength Potion"},{"floor":2,"key":"DuplicationPotion"},{"floor":7,"key":"CultistPotion"},{"floor":18,"key":"CunningPotion"},{"floor":21,"key":"Ancient Potion"},{"floor":25,"key":"Block Potion"}],"is_trial":false,"path_per_floor":["M","?","$","M","M","R","M","?","T","M","$","M","R","$","R","B",null,"M","M","$","M","?","R","M","M","T","M","R","?","R","E","R","B"],"character_chosen":"THE_SILENT","items_purchased":["Bane","Caltrops+1","Chemical X","TwistedFunnel"],"campfire_rested":6,"item_purchase_floors":[3,11,11,20],"current_hp_per_floor":[49,49,49,49,49,70,68,57,57,54,54,52,70,70,70,70,70,63,53,53,43,43,64,43,11,11,6,27,27,48,20,41,0,0],"gold":31,"neow_bonus":"RANDOM_COLORLESS_2","is_daily":false,"chose_seed":false,"campfire_upgraded":1,"win_rate":0.0,"timestamp":1609394846,"path_taken":["M","?","$","M","?","R","M","?","T","M","$","M","R","$","R","BOSS","M","M","$","M","?","R","M","M","T","?","R","?","R","E","R","BOSS"],"items_purchased_type":["Card","Card","Relic","Relic"],"build_version":"2020-12-22","purchased_purges":0,"victory":false,"max_hp_per_floor":[70,70,70,70,70,70,70,70,70,70,70,70,70,70,70,70,70,70,70,70,70,70,70,70,70,70,70,70,70,70,70,70,70,70],"card_choices":[{"not_picked":["Secret Technique","Mayhem"],"picked":"Sadistic Nature","floor":0},{"not_picked":["Deadly Poison","Slice"],"picked":"Poisoned Stab","floor":1},{"not_picked":["Underhanded Strike","Finisher"],"picked":"Escape Plan","floor":4},{"not_picked":["Flying Knee","Outmaneuver"],"picked":"Blade Dance","floor":5},{"not_picked":["Prepared","Underhanded Strike"],"picked":"Poisoned Stab","floor":7},{"not_picked":["Deadly Poison","Quick Slash"],"picked":"Die Die Die","floor":10},{"not_picked":["Acrobatics","Slice"],"picked":"Blade Dance","floor":12},{"not_picked":["Bullet Time","Phantasmal Killer"],"picked":"A Thousand Cuts+1","floor":16},{"not_picked":["Dodge and Roll","Deadly Poison+1"],"picked":"PiercingWail","floor":18},{"not_picked":["Endless Agony","Eviscerate+1"],"picked":"Skewer","floor":19},{"not_picked":["Acrobatics","Prepared+1"],"picked":"Outmaneuver","floor":21},{"not_picked":["Underhanded Strike","Dodge and Roll"],"picked":"Night Terror","floor":24},{"not_picked":["Distraction","Underhanded Strike+1"],"picked":"Noxious Fumes+1","floor":25},{"not_picked":["Outmaneuver","Footwork+1"],"picked":"Choke","floor":27},{"not_picked":["Deflect","Flying Knee+1"],"picked":"Backstab","floor":31}],"player_experience":10448,"relics_obtained":[{"floor":9,"key":"Frozen Egg 2"},{"floor":26,"key":"Bird Faced Urn"},{"floor":31,"key":"Ice Cream"},{"floor":31,"key":"Snake Skull"}],"event_choices":[{"damage_healed":0,"gold_gain":0,"player_choice":"Got Potions","damage_taken":0,"max_hp_gain":0,"max_hp_loss":0,"event_name":"Lab","floor":2,"gold_loss":0},{"damage_healed":0,"gold_gain":75,"player_choice":"Gather Gold","damage_taken":11,"max_hp_gain":0,"max_hp_loss":0,"event_name":"World of Goop","floor":8,"gold_loss":0},{"damage_healed":0,"gold_gain":0,"player_choice":"1 cards matched","damage_taken":0,"max_hp_gain":0,"max_hp_loss":0,"event_name":"Match and Keep!","floor":22,"gold_loss":0,"cards_obtained":["Neutralize"]},{"damage_healed":0,"gold_gain":0,"player_choice":"Paid Fearfully","damage_taken":0,"max_hp_gain":0,"max_hp_loss":0,"event_name":"Masked Bandits","floor":29,"gold_loss":64}],"is_beta":false,"boss_relics":[{"not_picked":["Sozu","HoveringKite"],"picked":"Black Star"}],"items_purged_floors":[],"is_endless":false,"potions_floor_spawned":[7,12,18,21,25],"killed_by":"Automaton","ascension_level":0}}