{"host":"8fjsnt81u6xsmhji","time":1609402464,"event":{"mods":["BaseMod","Beaked The Cultist","Colored Powertips","Downfall","Glutton Mod","Hermit","Minty Spire (QoL Compilation)","Quick Restart","StSLib","The Bug Knight","The Forsaken","The Hierophant"],"gold_per_floor":[15,28,28,28,203,230,230,265,340,350,365,365,400,471,471,574,574,594,507,361,3,17,17,51,51,51,78,93,33,33,44,44,146,146,158,36,49,60,77,109,109,142,165,182,182,195,195,214,214,214],"floor_reached":51,"playtime":2565,"items_purged":[],"score":927,"play_id":"40b9c93d-bc5c-46e5-a08e-040b2a52e1f5","local_time":"20201231021424","is_ascension_mode":true,"campfire_choices":[{"floor":7.0,"key":"REST"},{"floor":12.0,"key":"REST"},{"data":"hermit:Brawl","floor":15.0,"key":"SMITH"},{"floor":23.0,"key":"DIG"},{"floor":25.0,"key":"REST"},{"floor":30.0,"key":"REST"},{"floor":32.0,"key":"DIG"},{"floor":41,"key":"REST"},{"floor":45,"key":"DIG"},{"floor":47,"key":"DIG"},{"floor":49,"key":"REST"}],"circlet_count":0,"master_deck":["hermit:Strike_Hermit","hermit:Strike_Hermit","hermit:Strike_Hermit","hermit:Strike_Hermit","hermit:Defend_Hermit","hermit:Defend_Hermit","hermit:Defend_Hermit","hermit:Defend_Hermit","hermit:Snapshot","hermit:Covet","hermit:GoldenBullet+1","hermit:WideOpen","Doubt","hermit:GoldenBullet","hermit:Glare","hermit:TakeAim","hermit:Brawl+1","hermit:Roughhouse","CurseOfTheBell","hermit:Quickdraw+1","hermit:BlackWind","hermit:GoldenBullet","hermit:Feint+1","hermit:Determination+1","hermit:DeadMansHand","hermit:Reprieve","hermit:Gestalt+1","hermit:FlashPowder","hermit:CursedWeapon","hermit:BodyArmor","hermit:Combo","hermit:Brawl+1","hermit:CalledShot+1","hermit:Maintenance+1"],"relics":["hermit:ClaspedLocket","Regal Pillow","InkBottle","HollowMod:LifeEnderRelic","Pantograph","Calling Bell","Strawberry","HollowMod:StagPassRelic","Shovel","Omamori","Guardian:BottledAnomaly","Membership Card","Gremlin Horn","theForsaken:Lifeblossom","theForsaken:ScaryMask","Question Card","hexamod:BolsterEngine","Pear","Pen Nib","Eternal Feather","PreservedInsect","Sundial","Blood Vial","Bottled Flame","Toxic Egg 2"],"acts_visited":["Exordium","TheCity","TheBeyond"],"potions_floor_usage":[40,40,40,50,50,50],"damage_taken":[{"damage":1.0,"enemies":"Cultist","floor":1.0,"turns":3.0},{"damage":1.0,"enemies":"Jaw Worm","floor":2.0,"turns":3.0},{"damage":49.0,"enemies":"Lagavulin","floor":6.0,"turns":8.0},{"damage":25.0,"enemies":"3 Sentries","floor":8.0,"turns":10.0},{"damage":0.0,"enemies":"2 Louse","floor":10.0,"turns":1.0},{"damage":0.0,"enemies":"2 Fungi Beasts","floor":11.0,"turns":1.0},{"damage":0.0,"enemies":"Gremlin Nob","floor":13.0,"turns":2.0},{"damage":3.0,"enemies":"Slime Boss","floor":16.0,"turns":7.0},{"damage":10.0,"enemies":"3 Byrds","floor":18.0,"turns":7.0},{"damage":25.0,"enemies":"2 Thieves","floor":22.0,"turns":3.0},{"damage":30.0,"enemies":"Book of Stabbing","floor":24.0,"turns":6.0},{"damage":49.0,"enemies":"Slavers","floor":27.0,"turns":5.0},{"damage":12.0,"enemies":"Snake Plant","floor":28.0,"turns":3.0},{"damage":8.0,"enemies":"Snecko","floor":31.0,"turns":5.0},{"damage":61.0,"enemies":"Champ","floor":33.0,"turns":11.0},{"damage":0.0,"enemies":"3 Shapes","floor":35.0,"turns":4.0},{"damage":0.0,"enemies":"Orb Walker","floor":37.0,"turns":4.0},{"damage":14.0,"enemies":"Transient","floor":38.0,"turns":5.0},{"damage":19.0,"enemies":"Spire Growth","floor":39.0,"turns":5.0},{"damage":65,"enemies":"Giant Head","floor":40,"turns":11},{"damage":27,"enemies":"Reptomancer","floor":42,"turns":7},{"damage":29,"enemies":"3 Darklings","floor":44,"turns":6},{"damage":19,"enemies":"Jaw Worm Horde","floor":46,"turns":5},{"damage":18,"enemies":"Spire Growth","floor":48,"turns":4},{"damage":101,"enemies":"Awakened One","floor":50,"turns":18}],"seed_played":"6795864294393911181","potions_obtained":[{"floor":1.0,"key":"AttackPotion"},{"floor":8.0,"key":"Block Potion"},{"floor":13.0,"key":"hermit:Tonic"},{"floor":16.0,"key":"FearPotion"},{"floor":18.0,"key":"SteroidPotion"},{"floor":28.0,"key":"LiquidMemories"},{"floor":31.0,"key":"ColorlessPotion"},{"floor":35.0,"key":"Guardian:BlockOnCardUsePotion"},{"floor":39.0,"key":"PowerPotion"},{"floor":44,"key":"sneckomod:MuddlingPotion"},{"floor":46,"key":"Explosive Potion"},{"floor":48,"key":"Block Potion"}],"is_trial":false,"path_per_floor":["M","M","?","$","?","E","R","E","T","M","M","R","E","?","R","B",null,"M","?","$","$","M","R","E","R","T","E","M","$","R","M","R","B",null,"M","$","M","M","M","E","R","E","T","M","R","M","R","M","R","B",null],"character_chosen":"HERMIT","items_purchased":["Guardian:BottledAnomaly","Membership Card","Gremlin Horn","theForsaken:Lifeblossom","hermit:Feint","hermit:Determination","Eternal Feather"],"campfire_rested":6,"item_purchase_floors":[20,21,21,21,29,29,36],"current_hp_per_floor":[88,87,87,87,87,38,79,54,54,54,54,89,89,89,89,86,96,86,86,86,86,66,66,42,85,85,52,45,45,91,89,89,46,106,106,106,106,93,84,25,89,68,68,51,69,58,76,66,106,8],"gold":214,"neow_bonus":"TWENTY_PERCENT_HP_BONUS","is_daily":false,"chose_seed":false,"campfire_upgraded":1,"win_rate":0.0,"timestamp":1609402464,"path_taken":["M","M","?","?","?","E","R","E","T","M","M","R","E","?","R","BOSS","M","?","?","$","M","R","E","R","T","E","M","$","R","M","R","BOSS","M","$","M","M","M","E","R","E","T","M","R","M","R","M","R","BOSS"],"items_purchased_type":["Relic","Relic","Relic","Relic","Card","Card","Relic"],"build_version":"2020-12-22","purchased_purges":0,"victory":true,"max_hp_per_floor":[89,89,89,89,89,89,89,89,89,89,89,89,89,89,89,89,96,96,96,96,96,96,96,96,96,96,106,106,106,106,106,106,106,106,106,106,106,106,106,106,106,106,106,106,106,106,106,106,106,106],"card_choices":[{"not_picked":["hermit:WideOpen","hermit:Misfire"],"picked":"hermit:GoldenBullet","floor":1.0},{"not_picked":["hermit:Snipe","hermit:Showdown"],"picked":"hermit:WideOpen","floor":2.0},{"not_picked":["hermit:NoHoldsBarred","hermit:Coalescence"],"picked":"hermit:GoldenBullet","floor":6.0},{"not_picked":["hermit:ItchyTrigger","hermit:Manifest","hermit:Misfire"],"picked":"SKIP","floor":8.0},{"not_picked":["hermit:SprayPray","hermit:LowProfile"],"picked":"hermit:Glare","floor":10.0},{"not_picked":["hermit:Glare","hermit:Manifest"],"picked":"hermit:TakeAim","floor":11.0},{"not_picked":["hermit:HighCaliber","hermit:Vantage"],"picked":"hermit:Brawl","floor":13.0},{"not_picked":["hermit:BlackWind","hermit:RoundhouseKick"],"picked":"hermit:Roughhouse","floor":16.0},{"not_picked":["hermit:Feint","hermit:FullyLoaded+1","hermit:Coalescence"],"picked":"SKIP","floor":18.0},{"not_picked":["hermit:Enervate","hermit:SprayPray+1"],"picked":"hermit:Quickdraw+1","floor":22.0},{"not_picked":["hermit:Coalescence","hermit:Snipe"],"picked":"hermit:BlackWind","floor":24.0},{"not_picked":["hermit:Coalescence+1","hermit:LowProfile","hermit:SprayPray","hermit:Misfire+1"],"picked":"SKIP","floor":27.0},{"not_picked":["hermit:Dive","hermit:Glare","hermit:WideOpen"],"picked":"hermit:GoldenBullet","floor":28.0},{"not_picked":["hermit:ItchyTrigger+1","hermit:Coalescence","hermit:TakeCover"],"picked":"hermit:DeadMansHand","floor":31.0},{"not_picked":["hermit:FinalCanter","hermit:FromBeyond","hermit:Gambit"],"picked":"hermit:Reprieve","floor":33.0},{"not_picked":["hermit:TrackingShot","hermit:HighCaliber+1","hermit:Quickdraw"],"picked":"hermit:Gestalt+1","floor":35.0},{"not_picked":["hermit:Vantage+1","hermit:Dive+1","hermit:Brawl+1"],"picked":"hermit:FlashPowder","floor":37.0},{"not_picked":["hermit:Feint+1","hermit:Quickdraw","hermit:HoleUp"],"picked":"hermit:CursedWeapon","floor":38.0},{"not_picked":["hermit:WideOpen+1","hermit:SprayPray+1","hermit:LowProfile"],"picked":"hermit:BodyArmor","floor":39.0},{"not_picked":["hermit:WideOpen+1","hermit:Misfire+1","hermit:Brawl"],"picked":"hermit:Combo","floor":40},{"not_picked":["hermit:EternalForm","hermit:Glare","hermit:Desperado+1","hermit:Cheat+1"],"picked":"SKIP","floor":42},{"not_picked":["hermit:Misfire+1","hermit:CalledShot+1","hermit:Enervate+1"],"picked":"hermit:Brawl+1","floor":44},{"not_picked":["hermit:TrackingShot+1","hermit:Quickdraw","hermit:Ricochet"],"picked":"hermit:CalledShot+1","floor":46},{"not_picked":["hermit:Scavenge+1","hermit:Gestalt+1","hermit:Feint+1"],"picked":"hermit:Maintenance+1","floor":48}],"player_experience":641033,"relics_obtained":[{"floor":6.0,"key":"Regal Pillow"},{"floor":8.0,"key":"InkBottle"},{"floor":9.0,"key":"HollowMod:LifeEnderRelic"},{"floor":13.0,"key":"Pantograph"},{"floor":17.0,"key":"Strawberry"},{"floor":17.0,"key":"HollowMod:StagPassRelic"},{"floor":17.0,"key":"Shovel"},{"floor":23.0,"key":"theForsaken:ScaryMask"},{"floor":24.0,"key":"Question Card"},{"floor":26.0,"key":"hexamod:BolsterEngine"},{"floor":27.0,"key":"Pear"},{"floor":32.0,"key":"Pen Nib"},{"floor":40,"key":"PreservedInsect"},{"floor":42,"key":"Sundial"},{"floor":43,"key":"Blood Vial"},{"floor":45,"key":"Bottled Flame"},{"floor":47,"key":"Toxic Egg 2"}],"event_choices":[{"damage_healed":0.0,"max_hp_gain":0.0,"max_hp_loss":0.0,"gold_gain":0.0,"event_name":"Living Wall","player_choice":"Grow","floor":3.0,"gold_loss":0.0,"damage_taken":0.0,"cards_upgraded":["hermit:GoldenBullet"]},{"damage_healed":0.0,"max_hp_gain":0.0,"max_hp_loss":0.0,"gold_gain":175.0,"event_name":"Liars Game","player_choice":"AGREE","floor":5.0,"gold_loss":0.0,"damage_taken":0.0,"cards_obtained":["Doubt"]},{"damage_healed":0.0,"max_hp_gain":0.0,"max_hp_loss":0.0,"gold_gain":71.0,"event_name":"Golden Wing","player_choice":"Gained Gold","floor":14.0,"gold_loss":0.0,"damage_taken":0.0},{"damage_healed":0.0,"max_hp_gain":0.0,"max_hp_loss":0.0,"gold_gain":0.0,"event_name":"WeMeetAgain","player_choice":"Paid Gold","floor":19.0,"gold_loss":87.0,"damage_taken":0.0,"relics_obtained":["Omamori"]}],"is_beta":false,"boss_relics":[{"not_picked":["SlaversCollar","beaked:SacredDeck"],"picked":"Calling Bell"},{"not_picked":["beaked:MawFillet","Busted Crown"],"picked":"hermit:ClaspedLocket"}],"items_purged_floors":[],"is_endless":false,"potions_floor_spawned":[1,8,13,16,18,28,31,35,38,39,44,46,48],"ascension_level":1}}