{"host":"ql2ou8pbwhrolc4x","time":1609384506,"event":{"mods":["2.2 Compatiblity","Act Like it!","Arknights The Spire","BaseMod","Better Third Choice","Colored Map","Colored Powertips","Gensokyo","Hallownest","Hubris","Infinite Spire","Lobotomy","LobotomyExtend","Marisa£¨Ùöéë¡¡Øª×âÞÞ£©","Minty Spire (QoL Compilation)","Random Character Button","Replay The Spire","Spicy Shops","StSLib","The Jungle","WarShipGirlsR/??á´Ò³R mod","vexMod","¡¼?Úª?ø«¡½REMEMod"],"gold_per_floor":[116,134,154,154,154,165,189,89,89,107,107,125,152,37,37,37,37],"floor_reached":16,"playtime":918,"items_purged":[],"score":102,"play_id":"75522519-7756-460f-9a61-6eeb9f59de88","local_time":"20201231121506","is_ascension_mode":false,"campfire_choices":[{"data":"ats:Calcification","floor":11,"key":"SMITH"},{"data":"ats:Revitalization","floor":15,"key":"SMITH"}],"circlet_count":0,"master_deck":["ats:Strike C","ats:Strike G","ats:Strike S","ats:Strike V","ats:Armor Crushing Shot","ats:Defend","ats:Defend","ats:Defend","ats:Defend","ats:Emotion Absorption","Gensokyo:CrescentMoonSlash","ats:Poison Spread","Gensokyo:MorningStar","ats:Revitalization+1","ats:Sunburst","ats:Calcification+1","Clumsy","ats:Encircling Forest","ats:Defend Order","Gensokyo:TarnishedGold","Gensokyo:BlemishedSteel"],"relics":["ats:Sanity","REME_ComplimentaryCards","LetterFromLob","Gensokyo:NagashiBinaDoll","ats:Berate","infinitespire:Eraser","vexMod:InvisibilityCloak","ats:Originium","Ornamental Fan"],"acts_visited":["Exordium"],"potions_floor_usage":[13],"damage_taken":[{"damage":4,"enemies":"Gensokyo:2_Kodama","floor":1,"turns":2},{"damage":6,"enemies":"Gensokyo:Gryphon","floor":2,"turns":5},{"damage":4,"enemies":"Gensokyo:3_Fairies","floor":3,"turns":6},{"damage":8,"enemies":"Gensokyo:VengefulSpirit","floor":6,"turns":6},{"damage":6,"enemies":"Gensokyo:Kitsune","floor":10,"turns":3},{"damage":4,"enemies":"Gensokyo:Gryphon_and_Rabbit","floor":12,"turns":5},{"damage":13,"enemies":"Gensokyo:Mamizou","floor":13,"turns":7},{"damage":26,"enemies":"Gensokyo:Kokoro","floor":16,"turns":13}],"seed_played":"-8667369552017730699","potions_obtained":[{"floor":10,"key":"PowerPotion"}],"is_trial":false,"path_per_floor":["M","M","M","?","?","M","T","?","T","M","R","M","E","COS","R","B"],"character_chosen":"DOCTOR_CLASS","items_purchased":[],"campfire_rested":0,"item_purchase_floors":[],"current_hp_per_floor":[58,52,53,53,53,46,46,46,46,41,41,41,34,34,34,39,39],"gold":37,"neow_bonus":"RANDOM_EVENT","is_daily":false,"chose_seed":false,"campfire_upgraded":2,"win_rate":0.0,"timestamp":1609384506,"path_taken":["M","?","M","?","?","?","?","?","T","M","R","M","E","COS","R","BOSS"],"items_purchased_type":[],"build_version":"2020-12-22","purchased_purges":0,"victory":false,"max_hp_per_floor":[72,72,72,72,72,72,72,72,72,72,72,72,72,72,72,72,72],"card_choices":[{"not_picked":["ats:Powerful Strike","ats:Assault Order"],"picked":"ats:Poison Spread","floor":1},{"not_picked":["ats:Burning Ground","ats:Flexible Camouflage"],"picked":"ats:Revitalization","floor":2},{"not_picked":["ats:Ignite","ats:Curse Doll"],"picked":"ats:Sunburst","floor":3},{"not_picked":[],"picked":"ats:Calcification","floor":4},{"not_picked":["ats:Disruption Kick","ats:Consecutive Shot Auto","ats:Guardian Obelisk"],"picked":"SKIP","floor":6},{"not_picked":["ats:Burning Ground","ats:Apocalypse"],"picked":"ats:Encircling Forest","floor":10},{"not_picked":["ats:Flexible Camouflage","ats:Steam Pump","ats:Cat Scratch"],"picked":"SKIP","floor":12},{"not_picked":["ats:Flexible Camouflage","ats:Calcification"],"picked":"ats:Defend Order","floor":13}],"player_experience":912257,"relics_obtained":[{"floor":1,"key":"LetterFromLob"},{"floor":7,"key":"ats:Berate"},{"floor":9,"key":"vexMod:InvisibilityCloak"},{"floor":13,"key":"ats:Originium"},{"floor":13,"key":"Ornamental Fan"}],"event_choices":[],"is_beta":false,"boss_relics":[],"items_purged_floors":[],"is_endless":false,"potions_floor_spawned":[10],"killed_by":"Gensokyo:Kokoro","ascension_level":0}}