{"host":"7mo9b2f9hhzb5x6f","time":1609411212,"event":{"mods":["2.2 Compatiblity","Act Like it!","Arknights The Spire","BaseMod","Better-Laid Plans","LazyManMod","Library of Ruina","Library of Ruina Extra","Marked Mod","Minty Spire (QoL Compilation)","MostiFishMod","Spicy Shops","StSLib","TestMod","The Alterego","The Dragon Tamer","The Hayseed","UnlockEverythingMod","Yakumo Yukari mod","【功能Mod】混沌之环修复补丁"],"gold_per_floor":[12,12,28,40,60,60,92,108,180,195,215,228,228,228,228,323,323,343,64,82,7,25,55,55,55,55,72,91,106,106,106,106,203,203,218,63,74,86,86,86,101,118,118,128,128,138,153,166,166,166,166],"floor_reached":52,"playtime":4128,"items_purged":["Defend_purpleEX"],"score":861,"play_id":"172e49e7-416a-4943-b239-52867773f120","local_time":"20201231184012","is_ascension_mode":false,"campfire_choices":[{"data":"StateErode_purple","floor":6.0,"key":"SMITH"},{"data":"Charmbait_purple","floor":15.0,"key":"SMITH"},{"data":"PositiveMatter_Antimatter_Universe_purple","floor":24.0,"key":"SMITH"},{"data":"Boundary_DreamRealityDamnation_purple","floor":32,"key":"SMITH"},{"data":"Observe_purple_1","floor":40,"key":"SMITH"},{"data":"RuleDissolution_purple","floor":45,"key":"SMITH"},{"data":"Monsters_DoubleDeathButterfly_purple","floor":49,"key":"SMITH"}],"circlet_count":0,"master_deck":["Defend_purpleEX","Defend_purpleEX","Defend_purpleEX","Observe_purple_1+1","Observe_purple_2","AdvanceAttack_purple","RuleDissolution_purple+1","PositiveMatter_Antimatter_Universe_purple+1","StateErode_purple+1","Shallow_ocean_purpleEX+1","Boundary_DreamRealityDamnation_purple+1","Charmbait_purple+1","ContainerChange_purple","StateDuplicate_purple+1","Extrememeaning_purpleEX+1","DimensionStaggered_purple+1","CommonSense_AntiCommonSense_purple","SfantasyHide_purple+1","Human_Monster_Realm_purple+1","WorldDissolvedintheRealm_purple+1","Monsters_DoubleDeathButterfly_purple+1"],"relics":["Boundary_crack","Memoryfragments_purpleEX","testmod-TestBox","DaveBox","SentryEyes","testmod-Temperance","Unceasing Top","SynthV:TestCard","ats:Originium","DaCapo","Toxic Egg 2","Du-Vu Doll","PatriotShield","PageOfBloodbath","PageOfTheQueenOfHatred","alterego_mod:FleetingLove","PageOfTheKnightOfDespair","PageOfSingingMachine","PageOfGreed"],"acts_visited":["Exordium","TheCity","TheBeyond"],"potions_floor_usage":[],"damage_taken":[{"damage":0.0,"enemies":"2 Louse","floor":1.0,"turns":1.0},{"damage":0.0,"enemies":"Jaw Worm","floor":3.0,"turns":2.0},{"damage":0.0,"enemies":"Cultist","floor":4.0,"turns":2.0},{"damage":3.0,"enemies":"Lots of Slimes","floor":5.0,"turns":2.0},{"damage":21.0,"enemies":"Gremlin Nob","floor":7.0,"turns":3.0},{"damage":0.0,"enemies":"Exordium Wildlife","floor":8.0,"turns":2.0},{"damage":3.0,"enemies":"Red Slaver","floor":10.0,"turns":2.0},{"damage":1.0,"enemies":"2 Fungi Beasts","floor":11.0,"turns":2.0},{"damage":0.0,"enemies":"Large Slime","floor":12.0,"turns":2.0},{"damage":25.0,"enemies":"Hexaghost","floor":16.0,"turns":6.0},{"damage":0.0,"enemies":"Shell Parasite","floor":18.0,"turns":2.0},{"damage":0.0,"enemies":"3 Byrds","floor":20.0,"turns":2.0},{"damage":0.0,"enemies":"Snake Plant","floor":22.0,"turns":1.0},{"damage":0.0,"enemies":"Slavers","floor":23.0,"turns":1.0},{"damage":0.0,"enemies":"3 Cultists","floor":27.0,"turns":1.0},{"damage":0,"enemies":"Shelled Parasite and Fungi","floor":28,"turns":2},{"damage":0,"enemies":"Cultist and Chosen","floor":29,"turns":2},{"damage":0,"enemies":"Automaton","floor":33,"turns":4},{"damage":0,"enemies":"Orb Walker","floor":35,"turns":1},{"damage":3,"enemies":"3 Shapes","floor":37,"turns":1},{"damage":0,"enemies":"Jaw Worm Horde","floor":38,"turns":1},{"damage":0,"enemies":"Writhing Mass","floor":41,"turns":2},{"damage":0,"enemies":"4 Shapes","floor":42,"turns":1},{"damage":3,"enemies":"Sphere and 2 Shapes","floor":44,"turns":1},{"damage":0,"enemies":"3 Darklings","floor":46,"turns":1},{"damage":0,"enemies":"Spire Growth","floor":47,"turns":1},{"damage":0,"enemies":"Transient","floor":48,"turns":5},{"damage":0,"enemies":"Awakened One","floor":50,"turns":5}],"seed_played":"300691600664365721","potions_obtained":[{"floor":4.0,"key":"Energy Potion"},{"floor":11.0,"key":"DistilledChaos"},{"floor":29,"key":"Fire Potion"}],"is_trial":false,"path_per_floor":["M","$","M","M","M","R","E","M","T","M","M","M","?","?","R","B",null,"M","$","M","$","M","E","R","?","T","M","M","M","$","?","R","B",null,"M","$","M","M","$","R","M","M","T","M","R","M","M","M","R","B",null,null],"character_chosen":"Youkari","items_purchased":["StateDuplicate_purple+1","PageOfBloodbath","Extrememeaning_purpleEX+1","PageOfSingingMachine"],"campfire_rested":0,"item_purchase_floors":[19,19,21,36],"current_hp_per_floor":[70,70,70,70,67,67,50,50,50,48,47,50,50,47,47,25,70,70,70,70,70,70,70,70,70,70,70,70,70,70,70,70,70,70,70,70,68,70,70,70,70,70,70,70,70,70,70,70,70,70,70],"gold":166,"neow_bonus":"ONE_RARE_RELIC","is_daily":false,"chose_seed":false,"campfire_upgraded":7,"win_rate":0.0,"timestamp":1609411212,"path_taken":["M","$","M","M","M","R","E","M","T","M","M","M","?","?","R","BOSS","M","$","M","$","M","E","R","?","T","M","M","M","$","?","R","BOSS","M","$","M","M","$","R","M","?","T","M","R","?","M","M","R","BOSS"],"items_purchased_type":["Card","Relic","Card","Relic"],"build_version":"2020-12-22","purchased_purges":1,"victory":true,"max_hp_per_floor":[70,70,70,70,70,70,70,70,70,70,70,70,70,70,70,70,70,70,70,70,70,70,70,70,70,70,70,70,70,70,70,70,70,70,70,70,70,70,70,70,70,70,70,70,70,70,70,70,70,70,70],"card_choices":[{"not_picked":["Line_surface_state_purple","StateDuplicate_purple"],"picked":"AdvanceAttack_purple","floor":1.0},{"not_picked":["DimensionStaggered_purple","SfantasyHide_purple","SharpContractionReality_purple","Mirror_FormAndEmptin_purple"],"picked":"RuleDissolution_purple","floor":3.0},{"not_picked":["SfantasyHide_purple","ExistenceContinue_purple","AdvanceAttack_purple","Human_Monster_Realm_purple"],"picked":"PositiveMatter_Antimatter_Universe_purple","floor":4.0},{"not_picked":["WeekHit_purple","Anti_communist_purple","MeetDecomposer_purple","Shallow_ocean_purpleEX"],"picked":"StateErode_purple","floor":5.0},{"not_picked":["DimensionStaggered_purple","MetroBOOM_purple","Realm_recovery_purpleEX","Boundary_LightAndDark_purple"],"picked":"Shallow_ocean_purpleEX","floor":7.0},{"not_picked":["StateDuplicate_purple","Boundary_ObjectiveBoundary_purple","Nest_LightFlightworm_purple","Shallow_ocean_purpleEX"],"picked":"Boundary_DreamRealityDamnation_purple","floor":8.0},{"not_picked":["Realm_recovery_purpleEX+1","OmniscientAndOmnipotent_Monster_purple","Erosivefilter_purple+1","Boundary_DreamRealityDamnation_purple"],"picked":"Charmbait_purple","floor":10.0},{"not_picked":["OpenedBox_purple+1","MNeedle_purple","Mirror_FormAndEmptin_purple+1","SharpContractionReality_purple"],"picked":"Line_surface_state_purple+1","floor":11.0},{"not_picked":["RealityDreamConfluencek_purple+1","Umbrella_purple","OpenedBox_purple+1","Nest_LightFlightworm_purple","Mirror_Drifter_purple"],"picked":"SKIP","floor":12.0},{"not_picked":["WangLiang_LineAndCurveDreams_purple","Fancifulhole_purple","Monsters_DoubleDeathButterfly_purple","WasteWire_Metro_purple"],"picked":"ContainerChange_purple","floor":16.0},{"not_picked":["RealityDreamConfluencek_purple+1","Line_surface_state_purple+1","Worldmountain_purple","OmniscientAndOmnipotent_Monster_purple","DarkRealmRedLine_purple"],"picked":"SKIP","floor":18.0},{"not_picked":["Worldmountain_purple","ExistenceContinue_purple","DarkRealmRedLine_purple+1","Realm_recovery_purpleEX+1","Mirror_FormAndEmptin_purple+1"],"picked":"SKIP","floor":20.0},{"not_picked":["Charmbait_purple","StateErode_purple","Mirror_FormAndEmptin_purple+1","MNeedle_purple"],"picked":"DimensionStaggered_purple+1","floor":22.0},{"not_picked":["StateDuplicate_purple+1","Mirror_WaveAndshot_purple+1","Fantasy_PerpetualMotionMachine_purple","Extrememeaning_purpleEX+1","Line_surface_state_purple+1"],"picked":"SKIP","floor":23.0},{"not_picked":["SharpContractionReality_purple","Photoelasticity_Doppler_Effect_purple+1","StateDuplicate_purple+1","MetroBOOM_purple+1"],"picked":"CommonSense_AntiCommonSense_purple","floor":27.0},{"not_picked":["AdvanceAttack_purple","MNeedle_purple+1","ExistenceContinue_purple","StateErode_purple"],"picked":"SfantasyHide_purple+1","floor":28},{"not_picked":["MagicEyes_LaplaceDemon_purple+1","Yakumo_Ran_purple+1","AdvanceAttack_purple","Charmbait_purple","Boundary_DreamRealityDamnation_purple"],"picked":"SKIP","floor":29},{"not_picked":["Boundary_LifeAndDeath_purple+1","Mirror_TwoAndThreeElementRealm_purple+1","Theboundaryofcreation_purpleEX+1","WangLiang_OokamiKakushi_purple"],"picked":"Human_Monster_Realm_purple+1","floor":33},{"not_picked":["Boundary_DynamicStaticEquilibrium_purple+1","Shallow_ocean_purpleEX+1","Erosivefilter_purple+1","AdvanceAttack_purple"],"picked":"WorldDissolvedintheRealm_purple+1","floor":35},{"not_picked":["ExistenceContinue_purple+1","Shallow_ocean_purpleEX","PurpleNeedle_purple+1","Charmbait_purple+1","ExternalForce_HighSpeedFlying_purple"],"picked":"SKIP","floor":37},{"not_picked":["Fantasy_PerpetualMotionMachine_purple","RuleDissolution_purple+1","Boundary_DynamicStaticEquilibrium_purple+1","WingOfChimera_purple+1","Charmbait_purple"],"picked":"SKIP","floor":38},{"not_picked":["OmniscientAndOmnipotent_Monster_purple+1","Yakumo_Ran_purple+1","AdvanceAttack_purple+1","RuleDissolution_purple+1","Mirror_Drifter_purple"],"picked":"SKIP","floor":41},{"not_picked":["Know_ledgeAbilityRealm_purple","Realm_recovery_purpleEX+1","Yakumo_Ran_purple+1","OpenedBox_purple+1","StateDuplicate_purple+1"],"picked":"SKIP","floor":42},{"not_picked":["Boundary_of_Extermination_purpleEX","StateDuplicate_purple+1","MonsterNeedle_purple+1","Line_surface_state_purple+1","OmniscientAndOmnipotent_Monster_purple"],"picked":"SKIP","floor":44},{"not_picked":["Shallow_ocean_purpleEX","Boundary_DynamicStaticEquilibrium_purple+1","CommonSense_AntiCommonSense_purple+1","Realm_recovery_purpleEX+1","ExternalForce_HighSpeedFlying_purple"],"picked":"SKIP","floor":46},{"not_picked":["DarkRealmRedLine_purple","Charmbait_purple+1","Mirror_FormAndEmptin_purple+1","StateErode_purple","RuleDissolution_purple+1"],"picked":"SKIP","floor":47},{"not_picked":["Umbrella_purple+1","StateDuplicate_purple+1","Mirror_FormAndEmptin_purple+1","SfantasyHide_purple+1"],"picked":"Monsters_DoubleDeathButterfly_purple","floor":48}],"player_experience":85072,"relics_obtained":[{"floor":1.0,"key":"SynthV:TestCard"},{"floor":7.0,"key":"ats:Originium"},{"floor":7.0,"key":"DaCapo"},{"floor":9.0,"key":"Toxic Egg 2"},{"floor":23.0,"key":"ats:Originium"},{"floor":23.0,"key":"PageOfTheQueenOfHatred"},{"floor":26.0,"key":"PageOfTheKnightOfDespair"},{"floor":43,"key":"PageOfGreed"}],"event_choices":[{"damage_healed":0.0,"max_hp_gain":0.0,"max_hp_loss":0.0,"gold_gain":0.0,"event_name":"Living Wall","player_choice":"Grow","floor":13.0,"gold_loss":0.0,"damage_taken":0.0,"cards_upgraded":["Shallow_ocean_purpleEX"]},{"damage_healed":0.0,"max_hp_gain":0.0,"max_hp_loss":0.0,"gold_gain":0.0,"event_name":"Scrap Ooze","player_choice":"Success","floor":14.0,"gold_loss":0.0,"damage_taken":3.0,"relics_obtained":["Du-Vu Doll"]},{"damage_healed":0.0,"max_hp_gain":0.0,"max_hp_loss":0.0,"gold_gain":0.0,"event_name":"爱的神圣花园","player_choice":"Choice 1","floor":25.0,"gold_loss":0.0,"damage_taken":0.0,"relics_obtained":["alterego_mod:FleetingLove"]},{"damage_healed":0,"gold_gain":0,"player_choice":"Ignored","damage_taken":0,"max_hp_gain":0,"max_hp_loss":0,"event_name":"Transmorgrifier","floor":31,"gold_loss":0}],"is_beta":false,"boss_relics":[{"not_picked":["testmod-Nine","ExusiaiGun"],"picked":"PatriotShield"},{"not_picked":["EE1DDrone","Snecko Eye","Astrolabe"]}],"items_purged_floors":[19],"is_endless":false,"potions_floor_spawned":[4,5,10,11,27,28,29,41,44,47,48],"ascension_level":0}}