{"host":"jksa5rawk3m4gilz","time":1609435163,"event":{"mods":["BaseMod","Colored Map","Highlight Path","Minty Spire (QoL Compilation)","Quick Restart"],"gold_per_floor":[115,131,131,206,218,235,235,265,265,265,294,294,310,327,327,327,327],"floor_reached":16,"playtime":382,"items_purged":[],"score":173,"play_id":"833e6aba-4ffc-4ce7-bb90-b5144c4a7e36","local_time":"20201231181923","is_ascension_mode":true,"campfire_choices":[{"floor":7,"key":"REST"},{"floor":12,"key":"REST"},{"data":"Chaos","floor":15,"key":"SMITH"}],"circlet_count":0,"master_deck":["AscendersBane","Strike_B","Strike_B","Strike_B","Defend_B","Defend_B","Defend_B","Defend_B","Zap","Dualcast","Biased Cognition","Chaos+1","Double Energy"],"relics":["Cracked Core","Dead Branch","StoneCalendar"],"acts_visited":["Exordium"],"potions_floor_usage":[6],"damage_taken":[{"damage":1,"enemies":"Small Slimes","floor":1,"turns":3},{"damage":10,"enemies":"2 Louse","floor":2,"turns":3},{"damage":0,"enemies":"Jaw Worm","floor":5,"turns":4},{"damage":12,"enemies":"Gremlin Gang","floor":6,"turns":4},{"damage":20,"enemies":"3 Sentries","floor":11,"turns":4},{"damage":6,"enemies":"Blue Slaver","floor":13,"turns":3},{"damage":6,"enemies":"Large Slime","floor":14,"turns":4},{"damage":0,"enemies":"Hexaghost","floor":16,"turns":1}],"seed_played":"-8365839786121079223","potions_obtained":[{"floor":2,"key":"BlessingOfTheForge"},{"floor":11,"key":"Fire Potion"}],"is_trial":false,"path_per_floor":["M","M","?","?","M","M","R","?","T","?","E","R","M","M","R","B"],"character_chosen":"DEFECT","items_purchased":[],"campfire_rested":2,"item_purchase_floors":[],"current_hp_per_floor":[45,35,35,24,24,12,33,33,33,38,18,40,34,28,28,28,28],"gold":327,"neow_bonus":"THREE_RARE_CARDS","is_daily":false,"chose_seed":false,"campfire_upgraded":1,"win_rate":0.0,"timestamp":1609435163,"path_taken":["M","M","?","?","M","M","R","?","T","?","E","R","M","?","R","BOSS"],"items_purchased_type":[],"build_version":"2020-12-22","purchased_purges":0,"victory":false,"max_hp_per_floor":[71,71,71,71,71,71,71,71,71,76,76,76,76,76,76,76,76],"card_choices":[{"not_picked":["Reboot","Electrodynamics"],"picked":"Biased Cognition","floor":0},{"not_picked":["Stack","Go for the Eyes","Streamline"],"picked":"SKIP","floor":1},{"not_picked":["Conserve Battery","Fusion","Scrape"],"picked":"SKIP","floor":2},{"not_picked":["Hello World","Rebound","Turbo"],"picked":"SKIP","floor":5},{"not_picked":["Chaos","Undo","Steam Power"],"picked":"SKIP","floor":6},{"not_picked":["FTL","Rebound","Hello World"],"picked":"SKIP","floor":11},{"not_picked":["Fusion","Compile Driver","Coolheaded"],"picked":"SKIP","floor":13},{"not_picked":["Coolheaded","Reprogram"],"picked":"Double Energy","floor":14}],"player_experience":2102307,"relics_obtained":[{"floor":9,"key":"Dead Branch"},{"floor":11,"key":"StoneCalendar"}],"event_choices":[{"damage_healed":0,"gold_gain":0,"cards_transformed":["Strike_B"],"player_choice":"Change","damage_taken":0,"max_hp_gain":0,"max_hp_loss":0,"event_name":"Living Wall","floor":3,"gold_loss":0,"cards_obtained":["Chaos"]},{"damage_healed":0,"gold_gain":75,"player_choice":"Gather Gold","damage_taken":11,"max_hp_gain":0,"max_hp_loss":0,"event_name":"World of Goop","floor":4,"gold_loss":0},{"damage_healed":0,"gold_gain":30,"player_choice":"Searched \u00272\u0027 times","damage_taken":0,"max_hp_gain":0,"max_hp_loss":0,"event_name":"Dead Adventurer","floor":8,"gold_loss":0},{"damage_healed":0,"gold_gain":0,"player_choice":"Donut","damage_taken":0,"max_hp_gain":5,"max_hp_loss":0,"event_name":"Big Fish","floor":10,"gold_loss":0}],"is_beta":false,"boss_relics":[],"items_purged_floors":[],"is_endless":false,"potions_floor_spawned":[2,11],"killed_by":"Hexaghost","ascension_level":14}}