{"host":"g75gtovmj0ine2rf","time":1609414199,"event":{"mods":["2.2 Compatiblity","AchievementEnabler","Act Like it!","Aspiration","Astrologer","Bard","BaseMod","Better Match","BetterRewards","CapriCore","Challenge The Spire","ChefMod","Colored Map","Conspire","Elementarium","Energized Spire","Friendly Minions","Gensokyo","Halation","Hallownest","Hermit","HexUI Lib","Highlight Path","Hubris","Infinite Spire","Jedi Mod","Lobotomy","Menagerie","Minty Spire (QoL Compilation)","Puzzle Mod","Quick Restart","Rare Cards Sparkle","Relic Stats","Replay The Spire","Robot Space Explorer","Shade Mod","Shop Mod","Spicy Shops","StSLib","SuperFastMode","The Construct","The Cursed","The Dragon Tamer","The Factory","The Jungle","The Marked","The Runesmith","TheBandit","TheFirefly","TheSwordswoman","TheVacant","Transform Curses","Wandering Minibosses","thorton","vexMod"],"gold_per_floor":[14,24,24,36,36,68,68,93,93,93,126,48,48,58,58,155,155,165,165,62,428,707,741,741,771,771,804,804,804,832,843,843,948,948,1009,1056,981,981,981,981,993,1021,1074,1097,1144,1175,1198,1228,1228,1250,1250,1250,35,82,162],"floor_reached":56,"playtime":3119,"items_purged":["RobotSpaceExplorer:Strike","RobotSpaceExplorer:Strike"],"score":1613,"play_id":"563a1688-4def-4321-855f-8931561c1d63","local_time":"20201231222959","is_ascension_mode":true,"campfire_choices":[{"data":"Apotheosis","floor":7,"key":"SMITH"},{"data":"RobotSpaceExplorer:PowerCollector","floor":10,"key":"SMITH"},{"floor":13,"key":"REST"},{"floor":15,"key":"DIG"},{"floor":24,"key":"REST"},{"floor":32,"key":"REST"},{"floor":40,"key":"RECALL"},{"floor":49,"key":"REST"},{"data":"RobotSpaceExplorer:Multitool","floor":52,"key":"SMITH"},{"data":"RobotSpaceExplorer:Calculate","floor":52,"key":"SMITH"}],"circlet_count":0,"master_deck":["RobotSpaceExplorer:Strike","RobotSpaceExplorer:Defend","RobotSpaceExplorer:Defend","RobotSpaceExplorer:Defend","RobotSpaceExplorer:Scan","RobotSpaceExplorer:MiniLasers","Apotheosis+1","RobotSpaceExplorer:PowerCollector+1","RobotSpaceExplorer:MiniBoosters","RobotSpaceExplorer:GlueShot","RobotSpaceExplorer:Calculate+1","RobotSpaceExplorer:PowerGlove","RobotSpaceExplorer:DoubleFind","RobotSpaceExplorer:PowerGlove","RobotSpaceExplorer:FreezeRay","RobotSpaceExplorer:ShockMissile","RobotSpaceExplorer:PowerGlove","RobotSpaceExplorer:ScrapMissile","RobotSpaceExplorer:Multitool+1","RobotSpaceExplorer:Jetpack+1","RobotSpaceExplorer:PowerCollector","RobotSpaceExplorer:Smokescreen+1","RobotSpaceExplorer:DualCore","RobotSpaceExplorer:Fix","RobotSpaceExplorer:Accelerator","RobotSpaceExplorer:MiniBoosters+1","Secret Technique+1","RobotSpaceExplorer:GlueShot","RobotSpaceExplorer:Fix+1"],"relics":["RobotSpaceExplorer:RoboCore","Hallownest:DreamNailRelic","Juzu Bracelet","aspiration:Lifesprig","aspiration:StickyExplosives_weak","jedi:crownofsimplicity","construct:ClawGrip","Tiny Chest","halation:PenCase","conspire:Dentures","hubris:Reverence","construct:FoamFinger","RobotSpaceExplorer:FoglandsKnife","Lizard Tail","aspiration:FutureDiary","Hallownest:BeastSealRelic","vexMod:FocusSash","halation:IllGainedPizza","infinitespire:Lucky Rock","Mango","Shuriken","Pear","ReplayFunnel","halation:PeacePiece","hubris:PeanutButter","infinitespire:FocusingShard"],"acts_visited":["Exordium","Hallownest:Greenpath","Hallownest:CityofTears","TheEnding"],"potions_floor_usage":[11,18,22,25,33,42,55,55,55,55],"damage_taken":[{"damage":3,"enemies":"Hallownest:2_MossCreeps","floor":1,"turns":5},{"damage":6,"enemies":"2_ Uuma","floor":2,"turns":5},{"damage":2,"enemies":"Hallownest:2_Tiktiks_and_1_Crawlid","floor":4,"turns":4},{"damage":15,"enemies":"Hallownest:monsterMarmu","floor":5,"turns":7},{"damage":0,"enemies":"Hallownest:eliteMossKnight","floor":6,"turns":9},{"damage":0,"enemies":"Hallownest:eliteCrystalGuardian","floor":8,"turns":5},{"damage":10,"enemies":"Hallownest:eliteMossKnight","floor":11,"turns":3},{"damage":1,"enemies":"Hallownest:monsterMossCharger","floor":14,"turns":3},{"damage":13,"enemies":"Hallownest:BossHornet","floor":16,"turns":6},{"damage":16,"enemies":"Hallownest:Guard_and_Sentry","floor":18,"turns":4},{"damage":15,"enemies":"Hallownest:Flukemon_and_Top","floor":22,"turns":8},{"damage":18,"enemies":"Hallownest:eliteSoulWarrior","floor":23,"turns":4},{"damage":0,"enemies":"Hallownest:Nosk","floor":25,"turns":6},{"damage":18,"enemies":"Hallownest:eliteWatcherKnight","floor":27,"turns":8},{"damage":0,"enemies":"Hallownest:eliteSoulWarrior","floor":30,"turns":4},{"damage":3,"enemies":"Hallownest:monsterShrumalOgre","floor":31,"turns":3},{"damage":17,"enemies":"Hallownest:BossSoulMaster","floor":33,"turns":5},{"damage":7,"enemies":"Hallownest:3_Siblings","floor":35,"turns":6},{"damage":10,"enemies":"Hallownest:Shield_Heavy","floor":41,"turns":4},{"damage":5,"enemies":"Hallownest:StalkingDevout","floor":42,"turns":4},{"damage":2,"enemies":"Hallownest:Shield_Sturdy","floor":44,"turns":4},{"damage":9,"enemies":"Hallownest:eliteHiveKnight","floor":46,"turns":4},{"damage":18,"enemies":"Hallownest:2_Wandering_and_1_Horned","floor":47,"turns":6},{"damage":24,"enemies":"Hallownest:monsterPrimalAspid","floor":48,"turns":4},{"damage":50,"enemies":"Hallownest:BossHollowKnight","floor":50,"turns":6},{"damage":22,"enemies":"Shield and Spear","floor":54,"turns":5},{"damage":41,"enemies":"The Heart","floor":55,"turns":7}],"seed_played":"7446236400307738194","potions_obtained":[{"floor":1,"key":"construct:ShiftPotion"},{"floor":4,"key":"SkillPotion"},{"floor":11,"key":"jedi:StrikingPotion"},{"floor":18,"key":"Cursed Concoction"},{"floor":27,"key":"Dexterity Potion"},{"floor":33,"key":"PowerPotion"},{"floor":42,"key":"AttackPotion"},{"floor":48,"key":"Fire Potion"}],"is_trial":false,"path_per_floor":["M","M","?","M","?","E","R","E","T","R","E","$","R","M","R_BF","B",null,"M","?","$","?","M","E","R","E","T","E","T","?","E","M","R","B",null,"M","T","?","?","?","R","M","E","T","M","T","E","M","M","R","B",null,"R","$","E","B",null],"character_chosen":"RobotSpaceExplorer","items_purchased":["RobotSpaceExplorer:PowerGlove","RobotSpaceExplorer:PowerGlove","Shuriken","Pear","ReplayFunnel","halation:PeacePiece","hubris:PeanutButter","LifebloodPotion"],"campfire_rested":4,"item_purchase_floors":[12,20,53,53,53,53,53,53],"current_hp_per_floor":[72,66,66,64,49,49,49,49,49,49,39,39,61,60,60,47,75,59,44,44,44,29,11,33,33,33,15,15,15,15,12,34,23,75,74,74,74,74,74,74,64,65,65,69,69,80,68,50,76,36,89,89,99,83,52],"gold":162,"neow_bonus":"RANDOM_COLORLESS_2","is_daily":false,"chose_seed":false,"campfire_upgraded":4,"win_rate":0.0,"timestamp":1609414199,"path_taken":["M","M","?","?","?","E","R","E","T","R","E","$","R","M","R_BF","BOSS","M","?","$","?","M","E","R","E","T","E","?","?","E","M","R","BOSS","M","?","?","?","?","R","M","E","T","M","?","E","M","M","R","BOSS","R","$","E","BOSS"],"items_purchased_type":["Card","Card","Relic","Relic","Relic","Relic","Relic","Potion"],"build_version":"2020-12-22","purchased_purges":2,"victory":true,"max_hp_per_floor":[75,75,75,75,75,75,75,75,75,75,75,75,75,75,75,75,75,75,75,75,75,75,75,75,75,75,75,75,75,75,75,75,75,75,75,75,75,75,75,75,75,75,75,75,75,89,89,89,89,89,89,89,99,99,99],"relic_stats":{"Lizard Tail":0,"counters":[27,139],"Shuriken":[4],"Tiny Chest":2,"Juzu Bracelet":2,"obtain_stats":[{"ReplayFunnel":53,"aspiration:Lifesprig":8,"construct:FoamFinger":27,"Mango":46,"Hallownest:DreamNailRelic":3,"Juzu Bracelet":6,"aspiration:StickyExplosives_weak":11,"Lizard Tail":30,"Tiny Chest":19,"aspiration:FutureDiary":34,"Hallownest:BeastSealRelic":38,"conspire:Dentures":25,"jedi:command_common":19,"construct:ClawGrip":17,"Pear":53,"halation:IllGainedPizza":43,"RobotSpaceExplorer:RoboCore":0,"infinitespire:FocusingShard":54,"infinitespire:CheckeredPen":9,"jedi:crownofsimplicity":15,"vexMod:FocusSash":42,"infinitespire:Lucky Rock":45,"RobotSpaceExplorer:FoglandsKnife":28,"Shuriken":53,"halation:PenCase":23,"hubris:PeanutButter":53,"halation:PeacePiece":53,"hubris:Reverence":26},{"ReplayFunnel":25,"aspiration:Lifesprig":6,"construct:FoamFinger":14,"Mango":22,"Hallownest:DreamNailRelic":2,"Juzu Bracelet":5,"aspiration:StickyExplosives_weak":7,"Lizard Tail":15,"Tiny Chest":10,"aspiration:FutureDiary":17,"Hallownest:BeastSealRelic":18,"conspire:Dentures":13,"jedi:command_common":10,"construct:ClawGrip":9,"Pear":25,"halation:IllGainedPizza":20,"RobotSpaceExplorer:RoboCore":0,"infinitespire:FocusingShard":26,"infinitespire:CheckeredPen":6,"jedi:crownofsimplicity":8,"vexMod:FocusSash":20,"infinitespire:Lucky Rock":21,"RobotSpaceExplorer:FoglandsKnife":14,"Shuriken":25,"halation:PenCase":12,"hubris:PeanutButter":25,"halation:PeacePiece":25,"hubris:Reverence":13},{"ReplayFunnel":127,"aspiration:Lifesprig":35,"construct:FoamFinger":77,"Mango":111,"Hallownest:DreamNailRelic":10,"Juzu Bracelet":30,"aspiration:StickyExplosives_weak":38,"Lizard Tail":81,"Tiny Chest":51,"aspiration:FutureDiary":89,"Hallownest:BeastSealRelic":95,"conspire:Dentures":69,"jedi:command_common":51,"construct:ClawGrip":47,"Pear":127,"halation:IllGainedPizza":103,"RobotSpaceExplorer:RoboCore":0,"infinitespire:FocusingShard":132,"infinitespire:CheckeredPen":35,"jedi:crownofsimplicity":41,"vexMod:FocusSash":103,"infinitespire:Lucky Rock":107,"RobotSpaceExplorer:FoglandsKnife":77,"Shuriken":127,"halation:PenCase":63,"hubris:PeanutButter":127,"halation:PeacePiece":127,"hubris:Reverence":69}]},"card_choices":[{"not_picked":["jedi:RedIncense","Thinking Ahead"],"picked":"Apotheosis","floor":0},{"not_picked":["RobotSpaceExplorer:Ammunition","RobotSpaceExplorer:Counterblock"],"picked":"RobotSpaceExplorer:PowerCollector","floor":1},{"not_picked":["RobotSpaceExplorer:ShockKick","RobotSpaceExplorer:SurgingStrike"],"picked":"RobotSpaceExplorer:MiniBoosters","floor":2},{"not_picked":["RobotSpaceExplorer:FreezingShield","RobotSpaceExplorer:SurgingStrike"],"picked":"RobotSpaceExplorer:GlueShot","floor":4},{"not_picked":["RobotSpaceExplorer:ToxicBomb","RobotSpaceExplorer:TurboDodge"],"picked":"RobotSpaceExplorer:Calculate","floor":6},{"not_picked":["RobotSpaceExplorer:FrostMissile","RobotSpaceExplorer:ScrapShield"],"picked":"RobotSpaceExplorer:PowerGlove","floor":8},{"not_picked":["RobotSpaceExplorer:Electropulse","RobotSpaceExplorer:FrostMissile"],"picked":"RobotSpaceExplorer:DoubleFind","floor":11},{"not_picked":["RobotSpaceExplorer:StarDust","RobotSpaceExplorer:ImprovisedAttack"],"picked":"RobotSpaceExplorer:FreezeRay","floor":14},{"not_picked":["RobotSpaceExplorer:ChargingLaser","RobotSpaceExplorer:Arsenal"],"picked":"RobotSpaceExplorer:ShockMissile","floor":16},{"not_picked":["RobotSpaceExplorer:FranticSearch","RobotSpaceExplorer:MetalStrike","RobotSpaceExplorer:Electropulse"],"picked":"SKIP","floor":18},{"not_picked":["RobotSpaceExplorer:Smokescreen","RobotSpaceExplorer:Ammunition"],"picked":"RobotSpaceExplorer:ScrapMissile","floor":22},{"not_picked":["RobotSpaceExplorer:IronShell","RobotSpaceExplorer:SwiftStep"],"picked":"RobotSpaceExplorer:Multitool","floor":23},{"not_picked":["RobotSpaceExplorer:Pulsar+1","RobotSpaceExplorer:ShovelStrike","RobotSpaceExplorer:Blitz"],"picked":"SKIP","floor":25},{"not_picked":["RobotSpaceExplorer:Smokescreen","RobotSpaceExplorer:ScrapToss"],"picked":"RobotSpaceExplorer:Jetpack+1","floor":27},{"not_picked":["RobotSpaceExplorer:Ammunition","RobotSpaceExplorer:Calculate"],"picked":"RobotSpaceExplorer:PowerCollector","floor":29},{"not_picked":["RobotSpaceExplorer:SurgingStrike","RobotSpaceExplorer:Ammunition"],"picked":"RobotSpaceExplorer:Smokescreen+1","floor":29},{"not_picked":["RobotSpaceExplorer:SurgingStrike+1","RobotSpaceExplorer:Blaster"],"picked":"RobotSpaceExplorer:DualCore","floor":30},{"not_picked":["RobotSpaceExplorer:Reload","RobotSpaceExplorer:StunGrenade"],"picked":"RobotSpaceExplorer:Fix","floor":31},{"not_picked":["RobotSpaceExplorer:Autoloader","RobotSpaceExplorer:Blaster"],"picked":"RobotSpaceExplorer:Accelerator","floor":33},{"not_picked":["RobotSpaceExplorer:Probe+1","RobotSpaceExplorer:RigExplosive+1"],"picked":"RobotSpaceExplorer:MiniBoosters+1","floor":35},{"not_picked":["The Bomb+1","Poisoned Strike+1"],"picked":"Secret Technique+1","floor":37},{"not_picked":["RobotSpaceExplorer:StarDust","RobotSpaceExplorer:ShovelStrike"],"picked":"RobotSpaceExplorer:GlueShot","floor":41},{"not_picked":["RobotSpaceExplorer:ExhaustFan","RobotSpaceExplorer:Blaster","RobotSpaceExplorer:ShovelStrike"],"picked":"SKIP","floor":42},{"not_picked":["RobotSpaceExplorer:ShockKick","RobotSpaceExplorer:Probe+1","RobotSpaceExplorer:StunGrenade+1"],"picked":"SKIP","floor":44},{"not_picked":["RobotSpaceExplorer:Arsenal","RobotSpaceExplorer:Probe","RobotSpaceExplorer:StunGrenade+1"],"picked":"SKIP","floor":46},{"not_picked":["RobotSpaceExplorer:Ammunition","RobotSpaceExplorer:MetalStrike"],"picked":"RobotSpaceExplorer:Fix+1","floor":47},{"not_picked":["RobotSpaceExplorer:FreezingShield","RobotSpaceExplorer:PowerCollector","RobotSpaceExplorer:ImprovisedAttack"],"picked":"SKIP","floor":48},{"not_picked":["RobotSpaceExplorer:IronShell+1","RobotSpaceExplorer:Probe+1","RobotSpaceExplorer:SurgingStrike"],"picked":"SKIP","floor":54}],"player_experience":1366515,"relics_obtained":[{"floor":6,"key":"Juzu Bracelet"},{"floor":8,"key":"aspiration:Lifesprig"},{"floor":9,"key":"infinitespire:CheckeredPen"},{"floor":11,"key":"aspiration:StickyExplosives_weak"},{"floor":15,"key":"jedi:crownofsimplicity"},{"floor":23,"key":"halation:PenCase"},{"floor":25,"key":"conspire:Dentures"},{"floor":26,"key":"hubris:Reverence"},{"floor":27,"key":"construct:FoamFinger"},{"floor":28,"key":"RobotSpaceExplorer:FoglandsKnife"},{"floor":30,"key":"Lizard Tail"},{"floor":42,"key":"vexMod:FocusSash"},{"floor":43,"key":"halation:IllGainedPizza"},{"floor":45,"key":"infinitespire:Lucky Rock"},{"floor":46,"key":"Mango"},{"floor":54,"key":"infinitespire:FocusingShard"}],"event_choices":[{"damage_healed":0,"gold_gain":0,"player_choice":"2","damage_taken":0,"max_hp_gain":0,"max_hp_loss":0,"event_name":"betterMatch:BetterMatch","floor":37,"gold_loss":0,"cards_obtained":["betterMatch:ColorlessRareCard"]},{"damage_healed":0,"gold_gain":0,"player_choice":"Leave","damage_taken":0,"max_hp_gain":0,"max_hp_loss":0,"event_name":"conspire:Investor","floor":39,"gold_loss":0}],"is_beta":false,"boss_relics":[{"not_picked":["vexMod:MysteryBossChallenge","conspire:RoyalGoblet"],"picked":"construct:ClawGrip"},{"not_picked":["ReplayTheSpireMod:SealedPack","aspiration:SecretTechniqueScroll"],"picked":"aspiration:FutureDiary"}],"items_purged_floors":[53,53],"is_endless":false,"potions_floor_spawned":[1,4,11,18,27,33,42,48,54],"ascension_level":3}}