{"host":"37dk0reb6x0du8wx","time":1609398957,"event":{"mods":["BaseMod","Colored Map","DeckTracker","Minty Spire (QoL Compilation)","Quick Restart","StSLib","SuperFastMode","The Dragon Tamer"],"gold_per_floor":[113,113,125,125,142,142,158,158,158,11,11,11,22,38,38,134,134,147,157,169,169,179,179,195,195,195,225,236,254,164,178,178,273,273,293,306,306,66,66,66,83,100,100,25,35,135,146,146,146],"floor_reached":48,"playtime":1317,"items_purged":["Strike_G"],"score":498,"play_id":"896ed4fa-8485-4b43-a7dd-f69258778f3c","local_time":"20201231161557","is_ascension_mode":true,"campfire_choices":[{"data":"Blade Dance","floor":6,"key":"SMITH"},{"floor":8,"key":"REST"},{"data":"Footwork","floor":12,"key":"SMITH"},{"data":"Blade Dance","floor":15,"key":"SMITH"},{"floor":23,"key":"REST"},{"data":"Survivor","floor":25,"key":"SMITH"},{"floor":32,"key":"REST"},{"floor":40,"key":"REST"}],"circlet_count":0,"master_deck":["Strike_G","Defend_G","Defend_G","Defend_G","Defend_G","Survivor+1","Neutralize","Blade Dance+1","Blade Dance+1","Footwork+1","Blade Dance+1","Grand Finale","Cloak And Dagger+1","Slice+1","Infinite Blades+1","Corpse Explosion","Blade Dance+1","Blade Dance","Slice+1","Parasite","Slice","Cloak And Dagger+1"],"relics":["Ring of the Snake","Nunchaku","Shuriken","DollysMirror","Philosopher\u0027s Stone","MutagenicStrength","Letter Opener","Frozen Egg 2","Fusion Hammer","Paper Crane","Juzu Bracelet"],"acts_visited":["Exordium","TheCity","TheBeyond"],"potions_floor_usage":[48,48,48],"damage_taken":[{"damage":4,"enemies":"Cultist","floor":1,"turns":5},{"damage":5,"enemies":"Small Slimes","floor":3,"turns":3},{"damage":0,"enemies":"2 Louse","floor":5,"turns":2},{"damage":1,"enemies":"Lots of Slimes","floor":7,"turns":5},{"damage":0,"enemies":"Gremlin Gang","floor":13,"turns":3},{"damage":9,"enemies":"Exordium Wildlife","floor":14,"turns":2},{"damage":40,"enemies":"The Guardian","floor":16,"turns":6},{"damage":3,"enemies":"2 Thieves","floor":18,"turns":3},{"damage":0,"enemies":"Chosen","floor":19,"turns":3},{"damage":2,"enemies":"3 Cultists","floor":20,"turns":4},{"damage":18,"enemies":"Snake Plant","floor":22,"turns":4},{"damage":1,"enemies":"Snecko","floor":24,"turns":3},{"damage":12,"enemies":"Slavers","floor":27,"turns":4},{"damage":0,"enemies":"Centurion and Healer","floor":28,"turns":2},{"damage":2,"enemies":"Shelled Parasite and Fungi","floor":29,"turns":3},{"damage":0,"enemies":"Sentry and Sphere","floor":31,"turns":3},{"damage":19,"enemies":"Automaton","floor":33,"turns":6},{"damage":12,"enemies":"3 Shapes","floor":35,"turns":2},{"damage":4,"enemies":"Orb Walker","floor":36,"turns":3},{"damage":0,"enemies":"4 Shapes","floor":41,"turns":1},{"damage":27,"enemies":"Writhing Mass","floor":42,"turns":5},{"damage":21,"enemies":"Sphere and 2 Shapes","floor":45,"turns":3},{"damage":15,"enemies":"4 Shapes","floor":47,"turns":1},{"damage":21,"enemies":"2 Orb Walkers","floor":48,"turns":2}],"seed_played":"972967372982780809","potions_obtained":[{"floor":3,"key":"GamblersBrew"},{"floor":14,"key":"Swift Potion"},{"floor":20,"key":"Ancient Potion"},{"floor":31,"key":"Regen Potion"}],"is_trial":false,"path_per_floor":["M","?","M","?","M","R","M","R","T","$","?","R","M","M","R","B",null,"M","M","M","?","M","R","M","R","T","E","M","M","?","M","R","B",null,"M","M","?","$","?","R","M","M","T","$","M","?","M","?"],"character_chosen":"THE_SILENT","items_purchased":["DollysMirror","Paper Crane"],"campfire_rested":4,"item_purchase_floors":[10,38],"current_hp_per_floor":[66,59,54,54,54,54,53,70,70,70,70,70,70,61,61,21,70,67,67,65,65,47,68,67,67,67,55,55,53,53,53,70,51,70,58,54,47,47,47,68,68,41,41,41,20,20,5,0,0],"gold":146,"neow_bonus":"RANDOM_COMMON_RELIC","is_daily":false,"chose_seed":false,"campfire_upgraded":4,"win_rate":0.0,"timestamp":1609398957,"path_taken":["M","?","M","?","?","R","M","R","T","$","?","R","?","M","R","BOSS","M","?","?","?","M","R","M","R","T","E","M","M","?","M","R","BOSS","M","M","?","?","?","R","M","M","T","$","M","?","M","?"],"items_purchased_type":["Relic","Relic"],"build_version":"2020-12-22","purchased_purges":1,"victory":false,"max_hp_per_floor":[70,70,70,70,70,70,70,70,70,70,70,70,70,70,70,70,70,70,70,70,70,70,70,70,70,70,70,70,70,70,70,70,70,70,70,70,70,70,70,70,70,70,70,70,70,70,70,70,70],"card_choices":[{"not_picked":["Backflip","Dagger Spray"],"picked":"Blade Dance","floor":1},{"not_picked":["Finisher","Flying Knee"],"picked":"Blade Dance","floor":3},{"not_picked":["Quick Slash","Bouncing Flask"],"picked":"Footwork","floor":5},{"not_picked":["Blur","Die Die Die","Backflip"],"picked":"SKIP","floor":7},{"not_picked":["Quick Slash","Reflex","Underhanded Strike"],"picked":"SKIP","floor":13},{"not_picked":["Escape Plan","Sucker Punch","Endless Agony"],"picked":"SKIP","floor":14},{"not_picked":["Burst","Doppelganger"],"picked":"Grand Finale","floor":16},{"not_picked":["PiercingWail","Acrobatics"],"picked":"Cloak And Dagger+1","floor":18},{"not_picked":["Masterful Stab","Setup","Distraction"],"picked":"SKIP","floor":19},{"not_picked":["Flying Knee+1","Outmaneuver"],"picked":"Slice","floor":20},{"not_picked":["Noxious Fumes","Setup","Sucker Punch"],"picked":"SKIP","floor":22},{"not_picked":["Dash","Concentrate","After Image"],"picked":"SKIP","floor":24},{"not_picked":["Endless Agony","Sucker Punch+1","Choke"],"picked":"SKIP","floor":27},{"not_picked":["Noxious Fumes+1","Deadly Poison+1","Acrobatics+1"],"picked":"SKIP","floor":28},{"not_picked":["Heel Hook+1","Flying Knee","Night Terror"],"picked":"SKIP","floor":29},{"not_picked":["Deflect+1","Outmaneuver"],"picked":"Infinite Blades+1","floor":31},{"not_picked":["Bullet Time","Burst"],"picked":"Corpse Explosion","floor":33},{"not_picked":["Flechettes","Leg Sweep"],"picked":"Blade Dance+1","floor":35},{"not_picked":["Crippling Poison","Noxious Fumes+1"],"picked":"Blade Dance","floor":36},{"not_picked":["Deflect+1","Dagger Throw+1"],"picked":"Slice+1","floor":41},{"not_picked":["Deadly Poison","Expertise+1"],"picked":"Slice","floor":42},{"not_picked":["Underhanded Strike+1","Poisoned Stab+1"],"picked":"Cloak And Dagger+1","floor":45},{"not_picked":["Choke","Prepared","Backflip"],"picked":"SKIP","floor":47}],"player_experience":90356,"relics_obtained":[{"floor":9,"key":"Shuriken"},{"floor":26,"key":"Letter Opener"},{"floor":27,"key":"Frozen Egg 2"},{"floor":43,"key":"Juzu Bracelet"}],"event_choices":[{"cards_removed":["Strike_G"],"damage_healed":0,"gold_gain":0,"player_choice":"Card Removal","damage_taken":7,"max_hp_gain":0,"max_hp_loss":0,"event_name":"Golden Wing","floor":2,"gold_loss":0},{"damage_healed":0,"gold_gain":0,"cards_transformed":["Strike_G"],"player_choice":"Transformed","damage_taken":0,"max_hp_gain":0,"max_hp_loss":0,"event_name":"Transmorgrifier","floor":4,"gold_loss":0,"cards_obtained":["Leg Sweep"]},{"cards_removed":["Leg Sweep"],"damage_healed":0,"gold_gain":0,"player_choice":"Offered Uncommon","damage_taken":0,"max_hp_gain":0,"max_hp_loss":0,"event_name":"Bonfire Elementals","floor":11,"gold_loss":0},{"damage_healed":0,"gold_gain":0,"player_choice":"Inject Mutagens","damage_taken":0,"relics_obtained":["MutagenicStrength"],"max_hp_gain":0,"max_hp_loss":0,"event_name":"Drug Dealer","floor":21,"gold_loss":0},{"cards_removed":["Strike_G"],"damage_healed":0,"gold_gain":0,"player_choice":"Upgrade and Remove","damage_taken":0,"max_hp_gain":0,"max_hp_loss":0,"event_name":"Designer","floor":30,"gold_loss":90,"cards_upgraded":["Slice"]},{"damage_healed":0,"gold_gain":0,"player_choice":"Damaged","damage_taken":7,"max_hp_gain":0,"max_hp_loss":0,"event_name":"Wheel of Change","floor":37,"gold_loss":0},{"cards_removed":["Defend_G"],"damage_healed":0,"gold_gain":0,"player_choice":"Removed Skill","damage_taken":0,"max_hp_gain":0,"max_hp_loss":0,"event_name":"Falling","floor":39,"gold_loss":0},{"damage_healed":0,"gold_gain":100,"player_choice":"Pray","damage_taken":0,"max_hp_gain":0,"max_hp_loss":0,"event_name":"Golden Shrine","floor":46,"gold_loss":0},{"damage_healed":0,"gold_gain":0,"player_choice":"Fight","damage_taken":0,"max_hp_gain":0,"max_hp_loss":0,"event_name":"Mysterious Sphere","floor":48,"gold_loss":0}],"is_beta":false,"boss_relics":[{"not_picked":["Astrolabe","Snecko Eye"],"picked":"Philosopher\u0027s Stone"},{"not_picked":["SacredBark","Coffee Dripper"],"picked":"Fusion Hammer"}],"items_purged_floors":[44],"is_endless":false,"potions_floor_spawned":[3,14,20,24,28,29,31,35,47],"killed_by":"2 Orb Walkers","ascension_level":1}}