{"host":"ufl0k2so27eic2iy","time":1609422678,"event":{"mods":["BaseMod","Minty Spire (QoL Compilation)","StSLib","The Animator"],"gold_per_floor":[116,116,135,149,24,57,57,89,163,163,24,24,34,34,34,109,109,109,109,4,4,4,4,4,0,0,0,0,0,0,0,0,0,0,0,0,0,0,0,0,0,0,0,0,0,0,0],"floor_reached":46,"playtime":1783,"items_purged":["Strike_G","Strike_G"],"score":959,"play_id":"0253cf99-3e0e-46d3-a4a6-cb723be9d2d0","local_time":"20201231135118","is_ascension_mode":true,"campfire_choices":[{"data":"Bouncing Flask","floor":7,"key":"SMITH"},{"data":"Crippling Poison","floor":10,"key":"SMITH"},{"data":"Bouncing Flask","floor":12,"key":"SMITH"},{"data":"Footwork","floor":15,"key":"SMITH"},{"floor":24,"key":"REST"},{"data":"Malaise","floor":29,"key":"SMITH"},{"data":"Caltrops","floor":32,"key":"SMITH"},{"floor":40,"key":"REST"},{"floor":42,"key":"RECALL"},{"floor":45,"key":"REST"}],"circlet_count":0,"master_deck":["AscendersBane","Strike_G+1","Strike_G","Defend_G","Defend_G","Defend_G","Defend_G","Defend_G","Survivor","Neutralize+1","Trip","Bouncing Flask+1","Bouncing Flask+1","Backstab","Bane","Dodge and Roll","Crippling Poison+1","Footwork+1","Malaise+1","Deadly Poison","Caltrops+1","Deflect","Dodge and Roll","Backflip","Catalyst+1","Distraction+1","Escape Plan+1","Night Terror+1","Leg Sweep+1","Deadly Poison+1"],"relics":["Ring of the Snake","Lizard Tail","Tiny Chest","The Courier","Strawberry","Ectoplasm","Thread and Needle","Whetstone","Toxic Egg 2","Mummified Hand","SlaversCollar","Anchor"],"acts_visited":["Exordium","TheCity","TheBeyond"],"potions_floor_usage":[16,16,16,37,46],"damage_taken":[{"damage":0,"enemies":"2 Louse","floor":1,"turns":3},{"damage":1,"enemies":"Jaw Worm","floor":3,"turns":3},{"damage":7,"enemies":"Small Slimes","floor":4,"turns":3},{"damage":39,"enemies":"3 Sentries","floor":6,"turns":10},{"damage":17,"enemies":"Lagavulin","floor":8,"turns":5},{"damage":0,"enemies":"Blue Slaver","floor":13,"turns":5},{"damage":15,"enemies":"Slime Boss","floor":16,"turns":9},{"damage":0,"enemies":"Spheric Guardian","floor":18,"turns":2},{"damage":0,"enemies":"3 Byrds","floor":19,"turns":5},{"damage":9,"enemies":"Centurion and Healer","floor":21,"turns":10},{"damage":18,"enemies":"Slavers","floor":23,"turns":8},{"damage":0,"enemies":"Snake Plant","floor":28,"turns":4},{"damage":0,"enemies":"Gremlin Leader","floor":30,"turns":5},{"damage":0,"enemies":"3 Cultists","floor":31,"turns":4},{"damage":49,"enemies":"Automaton","floor":33,"turns":7},{"damage":25,"enemies":"3 Darklings","floor":35,"turns":6},{"damage":0,"enemies":"3 Shapes","floor":37,"turns":2},{"damage":7,"enemies":"Jaw Worm Horde","floor":38,"turns":5},{"damage":0,"enemies":"Sphere and 2 Shapes","floor":39,"turns":4},{"damage":12,"enemies":"Nemesis","floor":41,"turns":7},{"damage":13,"enemies":"Spire Growth","floor":44,"turns":5},{"damage":55,"enemies":"Reptomancer","floor":46,"turns":7}],"seed_played":"-1031693008816399097","potions_obtained":[{"floor":6,"key":"Swift Potion"},{"floor":13,"key":"EntropicBrew"},{"floor":23,"key":"LiquidMemories"},{"floor":30,"key":"Energy Potion"},{"floor":33,"key":"PowerPotion"},{"floor":35,"key":"Regen Potion"},{"floor":39,"key":"Dexterity Potion"}],"is_trial":false,"path_per_floor":["M","?","M","M","$","E","R","E","T","R","$","R","M","T","R","B",null,"M","M","$","M","?","E","R","?","T","T","M","R","E","M","R","B",null,"M","?","M","M","M","R","E","R","T","M","R","E"],"character_chosen":"THE_SILENT","items_purchased":["Bane","Footwork","Caltrops","Deflect"],"campfire_rested":3,"item_purchase_floors":[5,11,20,20],"current_hp_per_floor":[59,52,51,44,44,5,5,33,33,33,33,33,33,40,40,25,61,61,61,61,52,52,34,55,55,55,55,55,55,55,55,55,6,56,31,31,40,33,33,54,42,42,42,29,50,0,0],"gold":0,"neow_bonus":"RANDOM_COLORLESS","is_daily":false,"chose_seed":false,"campfire_upgraded":6,"win_rate":0.0,"timestamp":1609422678,"path_taken":["M","?","M","M","$","E","R","E","T","R","$","R","M","?","R","BOSS","M","M","$","M","?","E","R","?","T","?","M","R","E","M","R","BOSS","M","?","M","M","M","R","E","R","T","M","R","E"],"items_purchased_type":["Card","Card","Card","Card"],"build_version":"2020-12-22","purchased_purges":2,"victory":false,"max_hp_per_floor":[66,66,66,66,66,66,66,66,66,66,66,66,66,73,73,73,73,73,73,73,73,73,73,73,73,73,73,73,73,73,73,73,73,73,73,73,73,73,73,73,73,73,73,73,73,73,73],"card_choices":[{"not_picked":["Good Instincts","Jack Of All Trades"],"picked":"Trip","floor":0},{"not_picked":["Cloak And Dagger","Quick Slash"],"picked":"Bouncing Flask","floor":1},{"not_picked":["Acrobatics","Underhanded Strike"],"picked":"Bouncing Flask","floor":3},{"not_picked":["Slice","Choke"],"picked":"Backstab","floor":4},{"not_picked":["All Out Attack","Prepared"],"picked":"Dodge and Roll","floor":6},{"not_picked":["Outmaneuver","Dash"],"picked":"Crippling Poison","floor":8},{"not_picked":["Setup","Heel Hook","Outmaneuver"],"picked":"SKIP","floor":13},{"not_picked":["Glass Knife","Phantasmal Killer"],"picked":"Malaise","floor":16},{"not_picked":["Backflip","Deflect"],"picked":"Deadly Poison","floor":18},{"not_picked":["Dagger Throw","Dash","Outmaneuver"],"picked":"SKIP","floor":19},{"not_picked":["Choke","Dash"],"picked":"Dodge and Roll","floor":21},{"not_picked":["Reflex","Blur"],"picked":"Backflip","floor":23},{"not_picked":["Backflip+1","Distraction+1"],"picked":"Catalyst+1","floor":28},{"not_picked":["Choke","Sucker Punch"],"picked":"Distraction+1","floor":30},{"not_picked":["Prepared+1","Deadly Poison+1"],"picked":"Escape Plan+1","floor":31},{"not_picked":["Phantasmal Killer+1","Envenom"],"picked":"Night Terror+1","floor":33},{"not_picked":["Acrobatics+1","Distraction+1"],"picked":"Leg Sweep+1","floor":35},{"not_picked":["Poisoned Stab","Underhanded Strike","Calculated Gamble+1"],"picked":"SKIP","floor":37},{"not_picked":["Deflect+1","Accuracy","Blade Dance+1"],"picked":"SKIP","floor":38},{"not_picked":["Prepared+1","Deflect+1"],"picked":"Deadly Poison+1","floor":39},{"not_picked":["Predator","Heel Hook","Wraith Form v2"],"picked":"SKIP","floor":41},{"not_picked":["Dagger Spray","Outmaneuver+1","Slice+1"],"picked":"SKIP","floor":44}],"player_experience":2396516,"relics_obtained":[{"floor":6,"key":"Lizard Tail"},{"floor":8,"key":"Tiny Chest"},{"floor":9,"key":"The Courier"},{"floor":14,"key":"Strawberry"},{"floor":23,"key":"Thread and Needle"},{"floor":26,"key":"Whetstone"},{"floor":27,"key":"Toxic Egg 2"},{"floor":30,"key":"Mummified Hand"},{"floor":41,"key":"Anchor"}],"event_choices":[{"cards_removed":["Strike_G"],"damage_healed":0,"gold_gain":0,"player_choice":"Card Removal","damage_taken":7,"max_hp_gain":0,"max_hp_loss":0,"event_name":"Golden Wing","floor":2,"gold_loss":0},{"damage_healed":0,"gold_gain":50,"player_choice":"Stole From Cult","damage_taken":0,"max_hp_gain":0,"max_hp_loss":0,"event_name":"Nest","floor":22,"gold_loss":0},{"damage_healed":0,"gold_gain":0,"player_choice":"Paid Fearfully","damage_taken":0,"max_hp_gain":0,"max_hp_loss":0,"event_name":"Masked Bandits","floor":25,"gold_loss":4},{"damage_healed":0,"gold_gain":0,"player_choice":"Ignored","damage_taken":0,"max_hp_gain":0,"max_hp_loss":0,"event_name":"Mysterious Sphere","floor":36,"gold_loss":0}],"is_beta":false,"boss_relics":[{"not_picked":["Empty Cage","Fusion Hammer"],"picked":"Ectoplasm"},{"not_picked":["Snecko Eye","Calling Bell"],"picked":"SlaversCollar"}],"items_purged_floors":[5,11],"is_endless":false,"potions_floor_spawned":[6,13,23,30,31,33,35,39,41],"killed_by":"Reptomancer","ascension_level":15}}