{"host":"khm4we1ijduz33xh","time":1609422580,"event":{"mods":["AchievementEnabler","BaseMod","Colored Map","Minty Spire (QoL Compilation)","Rare Cards Sparkle","StSLib","SuperFastMode"],"gold_per_floor":[114,130,130,142,159,191,191,207,207,207,270,270,300,70,70,175,175,187,201,221,44,44,44,44,44],"floor_reached":24,"playtime":1230,"items_purged":["Entrench","Strike_R"],"score":277,"play_id":"ff3e97b4-5499-4c91-9469-b8dc73458820","local_time":"20201231224940","is_ascension_mode":true,"campfire_choices":[{"data":"Demon Form","floor":7.0,"key":"SMITH"},{"floor":10,"key":"REST"},{"floor":15,"key":"REST"},{"data":"Seeing Red","floor":23,"key":"SMITH"}],"circlet_count":0,"master_deck":["Strike_R","Strike_R","Strike_R","Defend_R","Defend_R","Defend_R","Defend_R","Bash","Feed","Shrug It Off","Demon Form+1","Uppercut","Warcry","Impervious","Seeing Red+1","Seeing Red","Flame Barrier+1","Inflame","Decay"],"relics":["Burning Blood","Pear","Matryoshka","Pen Nib","Toolbox","SlaversCollar"],"acts_visited":["Exordium","TheCity"],"potions_floor_usage":[11,16,24,24],"damage_taken":[{"damage":0.0,"enemies":"2 Louse","floor":1.0,"turns":3.0},{"damage":0.0,"enemies":"Small Slimes","floor":2.0,"turns":4.0},{"damage":1.0,"enemies":"Cultist","floor":4.0,"turns":4.0},{"damage":37.0,"enemies":"Exordium Wildlife","floor":5.0,"turns":10.0},{"damage":35.0,"enemies":"3 Sentries","floor":6.0,"turns":12.0},{"damage":37,"enemies":"Lots of Slimes","floor":8,"turns":6},{"damage":30,"enemies":"Gremlin Nob","floor":11,"turns":5},{"damage":47,"enemies":"Lagavulin","floor":13,"turns":7},{"damage":19,"enemies":"The Guardian","floor":16,"turns":9},{"damage":52,"enemies":"3 Byrds","floor":18,"turns":7},{"damage":0,"enemies":"Chosen","floor":19,"turns":5},{"damage":38,"enemies":"Centurion and Healer","floor":20,"turns":7},{"damage":51,"enemies":"Book of Stabbing","floor":24,"turns":6}],"seed_played":"6463541848637786954","potions_obtained":[{"floor":4.0,"key":"ColorlessPotion"},{"floor":5.0,"key":"FearPotion"},{"floor":6.0,"key":"GamblersBrew"},{"floor":11,"key":"PowerPotion"},{"floor":13,"key":"Dexterity Potion"},{"floor":20,"key":"ColorlessPotion"}],"is_trial":false,"path_per_floor":["M","M","$","M","M","E","R","M","T","R","?","?","E","$","R","B",null,"M","M","M","$","?","R","E"],"character_chosen":"IRONCLAD","items_purchased":["Toolbox","Inflame"],"campfire_rested":2,"item_purchase_floors":[14,21],"current_hp_per_floor":[83,86,86,89,61,45,45,17,17,49,25,61,23,23,56,46,114,71,80,51,51,51,51,0,0],"gold":44,"neow_bonus":"TRANSFORM_CARD","is_daily":false,"chose_seed":false,"campfire_upgraded":2,"win_rate":0.0,"timestamp":1609422580,"path_taken":["M","M","$","M","M","E","R","M","T","R","?","?","E","$","R","BOSS","M","M","M","$","?","R","E"],"items_purchased_type":["Relic","Card"],"build_version":"2020-12-22","purchased_purges":2,"victory":false,"max_hp_per_floor":[83,86,86,89,92,105,105,108,108,108,108,108,111,111,111,114,114,117,120,123,123,123,123,123,123],"card_choices":[{"not_picked":["Anger","Entrench"],"picked":"Shrug It Off","floor":1.0},{"not_picked":["Sever Soul","Burning Pact"],"picked":"Entrench","floor":2.0},{"not_picked":["Disarm","Second Wind","Iron Wave"],"picked":"SKIP","floor":4.0},{"not_picked":["Armaments","Flex"],"picked":"Demon Form","floor":5.0},{"not_picked":["Sword Boomerang","Pummel","Power Through"],"picked":"SKIP","floor":6.0},{"not_picked":["Body Slam","Power Through"],"picked":"Uppercut","floor":8},{"not_picked":["Body Slam","Rampage"],"picked":"Warcry","floor":13},{"not_picked":["Reaper","Fiend Fire"],"picked":"Impervious","floor":16},{"not_picked":["True Grit+1","Warcry"],"picked":"Seeing Red","floor":18},{"not_picked":["Perfected Strike+1","Pommel Strike"],"picked":"Seeing Red","floor":19},{"not_picked":["Clothesline","Dropkick+1"],"picked":"Flame Barrier+1","floor":20}],"player_experience":168003,"relics_obtained":[{"floor":6.0,"key":"Pear"},{"floor":11,"key":"Matryoshka"},{"floor":13,"key":"Pen Nib"}],"event_choices":[{"damage_healed":0,"gold_gain":30,"player_choice":"Searched \u00273\u0027 times","damage_taken":0,"max_hp_gain":0,"max_hp_loss":0,"event_name":"Dead Adventurer","floor":11,"gold_loss":0},{"damage_healed":36,"gold_gain":0,"player_choice":"Banana","damage_taken":0,"max_hp_gain":0,"max_hp_loss":0,"event_name":"Big Fish","floor":12,"gold_loss":0},{"damage_healed":0,"gold_gain":0,"player_choice":"Cursed","damage_taken":0,"max_hp_gain":0,"max_hp_loss":0,"event_name":"Wheel of Change","floor":22,"gold_loss":0,"cards_obtained":["Decay"]}],"is_beta":false,"boss_relics":[{"not_picked":["Black Blood","Busted Crown"],"picked":"SlaversCollar"}],"items_purged_floors":[14,21],"is_endless":false,"potions_floor_spawned":[4,5,6,11,13,20],"killed_by":"Book of Stabbing","ascension_level":2}}