{"host":"vmo6qas4tfa0p776","time":1609432118,"event":{"mods":["AchievementEnabler","BaseMod","Bestiary","Better Altar","Better Match","Better Note","Better Sensory Stone","Better Skull","Better Third Choice","Colored Map","Downfall","Minty Spire (QoL Compilation)","Relic Stats","Robot Space Explorer","Spicy Shops","StSLib","The Marked"],"gold_per_floor":[199,214,214,27,50,63,63,77,126,7,17,29,29,39,49,49,49],"floor_reached":16,"playtime":743,"items_purged":[],"score":94,"play_id":"8cc24f44-0e8e-40bb-b6cf-7bff7963a939","local_time":"20201231112838","is_ascension_mode":false,"campfire_choices":[{"floor":1,"key":"RECALL"},{"floor":13,"key":"REST"}],"circlet_count":0,"master_deck":["sneckomod:Strike","sneckomod:Strike","sneckomod:Strike","sneckomod:Defend","sneckomod:Defend","sneckomod:Defend","sneckomod:TailWhip","sneckomod:SnekBite","sneckomod:Unknown","sneckomod:UnknownCommonSkill","sneckomod:DiceBoulder","Madness","sneckomod:SerpentIdol","sneckomod:Nope","sneckomod:UnknownVulnerable","Clumsy","sneckomod:DefensiveFlair+1","sneckomod:UnknownUncommonSkill+1","sneckomod:RainOfDice","sneckomod:Unknown1Cost+1"],"relics":["sneckomod:SneckoSoul","Nunchaku","Smiling Mask","Boot","Toxic Egg 2"],"acts_visited":["Exordium"],"potions_floor_usage":[16,16],"damage_taken":[{"damage":18,"enemies":"Jaw Worm","floor":2,"turns":4},{"damage":15,"enemies":"downfall:FleeingMerchant","floor":4,"turns":4},{"damage":5,"enemies":"Cultist","floor":6,"turns":4},{"damage":0,"enemies":"Small Slimes","floor":8,"turns":3},{"damage":10,"enemies":"downfall:FleeingMerchant","floor":10,"turns":4},{"damage":9,"enemies":"Blue Slaver","floor":11,"turns":3},{"damage":11,"enemies":"Exordium Wildlife","floor":12,"turns":5},{"damage":1,"enemies":"3 Louse","floor":14,"turns":3},{"damage":9,"enemies":"Lots of Slimes","floor":15,"turns":4},{"damage":47,"enemies":"downfall:Ironclad","floor":16,"turns":3}],"seed_played":"5885192978273607943","potions_obtained":[{"floor":8,"key":"LiquidBronze"},{"floor":11,"key":"BlessingOfTheForge"},{"floor":14,"key":"CultistPotion"},{"floor":15,"key":"hexamod:EctoCoolerPotion"}],"is_trial":false,"path_per_floor":["R","M","?","$","T","M","T","M","T","$","M","M","R","M","M","B"],"character_chosen":"THE_SNECKO","items_purchased":["Madness","Nunchaku","Toxic Egg 2"],"campfire_rested":1,"item_purchase_floors":[4,4,10],"current_hp_per_floor":[90,75,75,60,60,55,55,55,55,46,37,27,54,53,45,0,0],"gold":49,"neow_bonus":"HUNDRED_GOLD","is_daily":false,"chose_seed":false,"campfire_upgraded":0,"win_rate":0.0,"timestamp":1609432118,"path_taken":["R","M","?","?","?","?","T","M","?","$","M","M","R","M","M","BOSS"],"items_purchased_type":["Card","Relic","Relic"],"build_version":"2020-12-22","purchased_purges":0,"victory":false,"max_hp_per_floor":[90,91,91,91,91,91,91,91,91,92,92,93,93,93,94,94,94],"relic_stats":{"Nunchaku":[5],"counters":[10,37],"Smiling Mask":0,"Boot":[25],"obtain_stats":[{"Nunchaku":4,"Toxic Egg 2":10,"sneckomod:SneckoSoul":0,"Smiling Mask":7,"Boot":9},{"Nunchaku":2,"Toxic Egg 2":5,"sneckomod:SneckoSoul":0,"Smiling Mask":3,"Boot":4},{"Nunchaku":8,"Toxic Egg 2":19,"sneckomod:SneckoSoul":0,"Smiling Mask":12,"Boot":15}]},"card_choices":[{"not_picked":["sneckomod:IronFang","sneckomod:SoulDraw"],"picked":"sneckomod:UnknownCommonSkill","floor":2},{"not_picked":["sneckomod:DiceCrush","sneckomod:SoulDraw"],"picked":"sneckomod:DiceBoulder","floor":4},{"not_picked":["sneckomod:UnknownUncommonPower","sneckomod:UnknownClassROBOT_ORANGE_COLOR"],"picked":"sneckomod:SerpentIdol","floor":6},{"not_picked":["sneckomod:UnknownDexterity","sneckomod:UnknownStrike"],"picked":"sneckomod:Nope","floor":8},{"not_picked":["sneckomod:UnknownCommonAttack","sneckomod:SoulDraw"],"picked":"sneckomod:UnknownVulnerable","floor":10},{"not_picked":["sneckomod:UnknownUncommonAttack","sneckomod:SoulDraw+1"],"picked":"sneckomod:DefensiveFlair+1","floor":11},{"not_picked":["sneckomod:UnknownClassGUARDIAN+1","sneckomod:UnknownStrike"],"picked":"sneckomod:UnknownUncommonSkill+1","floor":12},{"not_picked":["sneckomod:UnknownClassPURPLE+1","sneckomod:SerpentMind"],"picked":"sneckomod:RainOfDice","floor":14},{"not_picked":["sneckomod:UnknownStrength+1","sneckomod:IronFang"],"picked":"sneckomod:Unknown1Cost+1","floor":15}],"player_experience":211410,"relics_obtained":[{"floor":7,"key":"Smiling Mask"},{"floor":9,"key":"Boot"}],"event_choices":[{"cards_removed":["sneckomod:Unknown"],"damage_healed":0,"gold_gain":0,"player_choice":"Offered Basic","damage_taken":0,"max_hp_gain":0,"max_hp_loss":0,"event_name":"Bonfire Elementals","floor":3,"gold_loss":0}],"is_beta":false,"boss_relics":[],"items_purged_floors":[],"is_endless":false,"potions_floor_spawned":[8,11,14,15],"killed_by":"downfall:Ironclad","ascension_level":0}}