{"host":"gl7gfqdgzaxu5sie","time":1609408650,"event":{"mods":["AchievementEnabler","BaseMod","Colored Map","DeckTracker","Minty Spire (QoL Compilation)"],"gold_per_floor":[112,126,138,151,151,185,185,210,233,244,244,273,331,331,331,434,434,453,470,470,470,483,514,514,542,542,574,574,591,591,610,610,714,714,724,724,724,744,754,754,754],"floor_reached":40,"playtime":1793,"items_purged":[],"score":762,"play_id":"34f2298f-ab32-4006-a8a0-73450e803e01","local_time":"20201231185730","is_ascension_mode":true,"campfire_choices":[{"data":"Bash","floor":7,"key":"SMITH"},{"data":"Dual Wield","floor":11,"key":"SMITH"},{"data":"Shrug It Off","floor":15,"key":"SMITH"},{"floor":24,"key":"REST"},{"floor":28,"key":"RECALL"},{"data":"Power Through","floor":32,"key":"SMITH"},{"floor":40,"key":"REST"}],"circlet_count":0,"master_deck":["AscendersBane","Strike_R+1","Strike_R+1","Strike_R+1","Strike_R+1","Strike_R+1","Defend_R+1","Defend_R+1","Defend_R+1","Defend_R+1","Bash+1","Perfected Strike+1","Wild Strike+1","Reaper+1","Twin Strike+1","Dual Wield+1","Second Wind+1","Shrug It Off+1","Dual Wield+1","Barricade+1","Decay","Infernal Blade+1","Dark Embrace+1","Power Through+1","Corruption+1","Pain","Metallicize+1"],"relics":["Burning Blood","Vajra","Bronze Scales","Red Skull","Tiny Chest","Snecko Eye","Eternal Feather","Whetstone","Singing Bowl","The Courier","Smiling Mask","Dream Catcher","Philosopher\u0027s Stone","Mark of the Bloom","WarpedTongs"],"acts_visited":["Exordium","TheCity","TheBeyond"],"potions_floor_usage":[8,13,16,16,19,23,33,33,38],"damage_taken":[{"damage":11,"enemies":"Jaw Worm","floor":1,"turns":5},{"damage":9,"enemies":"2 Louse","floor":2,"turns":3},{"damage":1,"enemies":"Cultist","floor":3,"turns":3},{"damage":6,"enemies":"Looter","floor":4,"turns":2},{"damage":8,"enemies":"Gremlin Nob","floor":6,"turns":3},{"damage":40,"enemies":"3 Sentries","floor":8,"turns":9},{"damage":13,"enemies":"Red Slaver","floor":10,"turns":3},{"damage":30,"enemies":"Lagavulin","floor":12,"turns":6},{"damage":20,"enemies":"Lagavulin Event","floor":13,"turns":4},{"damage":38,"enemies":"Slime Boss","floor":16,"turns":6},{"damage":44,"enemies":"2 Thieves","floor":18,"turns":3},{"damage":0,"enemies":"3 Byrds","floor":19,"turns":5},{"damage":30,"enemies":"Snake Plant","floor":22,"turns":3},{"damage":24,"enemies":"Book of Stabbing","floor":23,"turns":5},{"damage":33,"enemies":"Slavers","floor":25,"turns":4},{"damage":30,"enemies":"Gremlin Leader","floor":27,"turns":4},{"damage":2,"enemies":"Chosen and Byrds","floor":29,"turns":3},{"damage":8,"enemies":"Centurion and Healer","floor":31,"turns":6},{"damage":75,"enemies":"Collector","floor":33,"turns":11},{"damage":17,"enemies":"3 Darklings","floor":35,"turns":4},{"damage":0,"enemies":"Orb Walker","floor":38,"turns":1},{"damage":76,"enemies":"4 Shapes","floor":39,"turns":5}],"seed_played":"9046537557810220679","potions_obtained":[{"floor":3,"key":"BloodPotion"},{"floor":4,"key":"Fire Potion"},{"floor":10,"key":"ColorlessPotion"},{"floor":13,"key":"Explosive Potion"},{"floor":16,"key":"GamblersBrew"},{"floor":19,"key":"Block Potion"},{"floor":22,"key":"Explosive Potion"},{"floor":23,"key":"BloodPotion"},{"floor":25,"key":"Block Potion"},{"floor":39,"key":"BlessingOfTheForge"}],"is_trial":false,"path_per_floor":["M","M","M","M","?","E","R","E","T","M","R","E","?","?","R","B",null,"M","M","T","?","M","E","R","E","T","E","R","M","T","M","R","B",null,"M","?","?","M","M","R"],"character_chosen":"IRONCLAD","items_purchased":[],"campfire_rested":2,"item_purchase_floors":[],"current_hp_per_floor":[75,72,77,77,77,75,75,51,51,51,51,27,14,14,14,15,70,32,42,42,42,18,24,62,45,45,23,35,51,51,61,73,46,82,85,85,85,85,9,9,9],"gold":754,"neow_bonus":"TEN_PERCENT_HP_BONUS","is_daily":false,"chose_seed":false,"campfire_upgraded":4,"win_rate":0.0,"timestamp":1609408650,"path_taken":["M","M","M","M","?","E","R","E","T","M","R","E","?","?","R","BOSS","M","M","?","?","M","E","R","E","T","E","R","M","?","M","R","BOSS","M","?","?","M","?","R"],"items_purchased_type":[],"build_version":"2020-12-22","purchased_purges":0,"victory":false,"max_hp_per_floor":[88,88,88,88,88,88,88,88,88,88,88,88,88,88,88,88,88,88,88,88,88,88,88,88,90,90,92,92,92,92,94,94,94,94,96,96,96,98,98,100,100],"card_choices":[{"not_picked":["Anger","Dual Wield"],"picked":"Rampage","floor":1},{"not_picked":["Uppercut","Body Slam"],"picked":"Perfected Strike","floor":2},{"not_picked":["Body Slam","Warcry"],"picked":"Wild Strike","floor":3},{"not_picked":["Uppercut","Reckless Charge","Disarm"],"picked":"SKIP","floor":4},{"not_picked":["Disarm","Carnage"],"picked":"Reaper","floor":6},{"not_picked":["Clothesline","Inflame"],"picked":"Twin Strike","floor":8},{"not_picked":["Warcry","Dropkick"],"picked":"Dual Wield","floor":10},{"not_picked":["Heavy Blade","Flex"],"picked":"Second Wind","floor":12},{"not_picked":["Havoc","Twin Strike"],"picked":"Shrug It Off","floor":13},{"not_picked":["Bludgeon","Juggernaut"],"picked":"Barricade","floor":16},{"not_picked":["Dropkick","Shrug It Off","Headbutt"],"picked":"SKIP","floor":18},{"not_picked":["Sword Boomerang","Anger+1","Sever Soul"],"picked":"SKIP","floor":19},{"not_picked":["Body Slam","Anger"],"picked":"Infernal Blade+1","floor":22},{"not_picked":["Sword Boomerang","Cleave"],"picked":"Dark Embrace","floor":23},{"not_picked":["Clothesline+1","Rage","Rupture"],"picked":"Singing Bowl","floor":25},{"not_picked":["Berserk","Armaments+1","Body Slam+1"],"picked":"Singing Bowl","floor":27},{"not_picked":["Infernal Blade","Seeing Red"],"picked":"Power Through","floor":29},{"not_picked":["Iron Wave+1","Havoc","Clash"],"picked":"Singing Bowl","floor":31},{"not_picked":["Bludgeon","Fiend Fire"],"picked":"Corruption","floor":33},{"not_picked":["Warcry+1","Intimidate","True Grit"],"picked":"Singing Bowl","floor":35},{"not_picked":["Infernal Blade","Cleave","Clash+1"],"picked":"Singing Bowl","floor":38},{"not_picked":["Inflame+1","Warcry+1"],"picked":"Metallicize+1","floor":39},{"not_picked":["Clothesline+1","Wild Strike+1","Anger"],"picked":"Singing Bowl","floor":40}],"player_experience":561153,"relics_obtained":[{"floor":6,"key":"Vajra"},{"floor":8,"key":"Bronze Scales"},{"floor":12,"key":"Red Skull"},{"floor":20,"key":"Eternal Feather"},{"floor":23,"key":"Whetstone"},{"floor":25,"key":"Singing Bowl"},{"floor":26,"key":"The Courier"},{"floor":27,"key":"Smiling Mask"},{"floor":30,"key":"Dream Catcher"}],"event_choices":[{"damage_healed":0,"gold_gain":0,"player_choice":"Grow","damage_taken":0,"max_hp_gain":0,"max_hp_loss":0,"event_name":"Living Wall","floor":5,"gold_loss":0,"cards_upgraded":["Perfected Strike"]},{"damage_healed":0,"gold_gain":0,"player_choice":"Searched \u00272\u0027 times","damage_taken":0,"relics_obtained":["Tiny Chest"],"max_hp_gain":0,"max_hp_loss":0,"event_name":"Dead Adventurer","floor":13,"gold_loss":0},{"damage_healed":0,"gold_gain":0,"cards_transformed":["Rampage"],"player_choice":"Transformed","damage_taken":0,"max_hp_gain":0,"max_hp_loss":0,"event_name":"Transmorgrifier","floor":14,"gold_loss":0,"cards_obtained":["Dual Wield"]},{"damage_healed":0,"gold_gain":0,"player_choice":"Cursed","damage_taken":0,"max_hp_gain":0,"max_hp_loss":0,"event_name":"Wheel of Change","floor":21,"gold_loss":0,"cards_obtained":["Decay"]},{"damage_healed":0,"gold_gain":0,"player_choice":"Upgrade","damage_taken":0,"relics_obtained":["Mark of the Bloom"],"max_hp_gain":0,"max_hp_loss":0,"event_name":"MindBloom","floor":36,"gold_loss":0,"cards_upgraded":["Strike_R","Strike_R","Strike_R","Defend_R","Defend_R","Defend_R","Defend_R","Wild Strike","Reaper","Twin Strike","Second Wind","Dual Wield","Barricade","Dark Embrace","Corruption"]},{"damage_healed":0,"gold_gain":0,"player_choice":"Rummage","damage_taken":0,"relics_obtained":["WarpedTongs"],"max_hp_gain":0,"max_hp_loss":0,"event_name":"Accursed Blacksmith","floor":37,"gold_loss":0,"cards_obtained":["Pain"]}],"is_beta":false,"boss_relics":[{"not_picked":["Black Blood","Runic Dome"],"picked":"Snecko Eye"},{"not_picked":["Tiny House","Busted Crown"],"picked":"Philosopher\u0027s Stone"}],"items_purged_floors":[],"is_endless":false,"potions_floor_spawned":[3,4,10,13,16,19,22,23,25,39],"ascension_level":10}}