{"host":"9whf1n4a9wpiw119","time":1609421759,"event":{"mods":["Aspiration","BaseMod","Beaked The Cultist","Better Altar","Better Note","Better Skull","Better Third Choice","Challenge The Spire","Colored Map","Colored Powertips","Conspire","Emptier Cage","Energized Spire","GifTheSpireLib","Halation","Hermit","Highlight Path","Hubris","Infinite Spire","Marked Mod","Minty Spire (QoL Compilation)","Quick Restart","Rare Cards Sparkle","Relic Stats","Replay The Spire","Retaliation","Shop Mod","Spikes Relics","StSLib","Stuff the Spire","SuperFastMode","Synergy Search","The Construct"],"gold_per_floor":[119,138,138,138,138,164,179,195,218,218,229,229,257,267,267,372,372,390,390,340,354,354,380,395,420,420,437,456,474,474,474,474,604,604,655,682,682,745,806,889,889,889,912,998,998,1080,783,783,783,783,783],"floor_reached":50,"playtime":4390,"items_purged":["Doubt","Strike_G","Strike_G"],"score":1165,"play_id":"36bc04b8-4139-4530-9f72-19730975feef","local_time":"20201231163559","is_ascension_mode":true,"campfire_choices":[{"data":"conspire:DoublingDagger","floor":10.0,"key":"SMITH"},{"floor":12.0,"key":"REST"},{"data":"Hidden Blade","floor":15.0,"key":"SMITH"},{"data":"Replay:Fractal Strike","floor":32.0,"key":"SMITH"},{"data":"ReplayTheSpireMod:Scrap Shanks","floor":32.0,"key":"SMITH"},{"floor":42.0,"key":"RECALL"},{"data":"A Thousand Cuts","floor":49.0,"key":"SMITH"},{"data":"StuffTheSpire:PlasmaPunch","floor":49.0,"key":"SMITH"}],"circlet_count":0,"master_deck":["AscendersBane","Strike_G","Strike_G","Strike_G","Defend_G","Defend_G","Defend_G","Defend_G","Defend_G","Survivor","Neutralize","Cloak And Dagger+1","Hidden Blade+1","conspire:DoublingDagger+1","Venomology","Storm of Steel","CurseOfTheBell","Strike_G","StuffTheSpire:Fury","ReplayTheSpireMod:Scrap Shanks+1","Phantasmal Killer","Backstab","Replay:Fractal Strike+1","conspire:PoisonWeapons","Acrobatics+1","A Thousand Cuts+1","infinitespire:SealOfDarkness+","Slice+1","Replay:Bag of Tricks","Slice","StuffTheSpire:PlasmaPunch+1"],"relics":["aspiration:Nostalgia","Burning Blood","Sizzling Blood","Blood Vial","Replay:WaspNest","StuffTheSpire:Wildfire","Replay:Ancient Bell","Anchor","Shuriken","halation:PenCase","hubris:MysteriousPyramids","energizedSpire:HugeHouse","Spirit Poop","Tiny Chest","Lantern","Akabeko","hubris:EvacipatedBox","infinitespire:EvilPickle","WristBlade","Smiling Mask","construct:FoamFinger","Snack Pack","halation:StarCompass","Pen Nib","SpikesRelics:DaevaFist","aspiration:Lifesprig","Nunchaku"],"acts_visited":["Exordium","TheCity","TheBeyond"],"potions_floor_usage":[50,50,50],"damage_taken":[{"damage":4.0,"enemies":"Cultist","floor":1.0,"turns":5.0},{"damage":2.0,"enemies":"2 Louse","floor":2.0,"turns":3.0},{"damage":68.0,"enemies":"Gremlin Nob","floor":6.0,"turns":7.0},{"damage":3.0,"enemies":"Jaw Worm","floor":7.0,"turns":6.0},{"damage":12.0,"enemies":"3 Louse","floor":8.0,"turns":4.0},{"damage":11.0,"enemies":"Looter","floor":11.0,"turns":3.0},{"damage":23.0,"enemies":"3 Sentries","floor":13.0,"turns":9.0},{"damage":2.0,"enemies":"Blue Slaver","floor":14.0,"turns":4.0},{"damage":37.0,"enemies":"Slime Boss","floor":16.0,"turns":13.0},{"damage":29.0,"enemies":"conspire:FuzzyDice","floor":18.0,"turns":6.0},{"damage":0.0,"enemies":"Chosen","floor":21.0,"turns":3.0},{"damage":31.0,"enemies":"Book of Stabbing","floor":23.0,"turns":5.0},{"damage":1.0,"enemies":"Snake Plant","floor":24.0,"turns":3.0},{"damage":41.0,"enemies":"Nightmare","floor":25.0,"turns":7.0},{"damage":2.0,"enemies":"conspire:HollyBat","floor":27.0,"turns":6.0},{"damage":15.0,"enemies":"Cultist and Chosen","floor":28.0,"turns":5.0},{"damage":0.0,"enemies":"Snake Plant","floor":29.0,"turns":2.0},{"damage":32.0,"enemies":"Pondfish","floor":33.0,"turns":5.0},{"damage":11.0,"enemies":"3 Shapes","floor":35.0,"turns":7.0},{"damage":0.0,"enemies":"Orb Walker","floor":38.0,"turns":2.0},{"damage":0.0,"enemies":"3 Darklings","floor":39.0,"turns":2.0},{"damage":35.0,"enemies":"Nightmare","floor":40.0,"turns":3.0},{"damage":13.0,"enemies":"Giant Head","floor":44.0,"turns":4.0},{"damage":1.0,"enemies":"4 Shapes","floor":46.0,"turns":4.0},{"damage":92,"enemies":"Time Eater","floor":50,"turns":7}],"seed_played":"5492471119179120251","potions_obtained":[{"floor":1.0,"key":"SteroidPotion"},{"floor":6.0,"key":"Poison Potion"},{"floor":8.0,"key":"SpeedPotion"},{"floor":13.0,"key":"GhostInAJar"},{"floor":19.0,"key":"Flashbang"},{"floor":19.0,"key":"Strength Potion"},{"floor":21.0,"key":"AttackPotion"},{"floor":29.0,"key":"Energy Potion"},{"floor":33.0,"key":"Strength Potion"},{"floor":40.0,"key":"SkillPotion"},{"floor":46.0,"key":"Dexterity Potion"}],"is_trial":false,"path_per_floor":["M","M","?","?","T","E","M","M","T","R","M","R","E","M","R","B",null,"M","?","AVR","M","?","E","M","NM","T","M","M","M","$","?","R","B",null,"M","T","AVR","M","M","NM","?","R","T","E","?","M","$","T","R","B"],"character_chosen":"THE_SILENT","items_purchased":["hubris:EvacipatedBox","aspiration:Lifesprig","StuffTheSpire:PlasmaPunch"],"campfire_rested":1,"item_purchase_floors":[30,47,47],"current_hp_per_floor":[65,69,69,73,73,16,25,25,25,25,26,48,37,47,47,22,61,44,44,44,56,56,37,48,19,19,29,26,38,19,69,69,47,64,65,65,65,69,69,44,44,44,44,60,60,69,69,69,69,0,0],"gold":783,"neow_bonus":"NOSTALGIA","is_daily":false,"chose_seed":false,"campfire_upgraded":6,"win_rate":0.0,"timestamp":1609421759,"path_taken":["M","?","?","?","?","E","M","M","T","R","M","R","E","M","R","BOSS","M","?","AVR","M","?","E","M","NM","T","?","M","M","?","?","R_BF","BOSS","BOSS","M","?","AVR","M","M","NM","?","R","T","E","?","?","$","?","R","BOSS"],"items_purchased_type":["Relic","Relic","Card"],"build_version":"2020-12-22","purchased_purges":3,"victory":false,"max_hp_per_floor":[70,70,70,74,74,74,74,74,74,74,74,74,74,74,74,74,74,74,74,69,69,69,69,69,69,69,69,69,69,69,69,69,69,69,69,69,69,69,69,69,69,69,69,69,69,69,69,69,69,69,69],"relic_stats":{"Blood Vial":37,"Nunchaku":[1],"counters":[25,125],"Shuriken":[80],"Tiny Chest":2,"Pen Nib":[5],"Smiling Mask":25,"obtain_stats":[{"Lantern":25,"aspiration:Lifesprig":47,"construct:FoamFinger":37,"Spirit Poop":22,"Sizzling Blood":4,"hubris:MysteriousPyramids":20,"Smiling Mask":36,"halation:StarCompass":41,"Burning Blood":0,"hubris:EvacipatedBox":30,"Blood Vial":5,"Nunchaku":48,"WristBlade":34,"Tiny Chest":23,"energizedSpire:HugeHouse":20,"Ring of the Snake":0,"aspiration:Nostalgia":0,"StuffTheSpire:Wildfire":13,"Replay:WaspNest":6,"Pen Nib":43,"Replay:Ancient Bell":17,"Akabeko":26,"infinitespire:EvilPickle":33,"Anchor":17,"Shuriken":17,"halation:PenCase":17,"Snack Pack":40,"SpikesRelics:DaevaFist":44},{"Lantern":14,"aspiration:Lifesprig":24,"construct:FoamFinger":19,"Spirit Poop":11,"Sizzling Blood":2,"hubris:MysteriousPyramids":10,"Smiling Mask":19,"halation:StarCompass":22,"Burning Blood":0,"hubris:EvacipatedBox":17,"Blood Vial":2,"Nunchaku":24,"WristBlade":18,"Tiny Chest":12,"energizedSpire:HugeHouse":10,"Ring of the Snake":0,"aspiration:Nostalgia":0,"StuffTheSpire:Wildfire":7,"Replay:WaspNest":3,"Pen Nib":22,"Replay:Ancient Bell":9,"Akabeko":14,"infinitespire:EvilPickle":18,"Anchor":9,"Shuriken":9,"halation:PenCase":9,"Snack Pack":22,"SpikesRelics:DaevaFist":23},{"Lantern":78,"aspiration:Lifesprig":118,"construct:FoamFinger":103,"Spirit Poop":63,"Sizzling Blood":8,"hubris:MysteriousPyramids":60,"Smiling Mask":103,"halation:StarCompass":110,"Burning Blood":0,"hubris:EvacipatedBox":91,"Blood Vial":8,"Nunchaku":118,"WristBlade":96,"Tiny Chest":68,"energizedSpire:HugeHouse":60,"Ring of the Snake":0,"aspiration:Nostalgia":0,"StuffTheSpire:Wildfire":37,"Replay:WaspNest":15,"Pen Nib":110,"Replay:Ancient Bell":54,"Akabeko":78,"infinitespire:EvilPickle":96,"Anchor":54,"Shuriken":54,"halation:PenCase":54,"Snack Pack":110,"SpikesRelics:DaevaFist":114}],"Burning Blood":130},"card_choices":[{"not_picked":["Backflip","Deadly Poison"],"picked":"Cloak And Dagger","floor":1.0},{"not_picked":["Deadly Poison","Eviscerate","Fluid Movement"],"picked":"SKIP","floor":2.0},{"not_picked":["Deadly Poison","Eviscerate"],"picked":"Fluid Movement","floor":2.0},{"not_picked":["Noxious Fumes","ReplayTheSpireMod:Exploit Weakness"],"picked":"Hidden Blade","floor":6.0},{"not_picked":["Slice","Bane"],"picked":"conspire:DoublingDagger","floor":7.0},{"not_picked":["Deadly Poison","hubris:Counter","StuffTheSpire:BumpUp"],"picked":"SKIP","floor":8.0},{"not_picked":["Dodge and Roll","Flying Knee","Quick Slash"],"picked":"SKIP","floor":11.0},{"not_picked":["Tactician","Deflect"],"picked":"Venomology","floor":13.0},{"not_picked":["StuffTheSpire:Injection","hubris:TrickCloak","Noxious Fumes"],"picked":"SKIP","floor":14.0},{"not_picked":["Atom Bomb","ReplayTheSpireMod:Necrosis"],"picked":"Storm of Steel","floor":16.0},{"not_picked":["Regret","infinitespire:Pacifist"],"picked":"Doubt","floor":17.0},{"not_picked":["Normality","hubris:Envy"],"picked":"ReplayTheSpireMod:Compounding Headache","floor":17.0},{"not_picked":["StuffTheSpire:GnomedCurse","Languid"],"picked":"CurseOfTheBell","floor":17.0},{"not_picked":["Deadly Poison","Backflip+1"],"picked":"Die Die Die","floor":18.0},{"not_picked":["Dodge and Roll","StuffTheSpire:ClusterCrunch+1","Deadly Poison"],"picked":"SKIP","floor":21.0},{"not_picked":["Dagger Spray+1","Flying Knee"],"picked":"ReplayTheSpireMod:Scrap Shanks","floor":23.0},{"not_picked":["Terror","hubris:SlightOfHand"],"picked":"Phantasmal Killer","floor":24.0},{"not_picked":["hubris:SlightOfHand","Prepared"],"picked":"Backstab","floor":25.0},{"not_picked":["infinitespire:Oblivion","ReplayTheSpireMod:Black Plague"],"picked":"Replay:Fractal Strike","floor":25.0},{"not_picked":["Bane+1","StuffTheSpire:BumpUp","hubris:TrickCloak"],"picked":"SKIP","floor":27.0},{"not_picked":["Outmaneuver","StuffTheSpire:BrimstoneBlast"],"picked":"conspire:PoisonWeapons","floor":28.0},{"not_picked":["Poisoned Stab+1","Riddle With Holes"],"picked":"Acrobatics+1","floor":29.0},{"not_picked":["Wraith Form v2","Phantasmal Killer"],"picked":"A Thousand Cuts","floor":33.0},{"not_picked":["Flechettes+1","Hidden Blade","Infinite Blades+1"],"picked":"SKIP","floor":35.0},{"not_picked":["PiercingWail+1","Underhanded Strike+1"],"picked":"Slice+1","floor":38.0},{"not_picked":["hubris:Counter","StuffTheSpire:DoubleShiv+1","Hidden Blade+1"],"picked":"SKIP","floor":39.0},{"not_picked":["Sucker Punch","hubris:SlightOfHand"],"picked":"Replay:Bag of Tricks","floor":40.0},{"not_picked":["Cloak And Dagger+1","Sucker Punch+1","Dagger Throw"],"picked":"SKIP","floor":44.0},{"not_picked":["StuffTheSpire:Incursion+1","hubris:Counter"],"picked":"Slice","floor":46.0}],"player_experience":1074476,"relics_obtained":[{"floor":5.0,"key":"Blood Vial"},{"floor":6.0,"key":"Replay:WaspNest"},{"floor":13.0,"key":"StuffTheSpire:Wildfire"},{"floor":23.0,"key":"Tiny Chest"},{"floor":25.0,"key":"Lantern"},{"floor":26.0,"key":"Akabeko"},{"floor":36.0,"key":"Smiling Mask"},{"floor":40.0,"key":"Snack Pack"},{"floor":43.0,"key":"Pen Nib"},{"floor":44.0,"key":"SpikesRelics:DaevaFist"},{"floor":48.0,"key":"Nunchaku"}],"event_choices":[{"damage_healed":0.0,"max_hp_gain":0.0,"max_hp_loss":0.0,"gold_gain":0.0,"event_name":"Lab","player_choice":"Got Potions","floor":19.0,"gold_loss":0.0,"damage_taken":0.0},{"cards_removed":["ReplayTheSpireMod:Compounding Headache"],"damage_healed":0.0,"max_hp_gain":0.0,"max_hp_loss":0.0,"gold_gain":0.0,"event_name":"Bonfire Elementals","player_choice":"Offered Curse","floor":22.0,"gold_loss":0.0,"damage_taken":0.0,"relics_obtained":["Spirit Poop"]},{"damage_healed":50.0,"max_hp_gain":0.0,"max_hp_loss":0.0,"gold_gain":0.0,"event_name":"Wheel of Change","player_choice":"Full Heal","floor":31.0,"gold_loss":0.0,"damage_taken":0.0},{"cards_removed":["Fluid Movement"],"damage_healed":0.0,"max_hp_gain":0.0,"max_hp_loss":0.0,"gold_gain":0.0,"event_name":"Purifier","player_choice":"Purged","floor":45.0,"gold_loss":0.0,"damage_taken":0.0}],"is_beta":false,"boss_relics":[{"not_picked":["halation:PlatinumPhoenix","hubris:RunicObelisk"],"picked":"Replay:Ancient Bell"},{"not_picked":["halation:KoshaPiece","Juzu Bracelet"],"picked":"Anchor"},{"not_picked":["conspire:DeflatedDodgeball","infinitespire:ShieldingShard"],"picked":"Shuriken"},{"not_picked":["HeavenlyBonsai","Du-Vu Doll"],"picked":"halation:PenCase"},{"not_picked":["energizedSpire:RedRose","Pandora\u0027s Box","hubris:TerracottaHorce"],"picked":"WristBlade"}],"items_purged_floors":[20,37,47],"is_endless":false,"potions_floor_spawned":[1,6,8,11,13,14,21,23,29,33,35,40,46],"killed_by":"Time Eater","ascension_level":10}}