{"host":"3qkmyeoym75lj4wn","time":1609428066,"event":{"mods":["2.2 Compatiblity","BaseMod","Block Reminder","Colored Powertips","Highlight Path","Minty Spire (QoL Compilation)","Permanent Neow","Potion Indicator Mod","Rare Cards Sparkle","Relic Stats","StSLib"],"gold_per_floor":[113,113,113,113,33,33,33,73,154,175,9,9,37,62,62,139,139,159,84,84,84,84],"floor_reached":21,"playtime":637,"items_purged":["Strike_G"],"score":350,"play_id":"a0c8135f-31dc-4f0f-a11e-21c92c8f38f6","local_time":"20201231152106","is_ascension_mode":true,"campfire_choices":[{"data":"Blade Dance","floor":6,"key":"SMITH"},{"floor":12,"key":"REST"},{"data":"Cloak And Dagger","floor":15,"key":"SMITH"}],"circlet_count":0,"master_deck":["AscendersBane","Strike_G","Strike_G","Strike_G","Strike_G","Defend_G","Defend_G+1","Defend_G","Defend_G","Defend_G","Survivor+1","Neutralize","Burst","Poisoned Stab+1","Blade Dance+1","Infinite Blades","Backflip","Cloak And Dagger+1","Leg Sweep","Blade Dance","Crippling Poison"],"relics":["Ring of the Snake","CeramicFish","War Paint","Shuriken","OrangePellets","SlaversCollar"],"acts_visited":["Exordium","TheCity"],"potions_floor_usage":[16,21,21],"damage_taken":[{"damage":4,"enemies":"Jaw Worm","floor":1,"turns":7},{"damage":25,"enemies":"Lagavulin","floor":8,"turns":7},{"damage":0,"enemies":"Small Slimes","floor":10,"turns":2},{"damage":0,"enemies":"2 Louse","floor":13,"turns":3},{"damage":0,"enemies":"Blue Slaver","floor":14,"turns":3},{"damage":18,"enemies":"Hexaghost","floor":16,"turns":9},{"damage":13,"enemies":"Shell Parasite","floor":18,"turns":7},{"damage":30,"enemies":"Masked Bandits","floor":21,"turns":3}],"seed_played":"-4678532370022450540","potions_obtained":[{"floor":13,"key":"EssenceOfSteel"},{"floor":14,"key":"Block Potion"},{"floor":16,"key":"Explosive Potion"}],"is_trial":false,"path_per_floor":["M","?","?","?","$","R","?","E","T","M","$","R","M","M","R","B",null,"M","$","?","?"],"character_chosen":"THE_SILENT","items_purchased":["Blade Dance","Infinite Blades","OrangePellets"],"campfire_rested":1,"item_purchase_floors":[5,5,11],"current_hp_per_floor":[55,29,29,29,29,29,29,4,4,4,4,23,23,23,23,5,51,38,38,20,0,0],"gold":84,"neow_bonus":"ONE_RANDOM_RARE_CARD","is_daily":false,"chose_seed":false,"campfire_upgraded":2,"win_rate":0.0,"timestamp":1609428066,"path_taken":["M","?","?","?","$","R","?","E","T","M","$","R","M","M","R","BOSS","M","$","?","?"],"items_purchased_type":["Card","Card","Relic"],"build_version":"2020-12-22","purchased_purges":1,"victory":false,"max_hp_per_floor":[66,66,66,66,66,66,66,66,66,66,66,66,66,66,66,66,66,66,66,71,71,71],"relic_stats":{"OrangePellets":[0],"counters":[8,41],"Shuriken":[23],"CeramicFish":63,"War Paint":["Defend_G","Survivor"],"obtain_stats":[{"OrangePellets":11,"SlaversCollar":17,"Shuriken":9,"CeramicFish":2,"War Paint":8,"Ring of the Snake":0},{"OrangePellets":3,"SlaversCollar":6,"Shuriken":2,"CeramicFish":1,"War Paint":2,"Ring of the Snake":0},{"OrangePellets":16,"SlaversCollar":31,"Shuriken":14,"CeramicFish":7,"War Paint":14,"Ring of the Snake":0}],"Ring of the Snake":[16]},"card_choices":[{"not_picked":["Deadly Poison","Reflex"],"picked":"Poisoned Stab","floor":1},{"not_picked":["Deflect","Deadly Poison"],"picked":"Backflip","floor":8},{"not_picked":["Heel Hook","Backflip"],"picked":"Cloak And Dagger","floor":10},{"not_picked":["Quick Slash","Bullet Time"],"picked":"Leg Sweep","floor":13},{"not_picked":["Tactician","Crippling Poison"],"picked":"Blade Dance","floor":14},{"not_picked":["Prepared","Acrobatics"],"picked":"Crippling Poison","floor":18}],"player_experience":1630162,"relics_obtained":[{"floor":8,"key":"War Paint"},{"floor":9,"key":"Shuriken"}],"event_choices":[{"damage_healed":0,"gold_gain":0,"player_choice":"Success","damage_taken":26,"relics_obtained":["CeramicFish"],"max_hp_gain":0,"max_hp_loss":0,"event_name":"Scrap Ooze","floor":2,"gold_loss":0},{"damage_healed":0,"gold_gain":0,"player_choice":"Grow","damage_taken":0,"max_hp_gain":0,"max_hp_loss":0,"event_name":"Living Wall","floor":3,"gold_loss":0,"cards_upgraded":["Poisoned Stab"]},{"damage_healed":0,"gold_gain":0,"player_choice":"Ignored","damage_taken":0,"max_hp_gain":0,"max_hp_loss":0,"event_name":"Shining Light","floor":4,"gold_loss":0},{"damage_healed":0,"gold_gain":0,"player_choice":"Ignored","damage_taken":0,"max_hp_gain":0,"max_hp_loss":0,"event_name":"Golden Wing","floor":7,"gold_loss":0},{"damage_healed":0,"gold_gain":0,"player_choice":"Shed Blood","damage_taken":23,"max_hp_gain":5,"max_hp_loss":0,"event_name":"Forgotten Altar","floor":20,"gold_loss":0},{"damage_healed":0,"gold_gain":0,"player_choice":"Fought Bandits","damage_taken":0,"max_hp_gain":0,"max_hp_loss":0,"event_name":"Masked Bandits","floor":21,"gold_loss":0}],"is_beta":false,"boss_relics":[{"not_picked":["HoveringKite","Velvet Choker"],"picked":"SlaversCollar"}],"items_purged_floors":[19],"is_endless":false,"potions_floor_spawned":[13,14,16],"killed_by":"Masked Bandits","ascension_level":20}}