{"host":"p6y17sixyu8q9v1f","time":1609423435,"event":{"mods":["BaseMod","Colored Map","Minty Spire (QoL Compilation)"],"gold_per_floor":[116,116,133,31,31,60,117,117,117],"floor_reached":8,"playtime":501,"items_purged":["Defend_R"],"score":68,"play_id":"679f9a4f-7232-4227-8cef-259bf3586eee","local_time":"20201231080355","is_ascension_mode":true,"campfire_choices":[],"circlet_count":0,"master_deck":["Strike_R","Strike_R","Strike_R","Strike_R","Strike_R","Defend_R","Defend_R","Defend_R","Impervious","Clash","Spot Weakness","Thunderclap","Spot Weakness","Infernal Blade"],"relics":["Burning Blood","Bottled Lightning","Ginger"],"acts_visited":["Exordium"],"potions_floor_usage":[6,6,7],"damage_taken":[{"damage":10,"enemies":"Small Slimes","floor":1,"turns":4},{"damage":1,"enemies":"Cultist","floor":3,"turns":3},{"damage":30,"enemies":"Lagavulin","floor":6,"turns":6},{"damage":35,"enemies":"3 Sentries","floor":7,"turns":5},{"damage":38,"enemies":"Gremlin Nob","floor":8,"turns":4}],"seed_played":"8439536338562750962","potions_obtained":[{"floor":2,"key":"Fire Potion"},{"floor":2,"key":"ColorlessPotion"},{"floor":2,"key":"AttackPotion"},{"floor":3,"key":"DistilledChaos"}],"is_trial":false,"path_per_floor":["M","?","M","$","?","E","?","E"],"character_chosen":"IRONCLAD","items_purchased":["Thunderclap"],"campfire_rested":0,"item_purchase_floors":[4],"current_hp_per_floor":[76,76,80,80,73,49,20,0,0],"gold":117,"neow_bonus":"ONE_RANDOM_RARE_CARD","is_daily":false,"chose_seed":false,"campfire_upgraded":0,"win_rate":0.0,"timestamp":1609423435,"path_taken":["M","?","?","$","?","E","?","E"],"items_purchased_type":["Card"],"build_version":"2020-12-22","purchased_purges":1,"victory":false,"max_hp_per_floor":[80,80,80,80,80,80,80,80,80],"card_choices":[{"not_picked":["Feel No Pain","Warcry"],"picked":"Clash","floor":1},{"not_picked":["Intimidate","Clothesline"],"picked":"Spot Weakness","floor":3},{"not_picked":["True Grit","Warcry"],"picked":"Spot Weakness","floor":6},{"not_picked":["Immolate","Shockwave"],"picked":"Infernal Blade","floor":7}],"player_experience":829293,"relics_obtained":[{"floor":6,"key":"Bottled Lightning"}],"event_choices":[{"damage_healed":0,"gold_gain":0,"player_choice":"Got Potions","damage_taken":0,"max_hp_gain":0,"max_hp_loss":0,"event_name":"Lab","floor":2,"gold_loss":0},{"cards_removed":["Bash"],"damage_healed":0,"gold_gain":0,"player_choice":"Card Removal","damage_taken":7,"max_hp_gain":0,"max_hp_loss":0,"event_name":"Golden Wing","floor":5,"gold_loss":0},{"damage_healed":0,"gold_gain":0,"player_choice":"Searched \u00272\u0027 times","damage_taken":0,"relics_obtained":["Ginger"],"max_hp_gain":0,"max_hp_loss":0,"event_name":"Dead Adventurer","floor":7,"gold_loss":0}],"is_beta":false,"boss_relics":[],"items_purged_floors":[4],"is_endless":false,"potions_floor_spawned":[3],"killed_by":"Gremlin Nob","ascension_level":5}}