{"host":"rmsq46plbpwfbxcc","time":1609395094,"event":{"mods":["AchievementEnabler","BaseMod","Colored Map","Colored Powertips","DeckTracker","KOR Keyword Fix","Minty Spire (QoL Compilation)","Permanent Neow","SuperFastMode"],"gold_per_floor":[118,138,95,106,31,31,31,31],"floor_reached":7,"playtime":200,"items_purged":[],"score":80,"play_id":"8740b405-a92d-4f9e-ac76-2ec1955e9d2a","local_time":"20201231151134","is_ascension_mode":true,"campfire_choices":[{"data":"Neutralize","floor":6,"key":"SMITH"}],"circlet_count":0,"master_deck":["AscendersBane","Strike_G","Strike_G","Strike_G","Strike_G","Strike_G","Defend_G","Defend_G","Defend_G","Defend_G","Survivor","Neutralize+1","CurseOfTheBell","Blade Dance+1","PiercingWail+1","Blur+1"],"relics":["Calling Bell","Regal Pillow","Toxic Egg 2","Tough Bandages"],"acts_visited":["Exordium"],"potions_floor_usage":[7],"damage_taken":[{"damage":2,"enemies":"2 Louse","floor":1,"turns":5},{"damage":2,"enemies":"Jaw Worm","floor":2,"turns":5},{"damage":1,"enemies":"Small Slimes","floor":4,"turns":4},{"damage":39,"enemies":"Lagavulin","floor":7,"turns":11}],"seed_played":"-8091355569989346275","potions_obtained":[{"floor":2,"key":"SneckoOil"},{"floor":4,"key":"DistilledChaos"}],"is_trial":false,"path_per_floor":["M","M","$","M","?","R","E"],"character_chosen":"THE_SILENT","items_purchased":["Blur+1"],"campfire_rested":0,"item_purchase_floors":[3],"current_hp_per_floor":[57,55,55,54,54,54,15,15],"gold":31,"neow_bonus":"BOSS_RELIC","is_daily":false,"chose_seed":false,"campfire_upgraded":1,"win_rate":0.0,"timestamp":1609395094,"path_taken":["M","M","$","M","?","R","E"],"items_purchased_type":["Card"],"build_version":"2020-12-22","purchased_purges":0,"victory":false,"max_hp_per_floor":[66,66,66,66,66,66,66,66],"card_choices":[{"not_picked":["Dash","Cloak And Dagger+1"],"picked":"Blade Dance+1","floor":1},{"not_picked":["Poisoned Stab","Bane"],"picked":"PiercingWail+1","floor":2},{"not_picked":["Heel Hook","Outmaneuver+1","Flying Knee"],"picked":"SKIP","floor":4}],"player_experience":1416858,"relics_obtained":[{"floor":0,"key":"Regal Pillow"},{"floor":0,"key":"Toxic Egg 2"},{"floor":0,"key":"Tough Bandages"}],"event_choices":[{"cards_removed":["Defend_G"],"damage_healed":0,"gold_gain":0,"player_choice":"Card Removal","damage_taken":0,"max_hp_gain":0,"max_hp_loss":0,"event_name":"The Cleric","floor":5,"gold_loss":75}],"is_beta":false,"boss_relics":[],"items_purged_floors":[],"is_endless":false,"potions_floor_spawned":[2,4],"killed_by":"Lagavulin","ascension_level":19}}