{"host":"hkfd27larxvbrzdx","time":1609421566,"event":{"mods":["AchievementEnabler","BaseMod","Colored Map","Colored Powertips","DeckTracker","Minty Spire (QoL Compilation)"],"gold_per_floor":[118,118,118,137,149,180,180,191,215,215,229,229,260,271,271,367,367,383,84,112,112,37,37,65,65,90,108,120,120,153,153,153,153,153],"floor_reached":33,"playtime":3381,"items_purged":["Strike_B"],"score":322,"play_id":"3ded400d-a168-4e67-bfe0-ee7e0f8b7ca8","local_time":"20201231213246","is_ascension_mode":true,"campfire_choices":[{"data":"Zap","floor":7,"key":"SMITH"},{"data":"Barrage","floor":12,"key":"SMITH"},{"data":"Lockon","floor":15,"key":"SMITH"},{"data":"Rainbow","floor":23,"key":"SMITH"},{"data":"Hologram","floor":25,"key":"SMITH"},{"data":"Go for the Eyes","floor":32,"key":"SMITH"}],"circlet_count":0,"master_deck":["Strike_B","Defend_B","Defend_B+1","Defend_B+1","Defend_B","Zap+1","Dualcast+1","Lockon+1","Leap","Hologram+1","Genetic Algorithm","Chill+1","Barrage+1","Go for the Eyes+1","Rainbow+1","Double Energy+1","Doom and Gloom","Static Discharge","Reprogram+1","Turbo","BootSequence"],"relics":["FrozenCore","Toy Ornithopter","War Paint","Oddly Smooth Stone","Omamori","Red Mask","Art of War","Matryoshka","Juzu Bracelet"],"acts_visited":["Exordium","TheCity"],"potions_floor_usage":[8,13,13,24,30,33],"damage_taken":[{"damage":0,"enemies":"Small Slimes","floor":1,"turns":2},{"damage":0,"enemies":"2 Louse","floor":4,"turns":1},{"damage":0,"enemies":"Cultist","floor":5,"turns":2},{"damage":20,"enemies":"Lagavulin","floor":6,"turns":6},{"damage":0,"enemies":"2 Fungi Beasts","floor":8,"turns":3},{"damage":0,"enemies":"Blue Slaver","floor":11,"turns":5},{"damage":4,"enemies":"Gremlin Nob","floor":13,"turns":5},{"damage":0,"enemies":"Exordium Wildlife","floor":14,"turns":3},{"damage":25,"enemies":"Slime Boss","floor":16,"turns":12},{"damage":2,"enemies":"Shell Parasite","floor":18,"turns":8},{"damage":24,"enemies":"Masked Bandits","floor":20,"turns":5},{"damage":6,"enemies":"Book of Stabbing","floor":24,"turns":7},{"damage":7,"enemies":"3 Byrds","floor":27,"turns":6},{"damage":4,"enemies":"3 Cultists","floor":28,"turns":5},{"damage":5,"enemies":"Slavers","floor":30,"turns":6},{"damage":71,"enemies":"Champ","floor":33,"turns":12}],"seed_played":"-25602198993248071","potions_obtained":[{"floor":1,"key":"AttackPotion"},{"floor":4,"key":"SpeedPotion"},{"floor":8,"key":"Block Potion"},{"floor":10,"key":"Weak Potion"},{"floor":10,"key":"BlessingOfTheForge"},{"floor":18,"key":"DuplicationPotion"},{"floor":20,"key":"SteroidPotion"},{"floor":28,"key":"LiquidBronze"},{"floor":30,"key":"SmokeBomb"}],"is_trial":false,"path_per_floor":["M","?","?","M","M","E","R","M","T","?","M","R","E","M","R","B",null,"M","$","?","?","?","R","E","R","T","M","M","?","E","?","R","B"],"character_chosen":"DEFECT","items_purchased":["Omamori","Doom and Gloom"],"campfire_rested":0,"item_purchase_floors":[19,19],"current_hp_per_floor":[75,60,75,75,75,55,55,60,60,60,60,60,66,66,66,41,75,73,73,49,49,49,49,48,48,48,41,37,62,62,62,62,0,0],"gold":153,"neow_bonus":"REMOVE_CARD","is_daily":false,"chose_seed":false,"campfire_upgraded":6,"win_rate":0.0,"timestamp":1609421566,"path_taken":["M","?","?","M","M","E","R","M","T","?","?","R","E","M","R","BOSS","M","$","?","?","?","R","E","R","T","?","M","?","E","?","R","BOSS"],"items_purchased_type":["Relic","Card"],"build_version":"2020-12-22","purchased_purges":1,"victory":false,"max_hp_per_floor":[75,75,75,75,75,75,75,75,75,75,75,75,75,75,75,75,75,75,75,75,75,75,75,75,75,75,75,75,75,75,75,75,75,75],"card_choices":[{"not_picked":["BootSequence","Recycle"],"picked":"Lockon","floor":1},{"not_picked":["Stack","BootSequence"],"picked":"Leap","floor":4},{"not_picked":["Rip and Tear","Barrage"],"picked":"Hologram","floor":5},{"not_picked":["Leap","Rebound"],"picked":"Genetic Algorithm","floor":6},{"not_picked":["Steam","Rebound"],"picked":"Chill","floor":8},{"not_picked":["Redo","Meteor Strike"],"picked":"Barrage","floor":11},{"not_picked":["Compile Driver","White Noise"],"picked":"Go for the Eyes","floor":13},{"not_picked":["Tempest","Chill","Skim"],"picked":"SKIP","floor":14},{"not_picked":["Fission","Amplify"],"picked":"Rainbow","floor":16},{"not_picked":["Reinforced Body","Rebound"],"picked":"Double Energy+1","floor":18},{"not_picked":["Hologram","Lockon+1"],"picked":"Static Discharge","floor":20},{"not_picked":["Stack","Go for the Eyes"],"picked":"Reprogram+1","floor":24},{"not_picked":["Go for the Eyes","FTL","Steam Power"],"picked":"SKIP","floor":27},{"not_picked":["Steam","Ball Lightning"],"picked":"Turbo","floor":28},{"not_picked":["Coolheaded","Barrage"],"picked":"BootSequence","floor":30}],"player_experience":178274,"relics_obtained":[{"floor":6,"key":"Toy Ornithopter"},{"floor":9,"key":"War Paint"},{"floor":13,"key":"Oddly Smooth Stone"},{"floor":20,"key":"Red Mask"},{"floor":24,"key":"Art of War"},{"floor":30,"key":"Matryoshka"}],"event_choices":[{"damage_healed":0,"gold_gain":0,"player_choice":"Entered Light","damage_taken":15,"max_hp_gain":0,"max_hp_loss":0,"event_name":"Shining Light","floor":2,"gold_loss":0,"cards_upgraded":["Defend_B","Defend_B"]},{"damage_healed":25,"gold_gain":0,"player_choice":"Banana","damage_taken":0,"max_hp_gain":0,"max_hp_loss":0,"event_name":"Big Fish","floor":3,"gold_loss":0},{"damage_healed":0,"gold_gain":0,"player_choice":"Got Potions","damage_taken":0,"max_hp_gain":0,"max_hp_loss":0,"event_name":"Lab","floor":10,"gold_loss":0},{"damage_healed":0,"gold_gain":0,"player_choice":"Fought Bandits","damage_taken":0,"max_hp_gain":0,"max_hp_loss":0,"event_name":"Masked Bandits","floor":20,"gold_loss":0},{"damage_healed":0,"gold_gain":0,"player_choice":"Ignored","damage_taken":0,"max_hp_gain":0,"max_hp_loss":0,"event_name":"Ghosts","floor":21,"gold_loss":0},{"cards_removed":["Strike_B"],"damage_healed":0,"gold_gain":0,"player_choice":"Gave Gold","damage_taken":0,"max_hp_gain":0,"max_hp_loss":0,"event_name":"Beggar","floor":22,"gold_loss":75},{"damage_healed":25,"gold_gain":0,"player_choice":"Heal","damage_taken":0,"max_hp_gain":0,"max_hp_loss":0,"event_name":"The Library","floor":29,"gold_loss":0},{"damage_healed":0,"gold_gain":0,"player_choice":"Opened","damage_taken":0,"relics_obtained":["Juzu Bracelet"],"max_hp_gain":0,"max_hp_loss":0,"event_name":"The Mausoleum","floor":31,"gold_loss":0}],"is_beta":false,"boss_relics":[{"not_picked":["Coffee Dripper","Pandora\u0027s Box"],"picked":"FrozenCore"}],"items_purged_floors":[19],"is_endless":false,"potions_floor_spawned":[1,4,8,18,20,28,30],"killed_by":"Champ","ascension_level":2}}