{"host":"873t0y8ybyo38pfq","time":1609438092,"event":{"mods":["BaseMod","Bestiary","Colored Map","Colored Powertips","Highlight Path","Minty Spire (QoL Compilation)","Quick Restart","RNG Fix","Rare Cards Sparkle","Relic Stats","StSLib"],"gold_per_floor":[365,383,7,25,25,52,52,32,59,59,79,109,121,150,150,150,150],"floor_reached":16,"playtime":577,"items_purged":["Shame"],"score":240,"play_id":"98de9631-2061-4d1c-ab10-4e3b8ea001ce","local_time":"20201231130812","is_ascension_mode":true,"campfire_choices":[{"floor":7,"key":"REST"},{"data":"Blizzard","floor":10,"key":"SMITH"},{"floor":15,"key":"REST"}],"circlet_count":0,"master_deck":["AscendersBane","Strike_B","Strike_B","Strike_B","Strike_B","Defend_B","Defend_B","Defend_B","Defend_B","Zap","Dualcast","Redo","Glacier","Loop","Cold Snap","Blizzard+1","Seek","Coolheaded","Reboot","Conserve Battery"],"relics":["Cracked Core","Happy Flower","Nunchaku","Ginger","Bag of Marbles","DataDisk","Gambling Chip"],"acts_visited":["Exordium"],"potions_floor_usage":[6,11,12,14,16],"damage_taken":[{"damage":16,"enemies":"Small Slimes","floor":1,"turns":3},{"damage":10,"enemies":"2 Louse","floor":2,"turns":2},{"damage":0,"enemies":"Cultist","floor":4,"turns":4},{"damage":25,"enemies":"Gremlin Nob","floor":6,"turns":4},{"damage":2,"enemies":"Blue Slaver","floor":11,"turns":4},{"damage":19,"enemies":"3 Sentries","floor":12,"turns":12},{"damage":0,"enemies":"Large Slime","floor":13,"turns":6},{"damage":2,"enemies":"Lagavulin","floor":14,"turns":7},{"damage":31,"enemies":"Hexaghost","floor":16,"turns":14}],"seed_played":"-2151686122206093967","potions_obtained":[{"floor":6,"key":"DuplicationPotion"},{"floor":8,"key":"Swift Potion"},{"floor":12,"key":"ColorlessPotion"},{"floor":13,"key":"SteroidPotion"}],"is_trial":false,"path_per_floor":["M","M","$","M","?","E","R","?","T","R","M","E","M","E","R","B"],"character_chosen":"DEFECT","items_purchased":["Happy Flower","Loop","Block Potion"],"campfire_rested":2,"item_purchase_floors":[3,3,3],"current_hp_per_floor":[48,38,38,38,33,8,29,29,29,29,27,8,8,6,27,0,0],"gold":150,"neow_bonus":"TWO_FIFTY_GOLD","is_daily":false,"chose_seed":false,"campfire_upgraded":1,"win_rate":0.0,"timestamp":1609438092,"path_taken":["M","M","$","M","?","E","R","?","T","R","M","E","?","E","R","BOSS"],"items_purchased_type":["Relic","Card","Potion"],"build_version":"2020-12-22","purchased_purges":1,"victory":false,"max_hp_per_floor":[71,71,71,71,71,71,71,71,71,71,71,71,71,71,71,71,71],"relic_stats":{"Nunchaku":[5],"Happy Flower":[17],"counters":[9,56],"Gambling Chip":[3],"Ginger":[2],"obtain_stats":[{"Nunchaku":5,"DataDisk":12,"Happy Flower":3,"Gambling Chip":14,"Bag of Marbles":9,"Ginger":6,"Cracked Core":0},{"Nunchaku":3,"DataDisk":6,"Happy Flower":2,"Gambling Chip":8,"Bag of Marbles":4,"Ginger":4,"Cracked Core":0},{"Nunchaku":9,"DataDisk":29,"Happy Flower":5,"Gambling Chip":42,"Bag of Marbles":13,"Ginger":13,"Cracked Core":0}]},"card_choices":[{"not_picked":["Go for the Eyes","Compile Driver"],"picked":"Redo","floor":1},{"not_picked":["Turbo","Streamline"],"picked":"Glacier","floor":2},{"not_picked":["Sweeping Beam","Glacier"],"picked":"Cold Snap","floor":4},{"not_picked":["Heatsinks","Rebound"],"picked":"Blizzard","floor":6},{"not_picked":["Hologram","Cold Snap"],"picked":"Seek","floor":11},{"not_picked":["Chaos","Capacitor"],"picked":"Coolheaded","floor":12},{"not_picked":["Compile Driver","Scrape"],"picked":"Reboot","floor":13},{"not_picked":["Turbo","Lockon"],"picked":"Conserve Battery","floor":14}],"player_experience":1451960,"relics_obtained":[{"floor":6,"key":"Ginger"},{"floor":9,"key":"Bag of Marbles"},{"floor":12,"key":"DataDisk"},{"floor":14,"key":"Gambling Chip"}],"event_choices":[{"damage_healed":0,"gold_gain":0,"player_choice":"Success","damage_taken":5,"relics_obtained":["Nunchaku"],"max_hp_gain":0,"max_hp_loss":0,"event_name":"Scrap Ooze","floor":5,"gold_loss":0},{"damage_healed":0,"gold_gain":0,"player_choice":"Bought 1 Potion","damage_taken":0,"max_hp_gain":0,"max_hp_loss":0,"event_name":"The Woman in Blue","floor":8,"gold_loss":0}],"is_beta":false,"boss_relics":[],"items_purged_floors":[3],"is_endless":false,"potions_floor_spawned":[6,12,13],"killed_by":"Hexaghost","ascension_level":20}}