{"host":"8fjsnt81u6xsmhji","time":1609413602,"event":{"mods":["BaseMod","Beaked The Cultist","Colored Powertips","Downfall","Glutton Mod","Hermit","Minty Spire (QoL Compilation)","Quick Restart","StSLib","The Bug Knight","The Forsaken","The Hierophant"],"gold_per_floor":[99,114,133,133,152,198,198,226,241,261,111,111,140,140,156,255,255,255,275,275,286,319,344,344,344,369,404,404,416,244,244,262,361,361,361,378,395,395,429,429,429,479,499,231,257,182,195,129,148,148,148,180,4,4,4],"floor_reached":56,"playtime":4128,"items_purged":[],"score":1300,"play_id":"c4de616d-880b-43a5-af2d-3c10575aa47c","local_time":"20201231052001","daily_mods":["Flight","DeadlyEvents"],"is_ascension_mode":false,"campfire_choices":[{"floor":1.0,"key":"RECALL"},{"floor":11.0,"key":"REST"},{"data":"Guardian:Harden","floor":18.0,"key":"SMITH"},{"floor":25.0,"key":"REST"},{"floor":28.0,"key":"REST"},{"data":"Guardian:TimeSifter","floor":35.0,"key":"SMITH"},{"floor":40,"key":"REST"},{"floor":46,"key":"REST"},{"floor":54,"key":"REST"}],"circlet_count":0,"master_deck":["Guardian:CurlUp","Guardian:TwinSlam","Guardian:Recover","Guardian:FloatingOrbs","Guardian:RollAttack","Guardian:FierceBash","Guardian:Reroute","Guardian:ChargeCore","Guardian:EvasiveProtocol","Guardian:StasisEngine","Guardian:TimeSifter+1","Guardian:Preprogram","Guardian:StasisStrike","Guardian:PolyBeam","Guardian:Harden+1","Guardian:Incinerate","Guardian:PrismaticBarrier","Guardian:TemporalShield","Guardian:PrismaticBeam+1","Guardian:SpikerProtocol+1","Guardian:DonusPower","Guardian:Orbwalk","Guardian:TemporalStrike","RitualDagger+1","Guardian:AncientConstruct","Guardian:WalkerClaw+1","Guardian:SpikerProtocol+1","Guardian:Emergency","Guardian:BronzeArmor","Guardian:SphericShield","Apotheosis","Guardian:SpikerProtocol+1","expansioncontent:Hexaburn","Guardian:ArmoredProtocol+1","Guardian:DecasProtection+1","Guardian:FloatingOrbs+1"],"relics":["Guardian:ModeShifter","Bag of Marbles","Guardian:SackOfGems","downfall:HeartBlessingRed","downfall:HeartBlessingBlue","MealTicket","Regal Pillow","Pandora\u0027s Box","HollowMod:LifeEnderRelic","PreservedInsect","Girya","Bronze Scales","Thread and Needle","Philosopher\u0027s Stone","Happy Flower","Frozen Egg 2","Ginger","Vajra","Darkstone Periapt","downfall:HeartBlessingGreen","champ:DuelingGlove"],"acts_visited":["Exordium","TheCity","TheBeyond","TheEnding"],"potions_floor_usage":[50,50,55],"damage_taken":[{"damage":2.0,"enemies":"Small Slimes","floor":2.0,"turns":4.0},{"damage":0.0,"enemies":"Jaw Worm","floor":3.0,"turns":5.0},{"damage":0.0,"enemies":"2 Louse","floor":5.0,"turns":3.0},{"damage":7.0,"enemies":"Lagavulin","floor":8.0,"turns":5.0},{"damage":11.0,"enemies":"Lots of Slimes","floor":9.0,"turns":2.0},{"damage":14.0,"enemies":"2 Fungi Beasts","floor":10.0,"turns":4.0},{"damage":9.0,"enemies":"3 Sentries","floor":13.0,"turns":5.0},{"damage":10.0,"enemies":"Exordium Thugs","floor":15.0,"turns":3.0},{"damage":34.0,"enemies":"downfall:Silent","floor":16.0,"turns":8.0},{"damage":15.0,"enemies":"Shell Parasite","floor":19.0,"turns":5.0},{"damage":2.0,"enemies":"Chosen","floor":21.0,"turns":4.0},{"damage":19.0,"enemies":"Gremlin Leader","floor":22.0,"turns":7.0},{"damage":21.0,"enemies":"Slavers","floor":23.0,"turns":5.0},{"damage":29.0,"enemies":"Gremlin Leader","floor":27.0,"turns":4.0},{"damage":5.0,"enemies":"Centurion and Healer","floor":29.0,"turns":6.0},{"damage":4.0,"enemies":"downfall:FleeingMerchant","floor":30.0,"turns":4.0},{"damage":6.0,"enemies":"3 Cultists","floor":32.0,"turns":5.0},{"damage":25.0,"enemies":"downfall:Ironclad","floor":33.0,"turns":7.0},{"damage":27.0,"enemies":"3 Shapes","floor":36.0,"turns":4.0},{"damage":13,"enemies":"Orb Walker","floor":37,"turns":2},{"damage":10,"enemies":"Giant Head","floor":39,"turns":6},{"damage":2,"enemies":"Mind Bloom Boss Battle","floor":42,"turns":5},{"damage":25,"enemies":"Sphere and 2 Shapes","floor":43,"turns":4},{"damage":0,"enemies":"downfall:FleeingMerchant","floor":44,"turns":4},{"damage":29,"enemies":"Nemesis","floor":45,"turns":3},{"damage":20,"enemies":"Spire Growth","floor":47,"turns":4},{"damage":0,"enemies":"downfall:FleeingMerchant","floor":48,"turns":1},{"damage":0,"enemies":"Transient","floor":49,"turns":5},{"damage":5,"enemies":"downfall:Defect","floor":50,"turns":5},{"damage":63,"enemies":"downfall:CharBossMerchant","floor":52,"turns":8},{"damage":34,"enemies":"downfall:NeowBoss","floor":55,"turns":14}],"seed_played":"-1666190083806419941","potions_obtained":[{"floor":2.0,"key":"Strength Potion"},{"floor":9.0,"key":"Slimebound:ThreeZeroPotion"},{"floor":10.0,"key":"SpeedPotion"},{"floor":21.0,"key":"Strength Potion"},{"floor":23.0,"key":"sneckomod:MuddlingPotion"},{"floor":27.0,"key":"SmokeBomb"},{"floor":31.0,"key":"CultistPotion"},{"floor":37,"key":"SpeedPotion"},{"floor":47,"key":"Strength Potion"},{"floor":52,"key":"SteroidPotion"}],"is_trial":true,"path_per_floor":["R","M","M","?","M","T","T","E","M","M","R","T","E","?","M","B",null,"R","M","?","M","E","E","T","R","T","E","R","M","$","?","M","B",null,"R","M","M","?","E","R","T","?","M","$","E","R","M","$","M","B",null,"E","$","R","B",null],"character_chosen":"GUARDIAN","items_purchased":["Guardian:Orbwalk","Guardian:Gem_Red","Guardian:TemporalStrike","Guardian:SpikerProtocol+1","Vajra","Guardian:Emergency","Apotheosis","Guardian:SpikerProtocol+1","hexamod:EctoCoolerPotion","expansioncontent:Hexaburn","Guardian:FloatingOrbs+1","Energy Potion","Guardian:Gem_Lightblue"],"campfire_rested":6,"item_purchase_floors":[30,30,30,44,44,44,48,48,48,48,53,53,53],"current_hp_per_floor":[80,78,78,78,78,78,78,71,60,46,83,83,74,74,64,30,90,90,75,75,73,54,33,33,75,75,46,88,83,86,86,80,55,90,90,63,50,50,40,82,82,80,55,70,41,83,63,78,78,73,90,27,42,84,50],"gold":4,"neow_bonus":"","is_daily":false,"chose_seed":false,"campfire_upgraded":2,"win_rate":0.0,"timestamp":1609413601,"path_taken":["R","M","M","?","M","?","T","?","M","?","R","?","?","?","M","BOSS","R","M","?","?","?","?","T","R","?","?","R","?","$","?","M","BOSS","R","M","M","?","?","R","T","?","?","$","E","R","?","$","M","BOSS","E","$","R","BOSS"],"items_purchased_type":["Card","Card","Card","Card","Relic","Card","Card","Card","Potion","Card","Card","Potion","Card"],"build_version":"2020-12-22","purchased_purges":0,"victory":true,"max_hp_per_floor":[80,80,80,80,80,80,80,80,80,80,90,90,90,90,90,90,90,90,90,90,90,90,90,90,90,90,90,90,90,90,90,90,90,90,90,90,90,90,90,90,90,90,90,90,90,90,90,90,90,90,90,90,90,90,90],"card_choices":[{"not_picked":["Guardian:PolyBeam","Guardian:Preprogram"],"picked":"Guardian:Recover","floor":2.0},{"not_picked":["Guardian:Gem_Lightblue","Guardian:WalkerClaw"],"picked":"Guardian:Gem_Red","floor":3.0},{"not_picked":["Guardian:Gem_Lightblue","Guardian:Gem_Green"],"picked":"Guardian:FloatingOrbs","floor":5.0},{"not_picked":["Guardian:ShieldSpikes","Guardian:WalkerClaw"],"picked":"Guardian:RollAttack","floor":8.0},{"not_picked":["Guardian:Gem_Lightblue","Guardian:SpikerProtocol"],"picked":"Guardian:FierceBash","floor":9.0},{"not_picked":["Guardian:Preprogram","Guardian:VentSteam"],"picked":"Guardian:Reroute","floor":10.0},{"not_picked":["Guardian:StasisStrike","Guardian:ArmoredProtocol"],"picked":"Guardian:ChargeCore","floor":13.0},{"not_picked":["Guardian:BronzeOrb","Guardian:Gem_Red"],"picked":"Guardian:EvasiveProtocol","floor":15.0},{"not_picked":["Guardian:ConstructionForm","Guardian:CompilePackage"],"picked":"Guardian:StasisEngine","floor":16.0},{"not_picked":["Guardian:Gem_Cyan","Guardian:Reroute+1"],"picked":"Guardian:Incinerate","floor":19.0},{"not_picked":["Guardian:PiercingHide+1","Guardian:Gem_Yellow"],"picked":"Guardian:PrismaticBarrier","floor":21.0},{"not_picked":["Guardian:PolyBeam","Guardian:FuturePlans+1"],"picked":"Guardian:TemporalShield","floor":22.0},{"not_picked":["Guardian:GuardianWhirl","Guardian:Suspension"],"picked":"Guardian:PrismaticBeam+1","floor":23.0},{"not_picked":["Guardian:FierceBash","Guardian:WalkerClaw"],"picked":"Guardian:SpikerProtocol+1","floor":27.0},{"not_picked":["Guardian:Suspension+1","Guardian:WalkerClaw","Guardian:Recover"],"picked":"SKIP","floor":29.0},{"not_picked":["Guardian:RollAttack","Guardian:Emergency+1"],"picked":"Guardian:DonusPower","floor":30.0},{"not_picked":["Guardian:PiercingHide","Guardian:VentSteam","Guardian:Recover"],"picked":"SKIP","floor":32.0},{"not_picked":["Guardian:ExploitGems","Guardian:StasisEngine"],"picked":"Guardian:AncientConstruct","floor":33.0},{"not_picked":["Guardian:Recover+1","Guardian:ChargeUp+1"],"picked":"Guardian:WalkerClaw+1","floor":36.0},{"not_picked":["Guardian:Planning+1","Guardian:VentSteam+1","Guardian:TemporalShield+1"],"picked":"SKIP","floor":37},{"not_picked":["Guardian:CrystalBeam","Guardian:MultiBeam"],"picked":"Guardian:Gem_Blue","floor":39},{"not_picked":["Guardian:Planning+1","Guardian:PrismaticBarrier"],"picked":"Guardian:Gem_Red","floor":43},{"not_picked":["Guardian:SentryBeam+1","Guardian:Suspension+1","Guardian:Reroute"],"picked":"SKIP","floor":44},{"not_picked":["Guardian:DecasProtection+1","Guardian:Gem_Red"],"picked":"Guardian:Gem_Synthetic","floor":45},{"not_picked":["Guardian:Reroute+1","Guardian:Recover"],"picked":"Guardian:BronzeArmor","floor":47},{"not_picked":["Guardian:PiercingHide+1","Guardian:TemporalShield"],"picked":"Guardian:SphericShield","floor":48},{"not_picked":["Guardian:GuardianWhirl","Guardian:PrimingBeam"],"picked":"Guardian:ArmoredProtocol+1","floor":49},{"not_picked":["Guardian:SentryBeam","Guardian:ShieldCharger"],"picked":"Guardian:DecasProtection+1","floor":52}],"player_experience":648377,"relics_obtained":[{"floor":7.0,"key":"Bag of Marbles"},{"floor":8.0,"key":"Guardian:SackOfGems"},{"floor":12.0,"key":"MealTicket"},{"floor":13.0,"key":"Regal Pillow"},{"floor":22.0,"key":"HollowMod:LifeEnderRelic"},{"floor":23.0,"key":"PreservedInsect"},{"floor":24.0,"key":"Girya"},{"floor":26.0,"key":"Bronze Scales"},{"floor":27.0,"key":"Thread and Needle"},{"floor":39,"key":"Happy Flower"},{"floor":41,"key":"Frozen Egg 2"},{"floor":42,"key":"Ginger"},{"floor":45,"key":"Darkstone Periapt"},{"floor":52,"key":"champ:DuelingGlove"}],"event_choices":[{"damage_healed":0.0,"max_hp_gain":0.0,"max_hp_loss":0.0,"gold_gain":0.0,"event_name":"Purifier","player_choice":"Ignored","floor":20.0,"gold_loss":0.0,"damage_taken":0.0}],"is_beta":false,"boss_relics":[{"not_picked":["Guardian:ModeShifterPlus","Sozu"],"picked":"Pandora\u0027s Box"},{"not_picked":["Velvet Choker","theForsaken:PaleLantern"],"picked":"Philosopher\u0027s Stone"}],"items_purged_floors":[],"is_endless":false,"potions_floor_spawned":[2,9,10,21,23,27,37,39,43,47,52],"ascension_level":0}}