{"host":"FirstDane","time":1609379338,"event":{"mods":["BaseMod","Bestiary","Highlight Path","Minty Spire (QoL Compilation)","Relic Stats","Slay the Relics Exporter"],"gold_per_floor":[359,18,38,53,64,64,96,96,96,96,96,125,145,145,145,222,222,242,256,256,276,292,292,319,319,319,319,319],"floor_reached":27,"playtime":3499,"items_purged":[],"score":486,"play_id":"8ce78b7f-7ae8-44d3-8a8e-74c3c115683b","local_time":"20201230194858","is_ascension_mode":true,"campfire_choices":[{"data":"Poisoned Stab","floor":6,"key":"SMITH"},{"floor":8,"key":"REST"},{"data":"Die Die Die","floor":10,"key":"SMITH"},{"floor":15,"key":"REST"},{"floor":23,"key":"REST"}],"circlet_count":0,"master_deck":["AscendersBane","Strike_G","Strike_G","Strike_G","Strike_G","Defend_G","Defend_G","Defend_G","Defend_G","Defend_G","Survivor","Neutralize","Slice","Unload","Poisoned Stab+1","Noxious Fumes+1","Backflip","Flying Knee","Die Die Die+1","Backstab+1","Bane+1","Footwork+1","Deflect","Skewer+1"],"relics":["Ring of the Snake","Chemical X","Incense Burner","Ornamental Fan","Molten Egg 2","Black Star","CultistMask","Shovel","Akabeko","Sundial"],"acts_visited":["Exordium","TheCity"],"potions_floor_usage":[16,18,22,24],"damage_taken":[{"damage":6,"enemies":"2 Louse","floor":1,"turns":4},{"damage":0,"enemies":"Cultist","floor":3,"turns":3},{"damage":2,"enemies":"Jaw Worm","floor":4,"turns":4},{"damage":4,"enemies":"2 Fungi Beasts","floor":5,"turns":4},{"damage":19,"enemies":"3 Sentries","floor":7,"turns":9},{"damage":20,"enemies":"Lagavulin","floor":12,"turns":7},{"damage":0,"enemies":"Lots of Slimes","floor":13,"turns":8},{"damage":26,"enemies":"Slime Boss","floor":16,"turns":8},{"damage":13,"enemies":"Shell Parasite","floor":18,"turns":5},{"damage":6,"enemies":"Spheric Guardian","floor":19,"turns":4},{"damage":10,"enemies":"Snecko","floor":21,"turns":6},{"damage":2,"enemies":"Shelled Parasite and Fungi","floor":22,"turns":6},{"damage":31,"enemies":"Book of Stabbing","floor":24,"turns":7},{"damage":21,"enemies":"Slavers","floor":27,"turns":1}],"seed_played":"-2753135832604873614","potions_obtained":[{"floor":7,"key":"AttackPotion"},{"floor":12,"key":"GamblersBrew"},{"floor":13,"key":"GhostInAJar"},{"floor":16,"key":"SneckoOil"},{"floor":19,"key":"BlessingOfTheForge"}],"is_trial":false,"path_per_floor":["M","$","M","M","M","R","E","R","T","R","?","E","M","?","R","B",null,"M","M","?","M","M","R","E","?","T","E"],"character_chosen":"THE_SILENT","items_purchased":["Chemical X","Unload","Poisoned Stab"],"campfire_rested":3,"item_purchase_floors":[2,2,2],"current_hp_per_floor":[38,38,38,36,32,32,13,32,32,32,32,12,12,12,31,5,51,38,32,32,22,20,39,8,8,8,0,0],"gold":319,"neow_bonus":"TWO_FIFTY_GOLD","is_daily":false,"chose_seed":false,"campfire_upgraded":2,"win_rate":0.0,"timestamp":1609379338,"path_taken":["M","$","M","M","M","R","E","R","T","R","?","E","?","?","R","BOSS","M","M","?","M","?","R","E","?","T","E"],"items_purchased_type":["Relic","Card","Card"],"build_version":"2020-12-18","purchased_purges":0,"victory":false,"max_hp_per_floor":[66,66,66,66,66,66,66,66,66,66,66,66,66,66,66,66,66,66,66,66,66,66,66,66,66,66,66,66],"relic_stats":{"Shovel":0,"counters":[14,76],"Ornamental Fan":[84],"Sundial":[0],"Black Star":1,"Chemical X":[3],"obtain_stats":[{"Shovel":24,"Ornamental Fan":9,"Sundial":26,"Molten Egg 2":12,"CultistMask":20,"Incense Burner":7,"Black Star":17,"Chemical X":2,"Akabeko":24,"Ring of the Snake":0},{"Shovel":13,"Ornamental Fan":5,"Sundial":13,"Molten Egg 2":6,"CultistMask":10,"Incense Burner":5,"Black Star":8,"Chemical X":1,"Akabeko":13,"Ring of the Snake":0},{"Shovel":75,"Ornamental Fan":24,"Sundial":75,"Molten Egg 2":31,"CultistMask":56,"Incense Burner":24,"Black Star":47,"Chemical X":4,"Akabeko":75,"Ring of the Snake":0}],"Ring of the Snake":[28]},"card_choices":[{"not_picked":["Calculated Gamble","Reflex"],"picked":"Slice","floor":1},{"not_picked":["Outmaneuver","Dagger Throw"],"picked":"Noxious Fumes","floor":3},{"not_picked":["Tactician","Underhanded Strike"],"picked":"Backflip","floor":4},{"not_picked":["Slice","Outmaneuver"],"picked":"Flying Knee","floor":5},{"not_picked":["Distraction","Outmaneuver"],"picked":"Die Die Die","floor":7},{"not_picked":["Accuracy","Calculated Gamble"],"picked":"Backstab+1","floor":12},{"not_picked":["Backflip","Noxious Fumes"],"picked":"Bane+1","floor":13},{"not_picked":["Dodge and Roll","Infinite Blades"],"picked":"Footwork+1","floor":18},{"not_picked":["Dodge and Roll","Acrobatics","Flying Knee+1"],"picked":"SKIP","floor":19},{"not_picked":["Riddle With Holes+1","Envenom"],"picked":"Deflect","floor":21},{"not_picked":["Prepared","Escape Plan"],"picked":"Skewer+1","floor":22},{"not_picked":["Choke+1","Dagger Throw+1","Bullet Time"],"picked":"SKIP","floor":24}],"player_experience":3809852,"relics_obtained":[{"floor":7,"key":"Incense Burner"},{"floor":9,"key":"Ornamental Fan"},{"floor":12,"key":"Molten Egg 2"},{"floor":24,"key":"Shovel"},{"floor":24,"key":"Akabeko"},{"floor":26,"key":"Sundial"}],"event_choices":[{"cards_removed":["Strike_G"],"damage_healed":0,"gold_gain":0,"player_choice":"Purged","damage_taken":0,"max_hp_gain":0,"max_hp_loss":0,"event_name":"Purifier","floor":11,"gold_loss":0},{"damage_healed":0,"gold_gain":0,"player_choice":"Grow","damage_taken":0,"max_hp_gain":0,"max_hp_loss":0,"event_name":"Living Wall","floor":14,"gold_loss":0,"cards_upgraded":["Noxious Fumes"]},{"damage_healed":0,"gold_gain":0,"player_choice":"Trade","damage_taken":0,"relics_obtained":["CultistMask"],"max_hp_gain":0,"max_hp_loss":0,"event_name":"FaceTrader","floor":20,"gold_loss":0},{"damage_healed":0,"gold_gain":0,"player_choice":"Ignored","damage_taken":0,"max_hp_gain":0,"max_hp_loss":0,"event_name":"Cursed Tome","floor":25,"gold_loss":0}],"is_beta":true,"boss_relics":[{"not_picked":["Tiny House","Busted Crown"],"picked":"Black Star"}],"items_purged_floors":[],"is_endless":false,"potions_floor_spawned":[7,12,13,16,19],"killed_by":"Slavers","ascension_level":20}}