{"host":"qxeepl7ydvsgmfdb","time":1609382525,"event":{"mods":["AchievementEnabler","BaseMod","Colored Powertips","Minty Spire (QoL Compilation)","Quick Restart","slay the spire mod where everything is the same but ironclad has a cowboy hat"],"gold_per_floor":[110,110,110,123,72,72,101,101,101,34,96,71,140,160,160,257,257,276,38,52,52,66,96,96,96,122,122,122,47,76,89,89,89,89],"floor_reached":33,"playtime":780,"items_purged":["Strike_B"],"score":344,"play_id":"ea21ba0a-8881-42e6-a047-80c739f319ba","local_time":"20201230214205","is_ascension_mode":true,"campfire_choices":[{"data":"White Noise","floor":6,"key":"SMITH"},{"data":"Zap","floor":8,"key":"SMITH"},{"data":"Defragment","floor":15,"key":"SMITH"},{"floor":24,"key":"REST"},{"floor":28,"key":"REST"},{"data":"Zap","floor":32,"key":"SMITH"}],"circlet_count":0,"master_deck":["Strike_B","Strike_B","Strike_B","Defend_B","Defend_B","Defend_B","Defend_B","Zap+1","Dualcast","Redo","White Noise+1","Sweeping Beam","Melter","Defragment+1","Ball Lightning","Defragment","Ball Lightning","Ghostly","Ghostly","Ghostly","Ghostly","Ghostly","Zap+1"],"relics":["Cracked Core","NeowsBlessing","Incense Burner","Pen Nib","Mummified Hand","Shuriken","SacredBark","Symbiotic Virus","Bag of Preparation","Toy Ornithopter","Matryoshka"],"acts_visited":["Exordium","TheCity"],"potions_floor_usage":[16,23,31,33,33],"damage_taken":[{"damage":0,"enemies":"Jaw Worm","floor":1,"turns":1},{"damage":0,"enemies":"2 Louse","floor":4,"turns":1},{"damage":0,"enemies":"3 Sentries","floor":7,"turns":1},{"damage":0,"enemies":"Cultist","floor":14,"turns":2},{"damage":11,"enemies":"Slime Boss","floor":16,"turns":6},{"damage":0,"enemies":"Spheric Guardian","floor":18,"turns":1},{"damage":0,"enemies":"Chosen","floor":20,"turns":3},{"damage":32,"enemies":"Snake Plant","floor":22,"turns":3},{"damage":27,"enemies":"Slavers","floor":23,"turns":4},{"damage":4,"enemies":"Book of Stabbing","floor":30,"turns":4},{"damage":2,"enemies":"Snecko","floor":31,"turns":4},{"damage":65,"enemies":"Automaton","floor":33,"turns":6}],"seed_played":"-9125249373361971284","potions_obtained":[{"floor":1,"key":"LiquidMemories"},{"floor":14,"key":"Swift Potion"},{"floor":16,"key":"Strength Potion"},{"floor":18,"key":"GamblersBrew"},{"floor":31,"key":"FocusPotion"}],"is_trial":false,"path_per_floor":["M","?","?","M","$","R","E","R","T","$","?","$","T","M","R","B",null,"M","$","M","?","M","E","R","?","T","?","R","$","E","M","R","B"],"character_chosen":"DEFECT","items_purchased":["Sweeping Beam","Defragment","Ball Lightning","Symbiotic Virus"],"campfire_rested":2,"item_purchase_floors":[5,10,12,19],"current_hp_per_floor":[75,75,75,75,75,75,75,75,75,75,75,75,75,75,75,64,75,75,75,75,61,29,2,26,26,26,26,38,38,34,37,37,0,0],"gold":89,"neow_bonus":"THREE_ENEMY_KILL","is_daily":false,"chose_seed":false,"campfire_upgraded":4,"win_rate":0.0,"timestamp":1609382525,"path_taken":["M","?","?","?","$","R","E","R","T","?","?","?","?","?","R","BOSS","M","?","M","?","M","E","R","?","T","?","R","$","E","?","R","BOSS"],"items_purchased_type":["Card","Card","Card","Relic"],"build_version":"2020-12-22","purchased_purges":1,"victory":false,"max_hp_per_floor":[75,75,75,75,75,75,75,75,75,75,75,75,75,75,75,75,75,75,75,75,80,80,80,80,40,40,40,40,40,40,40,40,40,40],"card_choices":[{"not_picked":["Glacier","Rebound"],"picked":"Redo","floor":1},{"not_picked":["Skim","Rebound"],"picked":"White Noise","floor":4},{"not_picked":["Rebound","Sweeping Beam"],"picked":"Melter","floor":7},{"not_picked":["Undo","Sunder","Beam Cell"],"picked":"SKIP","floor":14},{"not_picked":["Glacier+1","Tempest+1","Reinforced Body"],"picked":"SKIP","floor":18},{"not_picked":["Gash","Hologram","Heatsinks"],"picked":"SKIP","floor":20},{"not_picked":["Redo+1","White Noise+1"],"picked":"Defragment","floor":22},{"not_picked":["Heatsinks","Conserve Battery"],"picked":"Ball Lightning","floor":23},{"not_picked":["Blizzard","Rebound+1","Beam Cell"],"picked":"SKIP","floor":30},{"not_picked":["Streamline","Meteor Strike","Beam Cell+1"],"picked":"SKIP","floor":31}],"player_experience":334620,"relics_obtained":[{"floor":7,"key":"Pen Nib"},{"floor":9,"key":"Mummified Hand"},{"floor":13,"key":"Shuriken"},{"floor":23,"key":"Bag of Preparation"},{"floor":26,"key":"Toy Ornithopter"},{"floor":30,"key":"Matryoshka"}],"event_choices":[{"damage_healed":0,"gold_gain":0,"player_choice":"Box","damage_taken":0,"relics_obtained":["Incense Burner"],"max_hp_gain":0,"max_hp_loss":0,"event_name":"Big Fish","floor":2,"gold_loss":0,"cards_obtained":["Regret"]},{"cards_removed":["Regret"],"damage_healed":0,"gold_gain":0,"player_choice":"Card Removal","damage_taken":0,"max_hp_gain":0,"max_hp_loss":0,"event_name":"Wheel of Change","floor":3,"gold_loss":0},{"damage_healed":0,"gold_gain":62,"player_choice":"Gained Gold","damage_taken":0,"max_hp_gain":0,"max_hp_loss":0,"event_name":"Golden Wing","floor":11,"gold_loss":0},{"damage_healed":0,"gold_gain":0,"player_choice":"Shed Blood","damage_taken":19,"max_hp_gain":5,"max_hp_loss":0,"event_name":"Forgotten Altar","floor":21,"gold_loss":0},{"damage_healed":0,"gold_gain":0,"player_choice":"Became a Ghost","damage_taken":0,"max_hp_gain":0,"max_hp_loss":40,"event_name":"Ghosts","floor":25,"gold_loss":0,"cards_obtained":["Ghostly","Ghostly","Ghostly","Ghostly","Ghostly"]},{"damage_healed":0,"gold_gain":0,"player_choice":"1 cards matched","damage_taken":0,"max_hp_gain":0,"max_hp_loss":0,"event_name":"Match and Keep!","floor":27,"gold_loss":0,"cards_obtained":["Zap"]}],"is_beta":false,"boss_relics":[{"not_picked":["Philosopher\u0027s Stone","Runic Pyramid"],"picked":"SacredBark"}],"items_purged_floors":[29],"is_endless":false,"potions_floor_spawned":[1,14,16,18,31],"killed_by":"Automaton","ascension_level":1}}