{"host":"qm4rv4rkpk76sbxu","time":1609426585,"event":{"mods":["BaseMod","Bestiary","Block Reminder","DeckTracker","Filter the Spire","Keyboard Shortcuts","Minty Spire (QoL Compilation)","MonsterHotkey","Potion Indicator Mod","Quick Restart","Random Character Button","Relic Stats","Slay-I","StSLib","ojb\u0027s Better Paths Mod"],"gold_per_floor":[116,116,29,46,64,89,101,5,5,5,5],"floor_reached":10,"playtime":412,"items_purged":[],"score":136,"play_id":"977d2ddb-0e5c-47a7-ae90-b400c03696fc","local_time":"20201231155625","is_ascension_mode":true,"campfire_choices":[],"circlet_count":0,"master_deck":["AscendersBane","Strike_G","Strike_G","Strike_G","Strike_G","Defend_G","Defend_G","Defend_G","Defend_G","Defend_G","Survivor","Neutralize","Skewer","Footwork","Backflip","Noxious Fumes","Crippling Poison","Well Laid Plans","Slice"],"relics":["Ring of the Snake","NeowsBlessing","Ginger","Shovel"],"acts_visited":["Exordium"],"potions_floor_usage":[10,10],"damage_taken":[{"damage":0.0,"enemies":"2 Louse","floor":1.0,"turns":1.0},{"damage":0.0,"enemies":"Cultist","floor":4.0,"turns":1.0},{"damage":0.0,"enemies":"Small Slimes","floor":5.0,"turns":1.0},{"damage":54.0,"enemies":"Lagavulin","floor":6.0,"turns":12.0},{"damage":2.0,"enemies":"Blue Slaver","floor":7.0,"turns":6.0},{"damage":1,"enemies":"3 Sentries","floor":10,"turns":4}],"seed_played":"-7547544181863125799","potions_obtained":[{"floor":6.0,"key":"BlessingOfTheForge"},{"floor":7.0,"key":"PowerPotion"}],"is_trial":false,"path_per_floor":["M","?","$","M","M","E","M","$","T","E"],"character_chosen":"THE_SILENT","items_purchased":["Footwork","Well Laid Plans","Slice"],"campfire_rested":0,"item_purchase_floors":[3,8,8],"current_hp_per_floor":[59,59,59,59,59,5,3,3,3,2,2],"gold":5,"neow_bonus":"THREE_ENEMY_KILL","is_daily":false,"chose_seed":false,"campfire_upgraded":0,"win_rate":0.0,"timestamp":1609426585,"path_taken":["M","?","?","?","M","E","M","?","T","E"],"items_purchased_type":["Card","Card","Card"],"build_version":"2020-12-22","purchased_purges":0,"victory":false,"max_hp_per_floor":[66,66,66,66,66,66,66,66,66,66,66],"relic_stats":{"Shovel":0,"counters":[6,25],"Ginger":[4],"obtain_stats":[{"Shovel":9,"NeowsBlessing":0,"Ginger":6,"Ring of the Snake":0},{"Shovel":5,"NeowsBlessing":0,"Ginger":4,"Ring of the Snake":0},{"Shovel":21,"NeowsBlessing":0,"Ginger":15,"Ring of the Snake":0}],"Ring of the Snake":[12]},"card_choices":[{"not_picked":["Quick Slash","Acrobatics"],"picked":"Skewer","floor":1.0},{"not_picked":["PiercingWail","Deadly Poison"],"picked":"Backflip","floor":4.0},{"not_picked":["Heel Hook","Footwork"],"picked":"Noxious Fumes","floor":5.0},{"not_picked":["Expertise","Masterful Stab"],"picked":"Crippling Poison","floor":6.0},{"not_picked":["Underhanded Strike","Quick Slash","Choke"],"picked":"SKIP","floor":7.0}],"player_experience":1175750,"relics_obtained":[{"floor":6.0,"key":"Ginger"},{"floor":9.0,"key":"Shovel"}],"event_choices":[{"cards_removed":["Strike_G"],"damage_healed":0.0,"max_hp_gain":0.0,"max_hp_loss":0.0,"gold_gain":0.0,"event_name":"Purifier","player_choice":"Purged","floor":2.0,"gold_loss":0.0,"damage_taken":0.0}],"is_beta":false,"boss_relics":[],"items_purged_floors":[],"is_endless":false,"potions_floor_spawned":[6,7],"killed_by":"3 Sentries","ascension_level":20}}