{"host":"w5c60nchricmn3zb","time":1609391698,"event":{"mods":["BaseMod","Conspire","Downfall","Duelist Mod","Hermit","Infinite Spire","Minty Spire (QoL Compilation)","Permanent Neow","Random Character Button","Relic Sorter","Replay The Spire","StSLib","The Cursed","The Jungle","The Marked","The Runesmith","The Servant 0.9.4","The Wild Card"],"gold_per_floor":[118,118,130,143,218,231,256,256,304,337,337,33,43,63,63,162,162,177,177,276,176,191,222,222,222,222],"floor_reached":25,"playtime":1921,"items_purged":["hermit:Defend_Hermit","hermit:Manifest"],"score":231,"play_id":"52580e0c-5287-4938-ad8e-8d7093e5d1b5","local_time":"20201231001458","is_ascension_mode":false,"campfire_choices":[{"floor":11,"key":"REST"},{"floor":15,"key":"REST"},{"floor":24,"key":"REST"}],"circlet_count":0,"master_deck":["hermit:Strike_Hermit","hermit:Strike_Hermit","hermit:Strike_Hermit","hermit:Strike_Hermit","hermit:Defend_Hermit","hermit:Defend_Hermit","hermit:Defend_Hermit","hermit:Snapshot","hermit:Covet+1","hermit:Glare","hermit:FatalDesire","hermit:Vantage+1","hermit:CalledShot+1","hermit:FullyLoaded","hermit:BigShot","Pot Of Greed","Pot Of Greed","hermit:Snipe","hermit:Showdown","hermit:FromBeyond","hermit:Grudge","Decay"],"relics":["hermit:ClaspedLocket","Dream Catcher","Replay:Bottled Flurry","ReplayTheSpireMod:TigerMarble","Boot","Grinning Jar","Onion Ring"],"acts_visited":["Exordium","TheCity"],"potions_floor_usage":[7,7,13],"damage_taken":[{"damage":0,"enemies":"2 Louse","floor":1,"turns":2},{"damage":5,"enemies":"Cultist","floor":3,"turns":4},{"damage":11,"enemies":"conspire:RoseBush","floor":4,"turns":2},{"damage":2,"enemies":"Blue Slaver","floor":6,"turns":3},{"damage":12,"enemies":"Gremlin Nob","floor":7,"turns":4},{"damage":11,"enemies":"Lagavulin","floor":10,"turns":4},{"damage":10,"enemies":"2 Fungi Beasts","floor":13,"turns":3},{"damage":8,"enemies":"conspire:2 RoseBushes","floor":14,"turns":5},{"damage":14,"enemies":"Slime Boss","floor":16,"turns":10},{"damage":0,"enemies":"Spheric Guardian","floor":18,"turns":3},{"damage":53,"enemies":"2 Thieves","floor":22,"turns":4},{"damage":58,"enemies":"Gremlin Leader","floor":23,"turns":7},{"damage":43,"enemies":"3 Cultists","floor":25,"turns":3}],"seed_played":"2813865451800059244","potions_obtained":[{"floor":1,"key":"PowerPotion"},{"floor":3,"key":"LifebloodPotion"},{"floor":4,"key":"Venom Potion"},{"floor":10,"key":"Energy Potion"},{"floor":14,"key":"FairyPotion"},{"floor":22,"key":"Elixir"},{"floor":23,"key":"Strength Potion"}],"is_trial":false,"path_per_floor":["M","?","M","M","?","M","E","?","T","E","R","$","M","M","R","B",null,"M","?","?","$","M","E","R","M"],"character_chosen":"HERMIT","items_purchased":["hermit:BigShot","Grinning Jar"],"campfire_rested":3,"item_purchase_floors":[12,12],"current_hp_per_floor":[75,75,70,59,48,46,34,19,19,8,30,30,20,12,34,20,75,75,75,75,75,23,17,39,0,0],"gold":222,"neow_bonus":"RANDOM_COMMON_RELIC","is_daily":false,"chose_seed":false,"campfire_upgraded":0,"win_rate":0.0,"timestamp":1609391698,"path_taken":["M","?","M","?","?","M","E","?","T","E","R","$","M","M","R","BOSS","M","?","?","?","M","E","R","M"],"items_purchased_type":["Card","Relic"],"build_version":"2020-12-22","purchased_purges":2,"victory":false,"max_hp_per_floor":[75,75,75,75,75,75,75,75,75,75,75,75,75,75,75,75,75,75,75,75,75,75,75,75,75,75],"card_choices":[{"not_picked":["hermit:Roulette","hermit:Shortfuse"],"picked":"hermit:Glare","floor":1},{"not_picked":["hermit:Vantage","hermit:Horror"],"picked":"hermit:FatalDesire","floor":3},{"not_picked":["hermit:BodyArmor","hermit:FlashPowder"],"picked":"hermit:Manifest","floor":4},{"not_picked":["hermit:Snipe","hermit:Desperado"],"picked":"hermit:Vantage","floor":6},{"not_picked":["hermit:TrackingShot","hermit:HighCaliber"],"picked":"hermit:CalledShot","floor":7},{"not_picked":["hermit:Glare","hermit:Spite"],"picked":"hermit:FullyLoaded","floor":10},{"not_picked":["hermit:WideOpen","hermit:TrackingShot"],"picked":"hermit:Snipe","floor":13},{"not_picked":["hermit:Horror","hermit:CursedWeapon","hermit:ItchyTrigger"],"picked":"SKIP","floor":14},{"not_picked":["hermit:Headshot","hermit:Desperado"],"picked":"hermit:Showdown","floor":15},{"not_picked":["hermit:Roughhouse","hermit:Purgatory"],"picked":"hermit:FromBeyond","floor":16},{"not_picked":["hermit:Quickdraw","hermit:BodyArmor"],"picked":"hermit:Grudge","floor":18},{"not_picked":["hermit:Dive","hermit:Quickdraw","hermit:LowProfile"],"picked":"SKIP","floor":22},{"not_picked":["hermit:CalledShot","hermit:PistolWhip","hermit:Vantage"],"picked":"SKIP","floor":23}],"player_experience":125170,"relics_obtained":[{"floor":7,"key":"Replay:Bottled Flurry"},{"floor":9,"key":"ReplayTheSpireMod:TigerMarble"},{"floor":10,"key":"Boot"},{"floor":23,"key":"Onion Ring"}],"event_choices":[{"damage_healed":0,"gold_gain":0,"player_choice":"Upgraded","damage_taken":0,"max_hp_gain":0,"max_hp_loss":0,"event_name":"Upgrade Shrine","floor":2,"gold_loss":0,"cards_upgraded":["hermit:Covet"]},{"damage_healed":0,"gold_gain":75,"player_choice":"Gather Gold","damage_taken":11,"max_hp_gain":0,"max_hp_loss":0,"event_name":"World of Goop","floor":5,"gold_loss":0},{"damage_healed":0,"gold_gain":0,"player_choice":"Entered Light","damage_taken":15,"max_hp_gain":0,"max_hp_loss":0,"event_name":"Shining Light","floor":8,"gold_loss":0,"cards_upgraded":["hermit:Vantage","hermit:CalledShot"]},{"damage_healed":0,"gold_gain":0,"player_choice":"Smashed Altar","damage_taken":0,"max_hp_gain":0,"max_hp_loss":0,"event_name":"Forgotten Altar","floor":19,"gold_loss":0,"cards_obtained":["Decay"]},{"damage_healed":0,"gold_gain":99,"player_choice":"Stole From Cult","damage_taken":0,"max_hp_gain":0,"max_hp_loss":0,"event_name":"Nest","floor":20,"gold_loss":0}],"is_beta":false,"boss_relics":[{"not_picked":["Runic Dome","Replay:Bronze Core"],"picked":"hermit:ClaspedLocket"}],"items_purged_floors":[12,21],"is_endless":false,"potions_floor_spawned":[1,3,4,10,14,22,23],"killed_by":"3 Cultists","ascension_level":0}}