{"host":"0jile2yd1dg679g0","time":1609383180,"event":{"mods":["AchievementEnabler","Act Like it!","BaseMod","Better Third Choice","Colored Map","Colored Powertips","Gensokyo","Hermit","Luminous","Marisa????????","Minty Spire (QoL Compilation)","Random Character Button","Spicy Shops","StSLib","The Servant 0.9.4","Transform Curses","Waifu the Spire"],"gold_per_floor":[115,115,115,40,51,51,78,88,88,122,142,152,152,167,167,263,263,275,275,287,47,47,47,47,60,60,71,87,87,99,111,111,212,212,212,10,110,124,138,138,138],"floor_reached":40,"playtime":2709,"items_purged":["Strike_R","Pain","Shame"],"score":512,"play_id":"3fce8d84-47bf-468b-b7c2-a99fc516e67c","local_time":"20201230215300","is_ascension_mode":true,"campfire_choices":[{"data":"Immolate","floor":6.0,"key":"SMITH"},{"data":"Heavy Blade","floor":15,"key":"SMITH"},{"data":"Limit Break","floor":23,"key":"SMITH"},{"floor":29,"key":"REST"},{"floor":32,"key":"REST"}],"circlet_count":0,"master_deck":["Bash","Immolate+1","Spot Weakness","Cleave","Spot Weakness","Flame Barrier","Heavy Blade+1","Warcry","Warcry","Spot Weakness","Shockwave","Limit Break+1","Warcry","Double Tap","Feel No Pain","Searing Blow","Hemokinesis","Disarm","Clash","Seeing Red","Necronomicurse","Carnage+1","Anger","Thunderclap","Heavy Blade+1","Thunderclap","Carnage+1","Headbutt+1","Anger","Impervious"],"relics":["Burning Blood","Meat on the Bone","Nunchaku","Shuriken","Pen Nib","WarpedTongs","Pandora\u0027s Box","Necronomicon","FossilizedHelix","Question Card","betterThird:NestCultRelic","Bottled Lightning","Busted Crown"],"acts_visited":["Exordium","TheCity","TheBeyond"],"potions_floor_usage":[25,25,30,35,40],"damage_taken":[{"damage":0.0,"enemies":"Small Slimes","floor":1.0,"turns":3.0},{"damage":12.0,"enemies":"Jaw Worm","floor":5.0,"turns":2.0},{"damage":40.0,"enemies":"Lagavulin","floor":7.0,"turns":6.0},{"damage":1.0,"enemies":"Cultist","floor":8.0,"turns":3.0},{"damage":18.0,"enemies":"Gremlin Nob","floor":10.0,"turns":3.0},{"damage":16.0,"enemies":"2 Fungi Beasts","floor":11.0,"turns":3.0},{"damage":23.0,"enemies":"Exordium Thugs","floor":12.0,"turns":5.0},{"damage":6.0,"enemies":"Looter","floor":14.0,"turns":3.0},{"damage":44,"enemies":"The Guardian","floor":16,"turns":7},{"damage":27,"enemies":"Shell Parasite","floor":18,"turns":4},{"damage":2,"enemies":"3 Byrds","floor":20,"turns":2},{"damage":26,"enemies":"Centurion and Healer","floor":25,"turns":4},{"damage":20,"enemies":"Chosen and Byrds","floor":27,"turns":5},{"damage":18,"enemies":"Snecko","floor":28,"turns":4},{"damage":26,"enemies":"Shelled Parasite and Fungi","floor":30,"turns":3},{"damage":18,"enemies":"3 Cultists","floor":31,"turns":3},{"damage":32,"enemies":"Automaton","floor":33,"turns":5},{"damage":0,"enemies":"Orb Walker","floor":35,"turns":1},{"damage":17,"enemies":"3 Shapes","floor":38,"turns":4},{"damage":28,"enemies":"Spire Growth","floor":39,"turns":4},{"damage":70,"enemies":"Reptomancer","floor":40,"turns":3}],"seed_played":"1588987748158394841","potions_obtained":[{"floor":7.0,"key":"DuplicationPotion"},{"floor":8.0,"key":"ColorlessPotion"},{"floor":16,"key":"Ancient Potion"},{"floor":18,"key":"Fire Potion"},{"floor":28,"key":"Fire Potion"},{"floor":31,"key":"SmokeBomb"}],"is_trial":false,"path_per_floor":["M","?","?","$","M","R","E","M","T","E","M","M","?","M","R","B",null,"M","?","M","$","?","R","?","M","T","M","M","R","M","M","R","B",null,"M","$","?","M","M","E"],"character_chosen":"IRONCLAD","items_purchased":["Anger","FossilizedHelix","Thunderclap","Regen Potion"],"campfire_rested":2,"item_purchase_floors":[21,21,21,36],"current_hp_per_floor":[80,80,80,80,74,74,52,57,57,57,47,42,42,54,54,28,80,59,43,47,47,47,47,47,39,39,37,37,61,53,53,77,51,80,80,80,80,69,47,0,0],"gold":138,"neow_bonus":"ONE_RANDOM_RARE_CARD","is_daily":false,"chose_seed":false,"campfire_upgraded":3,"win_rate":0.0,"timestamp":1609383180,"path_taken":["M","?","?","$","M","R","E","M","T","E","?","M","?","?","R","BOSS","M","?","M","$","?","R","?","M","T","M","M","R","?","M","R","BOSS","M","$","?","M","M","E"],"items_purchased_type":["Card","Relic","Card","Potion"],"build_version":"2020-12-22","purchased_purges":3,"victory":false,"max_hp_per_floor":[80,80,80,80,80,80,80,80,80,80,80,80,80,80,80,80,80,80,80,80,80,80,80,80,80,80,80,80,80,80,80,80,80,80,80,80,80,80,80,80,80],"card_choices":[{"not_picked":["Perfected Strike","Cleave"],"picked":"Spot Weakness","floor":1.0},{"not_picked":["Flex","True Grit"],"picked":"Spot Weakness","floor":5.0},{"not_picked":["Rampage","Perfected Strike"],"picked":"Flame Barrier","floor":7.0},{"not_picked":["Hemokinesis","Clash"],"picked":"Heavy Blade","floor":8.0},{"not_picked":["Pommel Strike","Twin Strike"],"picked":"Warcry","floor":10.0},{"not_picked":["Thunderclap","Sentinel"],"picked":"Warcry","floor":11.0},{"not_picked":["Whirlwind","Flex"],"picked":"Spot Weakness","floor":12.0},{"not_picked":["Cleave","Flex"],"picked":"Shockwave","floor":14.0},{"not_picked":["Exhume","Bludgeon"],"picked":"Limit Break","floor":16},{"not_picked":["Pommel Strike","Rage+1"],"picked":"Seeing Red","floor":18},{"not_picked":["Havoc","Clothesline"],"picked":"Carnage+1","floor":20},{"not_picked":["Evolve","Sword Boomerang+1","Carnage"],"picked":"Heavy Blade+1","floor":25},{"not_picked":["Cleave","Spot Weakness","Perfected Strike"],"picked":"Thunderclap","floor":27},{"not_picked":["Spot Weakness+1","Sword Boomerang","Havoc"],"picked":"Carnage+1","floor":28},{"not_picked":["Havoc","Thunderclap","Barricade"],"picked":"Headbutt+1","floor":30},{"not_picked":["Wild Strike","Sword Boomerang","Twin Strike"],"picked":"Anger","floor":31},{"not_picked":["Offering","Demon Form","Barricade"],"picked":"Impervious","floor":33},{"not_picked":["Body Slam","Cleave"],"picked":"SKIP","floor":38},{"not_picked":["Evolve","Sever Soul"],"picked":"SKIP","floor":39}],"player_experience":219210,"relics_obtained":[{"floor":3.0,"key":"Meat on the Bone"},{"floor":7.0,"key":"Nunchaku"},{"floor":9.0,"key":"Shuriken"},{"floor":10.0,"key":"Pen Nib"},{"floor":19,"key":"Necronomicon"},{"floor":26,"key":"Bottled Lightning"}],"event_choices":[{"damage_healed":0.0,"max_hp_gain":0.0,"max_hp_loss":0.0,"gold_gain":0.0,"cards_transformed":["Strike_R"],"event_name":"Living Wall","player_choice":"Change","floor":2.0,"gold_loss":0.0,"damage_taken":0.0,"cards_obtained":["Cleave"]},{"damage_healed":0.0,"max_hp_gain":0.0,"max_hp_loss":0.0,"gold_gain":0.0,"event_name":"Wheel of Change","player_choice":"Relic","floor":3.0,"gold_loss":0.0,"damage_taken":0.0},{"damage_healed":0.0,"max_hp_gain":0.0,"max_hp_loss":0.0,"gold_gain":0.0,"event_name":"Accursed Blacksmith","player_choice":"Rummage","floor":13.0,"gold_loss":0.0,"damage_taken":0.0,"relics_obtained":["WarpedTongs"],"cards_obtained":["Pain"]},{"damage_healed":0,"gold_gain":0,"player_choice":"Obtained Book","damage_taken":16,"max_hp_gain":0,"max_hp_loss":0,"event_name":"Cursed Tome","floor":19,"gold_loss":0},{"damage_healed":0,"gold_gain":0,"player_choice":"Stole Relic","damage_taken":0,"relics_obtained":["Question Card"],"max_hp_gain":0,"max_hp_loss":0,"event_name":"Addict","floor":22,"gold_loss":0,"cards_obtained":["Shame"]},{"damage_healed":0,"gold_gain":0,"player_choice":"Madness","damage_taken":0,"relics_obtained":["betterThird:NestCultRelic"],"max_hp_gain":0,"max_hp_loss":0,"event_name":"betterThird:BetterNest","floor":24,"gold_loss":0},{"damage_healed":0,"gold_gain":100,"player_choice":"Pray","damage_taken":0,"max_hp_gain":0,"max_hp_loss":0,"event_name":"Golden Shrine","floor":37,"gold_loss":0}],"is_beta":false,"boss_relics":[{"not_picked":["Empty Cage","Snecko Eye"],"picked":"Pandora\u0027s Box"},{"not_picked":["Coffee Dripper","Velvet Choker"],"picked":"Busted Crown"}],"items_purged_floors":[4,21,36],"is_endless":false,"potions_floor_spawned":[7,8,16,18,28,31],"killed_by":"Reptomancer","ascension_level":4}}