{"host":"12lnwhc48gjtaggg","time":1609421795,"event":{"mods":["Aspiration","BaseMod","BetterRewards","Gold Saver","GungeonMod","Infinite Spire","Minty Spire (QoL Compilation)","Remove Card Discount Mod","Shop Mod","StSLib","Trackpad","[IsaacMod]????"],"gold_per_floor":[1072,1019,1035,1055,1055,1090,1106,1106,1106,1106,1122,1152,1170,1203,1203,1301,1301,1268,1268,1286,1298,1298,1298,1213,1228,1228,1240,899,899,899],"floor_reached":29,"playtime":1496,"items_purged":["Creative AI","Strike_B","Dualcast","EpicFetus","Hologram","Strike_B","Strike_B","Strike_B"],"score":364,"play_id":"ce2c8a59-c694-4127-bffc-62cb98168e77","local_time":"20201231133635","is_ascension_mode":true,"campfire_choices":[{"data":"Zap","floor":8,"key":"SMITH"},{"data":"Machine Learning","floor":15,"key":"SMITH"},{"floor":23,"key":"REST"},{"data":"infinitespire:Oblivion","floor":23,"key":"SMITH"}],"circlet_count":0,"master_deck":["Defend_B","Defend_B","Defend_B","Defend_B","Zap+1","Doom and Gloom","Melter","Streamline","Sweeping Beam","Go for the Eyes","Conserve Battery","Leap","Rebound","Machine Learning+1","Buffer","Tempest","infinitespire:Oblivion+1","Storm+1","Ball Lightning+1","Core Surge"],"relics":["aspiration:RitualStick","aspiration:DSix","Ring of the Snake","DemoMod:Unsteady","DemoMod:Dog","Letter Opener","SteamSale","trackpad:AdjectivePendant","DemoMod:SerJunkan","infinitespire:DarkRift","Ectoplasm","infinitespire:Chaos"],"acts_visited":["Exordium","TheCity"],"potions_floor_usage":[14,16,16,27,29],"damage_taken":[{"damage":0,"enemies":"Small Slimes","floor":1,"turns":3},{"damage":0,"enemies":"2 Louse","floor":3,"turns":1},{"damage":1,"enemies":"Cultist","floor":4,"turns":3},{"damage":18,"enemies":"3 Sentries","floor":6,"turns":3},{"damage":0,"enemies":"Looter","floor":7,"turns":3},{"damage":8,"enemies":"Exordium Wildlife","floor":11,"turns":4},{"damage":6,"enemies":"Gremlin Nob","floor":12,"turns":3},{"damage":2,"enemies":"2 Fungi Beasts","floor":13,"turns":2},{"damage":11,"enemies":"Lagavulin","floor":14,"turns":5},{"damage":6,"enemies":"Slime Boss","floor":16,"turns":8},{"damage":36,"enemies":"2 Thieves","floor":18,"turns":5},{"damage":2,"enemies":"Chosen","floor":20,"turns":5},{"damage":36,"enemies":"Centurion and Healer","floor":21,"turns":7},{"damage":16,"enemies":"Cultist and Chosen","floor":25,"turns":6},{"damage":0,"enemies":"3 Cultists","floor":27,"turns":4},{"damage":34,"enemies":"Nightmare","floor":29,"turns":5}],"seed_played":"7673688620258091558","potions_obtained":[{"floor":1,"key":"SpeedPotion"},{"floor":4,"key":"Swift Potion"},{"floor":7,"key":"LiquidMemories"},{"floor":12,"key":"AttackPotion"},{"floor":16,"key":"Strength Potion"},{"floor":18,"key":"DemoMod:LeadSkinPotion"}],"is_trial":false,"path_per_floor":["M","$","M","M","?","E","M","R","T","?","M","E","M","E","R","B",null,"M","AVR","M","M","?","R","?","M","T","M","$","NM"],"character_chosen":"DEFECT","items_purchased":["Doom and Gloom","Melter","Hologram","Streamline","Core Surge","infinitespire:Chaos","Explosive Potion"],"campfire_rested":1,"item_purchase_floors":[0,0,0,2,28,28,28],"current_hp_per_floor":[66,66,66,65,73,55,55,55,55,75,67,73,71,60,60,54,87,51,51,49,13,13,39,39,23,23,23,23,0,0],"gold":899,"neow_bonus":"","is_daily":false,"chose_seed":false,"campfire_upgraded":3,"win_rate":0.0,"timestamp":1609421795,"path_taken":["M","$","M","M","?","E","M","R","T","?","?","E","M","E","R","BOSS","M","AVR","M","M","?","R","?","M","T","M","?","NM"],"items_purchased_type":["Card","Card","Card","Card","Card","Relic","Potion"],"build_version":"2020-12-22","purchased_purges":8,"victory":false,"max_hp_per_floor":[75,75,75,75,75,75,75,75,75,75,75,87,87,87,87,87,87,87,87,87,87,87,87,87,87,87,87,87,87,87],"card_choices":[{"not_picked":[],"picked":"EpicFetus","floor":0},{"not_picked":["Hello World","Go for the Eyes"],"picked":"Bomb","floor":1},{"not_picked":["Turbo","Steam"],"picked":"Sweeping Beam","floor":3},{"not_picked":["Recycle","Lockon"],"picked":"Go for the Eyes","floor":4},{"not_picked":["Go for the Eyes","Coolheaded"],"picked":"Conserve Battery","floor":6},{"not_picked":["Stack","Compile Driver"],"picked":"Leap","floor":7},{"not_picked":["Hologram","Static Discharge"],"picked":"Bomb","floor":11},{"not_picked":["Sunder","Lockon"],"picked":"Rebound","floor":12},{"not_picked":["Coolheaded","Reinforced Body"],"picked":"Machine Learning","floor":13},{"not_picked":["Loop","Steam"],"picked":"Buffer","floor":14},{"not_picked":["Electrodynamics","Seek"],"picked":"Creative AI","floor":16},{"not_picked":["Barrage","Steam"],"picked":"Tempest","floor":18},{"not_picked":["Hello World+1","Scrape","Go for the Eyes+1"],"picked":"SKIP","floor":20},{"not_picked":["Undo+1","Go for the Eyes"],"picked":"Storm+1","floor":21},{"not_picked":["Static Discharge","Streamline"],"picked":"Ball Lightning+1","floor":25},{"not_picked":["Hologram","Streamline+1","Barrage"],"picked":"SKIP","floor":27}],"player_experience":356389,"relics_obtained":[{"floor":6,"key":"trackpad:SappingStone"},{"floor":9,"key":"Unceasing Top"},{"floor":12,"key":"DemoMod:Orange"},{"floor":14,"key":"DemoMod:PoisonVial"},{"floor":26,"key":"PillsDrop"}],"event_choices":[{"damage_healed":0,"gold_gain":0,"player_choice":"Ignored","damage_taken":0,"max_hp_gain":0,"max_hp_loss":0,"event_name":"Ghosts","floor":22,"gold_loss":0},{"damage_healed":0,"gold_gain":0,"player_choice":"Obtained Relic","damage_taken":0,"relics_obtained":["Nunchaku"],"max_hp_gain":0,"max_hp_loss":0,"event_name":"Addict","floor":24,"gold_loss":85}],"is_beta":false,"boss_relics":[{"not_picked":["Pandora\u0027s Box","Astrolabe"],"picked":"FrozenCore"},{"not_picked":[]}],"items_purged_floors":[28,28,28,28,28,28,28,28],"is_endless":false,"potions_floor_spawned":[1,4,7,12,16,18],"killed_by":"Nightmare","ascension_level":1}}