{"host":"rmsq46plbpwfbxcc","time":1609394024,"event":{"mods":["AchievementEnabler","BaseMod","Colored Map","Colored Powertips","DeckTracker","KOR Keyword Fix","Minty Spire (QoL Compilation)","Permanent Neow","SuperFastMode"],"gold_per_floor":[111,36,50,50,68,68,86,11,11,37,57,68,68,85,85,162,162,173,188,463,478,130,130,5,5,76,89,121,136,161,161,161],"floor_reached":31,"playtime":855,"items_purged":["Defend_G","Regret","Strike_G"],"score":544,"play_id":"c58a21ee-89c6-46d1-907a-b54f1b9d2cb9","local_time":"20201231145344","is_ascension_mode":true,"campfire_choices":[{"data":"Neutralize","floor":6.0,"key":"SMITH"},{"data":"Terror","floor":13.0,"key":"SMITH"},{"data":"Cloak And Dagger","floor":15.0,"key":"SMITH"},{"data":"Blade Dance","floor":23.0,"key":"SMITH"},{"data":"Accuracy","floor":25.0,"key":"SMITH"}],"circlet_count":0,"master_deck":["AscendersBane","Strike_G","Strike_G","Defend_G","Defend_G","Defend_G","Defend_G","Survivor","Neutralize+1","Backstab","Slice","Terror+1","Cloak And Dagger+1","Burst","Blade Dance+1","PiercingWail","Accuracy+1","Choke"],"relics":["WristBlade","Incense Burner","Tough Bandages","Black Star","Snake Skull","Question Card","Frozen Egg 2","Pear","Lantern","PreservedInsect"],"acts_visited":["Exordium","TheCity"],"potions_floor_usage":[],"damage_taken":[{"damage":5.0,"enemies":"Small Slimes","floor":1.0,"turns":4.0},{"damage":3.0,"enemies":"2 Louse","floor":3.0,"turns":3.0},{"damage":0.0,"enemies":"Jaw Worm","floor":5.0,"turns":3.0},{"damage":0.0,"enemies":"Red Slaver","floor":7.0,"turns":2.0},{"damage":10.0,"enemies":"3 Sentries","floor":10.0,"turns":8.0},{"damage":5.0,"enemies":"Gremlin Gang","floor":11.0,"turns":5.0},{"damage":6.0,"enemies":"Looter","floor":12.0,"turns":2.0},{"damage":0.0,"enemies":"Red Slaver","floor":14.0,"turns":4.0},{"damage":3.0,"enemies":"The Guardian","floor":16.0,"turns":11.0},{"damage":6.0,"enemies":"2 Thieves","floor":18.0,"turns":4.0},{"damage":0.0,"enemies":"Spheric Guardian","floor":19.0,"turns":1.0},{"damage":12.0,"enemies":"Shelled Parasite and Fungi","floor":21.0,"turns":6.0},{"damage":0.0,"enemies":"Sentry and Sphere","floor":27.0,"turns":3.0},{"damage":9.0,"enemies":"Book of Stabbing","floor":28.0,"turns":6.0},{"damage":4.0,"enemies":"Centurion and Healer","floor":29.0,"turns":9.0},{"damage":19.0,"enemies":"Gremlin Leader","floor":30.0,"turns":4.0},{"damage":16,"enemies":"Snake Plant","floor":31,"turns":2}],"seed_played":"-505473478252201587","potions_obtained":[{"floor":1.0,"key":"PowerPotion"},{"floor":7.0,"key":"Energy Potion"},{"floor":10.0,"key":"Weak Potion"},{"floor":12.0,"key":"DistilledChaos"},{"floor":16.0,"key":"LiquidMemories"},{"floor":19.0,"key":"GamblersBrew"},{"floor":21.0,"key":"EssenceOfSteel"},{"floor":27.0,"key":"Ancient Potion"},{"floor":29.0,"key":"ColorlessPotion"}],"is_trial":false,"path_per_floor":["M","?","M","?","M","R","M","$","T","E","M","M","R","M","R","B",null,"M","M","?","M","$","R","$","R","T","M","E","M","E","M"],"character_chosen":"THE_SILENT","items_purchased":["Accuracy","Snake Skull"],"campfire_rested":0,"item_purchase_floors":[22,22],"current_hp_per_floor":[54,54,51,44,44,44,44,44,44,34,29,23,23,23,23,20,55,49,49,49,37,37,37,37,37,37,37,38,34,15,0,0],"gold":161,"neow_bonus":"BOSS_RELIC","is_daily":false,"chose_seed":false,"campfire_upgraded":5,"win_rate":0.0,"timestamp":1609394024,"path_taken":["M","?","M","?","?","R","M","?","T","E","M","M","R","M","R","BOSS","M","?","?","?","?","R","$","R","T","M","E","?","E","M"],"items_purchased_type":["Card","Relic"],"build_version":"2020-12-22","purchased_purges":3,"victory":false,"max_hp_per_floor":[66,66,66,66,66,66,66,66,66,66,66,66,66,66,66,66,66,66,66,66,66,66,66,66,66,66,66,76,76,76,76,76],"card_choices":[{"not_picked":["Flechettes","Flying Knee","Acrobatics"],"picked":"SKIP","floor":1.0},{"not_picked":["Outmaneuver","Quick Slash"],"picked":"Backstab","floor":3.0},{"not_picked":["Riddle With Holes","Underhanded Strike"],"picked":"Slice","floor":5.0},{"not_picked":["Escape Plan","Bane"],"picked":"Terror","floor":7.0},{"not_picked":["Flying Knee","Tools of the Trade","Dagger Spray"],"picked":"SKIP","floor":10.0},{"not_picked":["Heel Hook","Flechettes","Quick Slash"],"picked":"SKIP","floor":11.0},{"not_picked":["Expertise","Dagger Throw","Prepared"],"picked":"SKIP","floor":12.0},{"not_picked":["Sucker Punch","Finisher"],"picked":"Cloak And Dagger","floor":14.0},{"not_picked":["Doppelganger","Night Terror"],"picked":"Burst","floor":16.0},{"not_picked":["Acrobatics","Deflect"],"picked":"Blade Dance","floor":18.0},{"not_picked":["Skewer","Poisoned Stab"],"picked":"PiercingWail","floor":19.0},{"not_picked":["Quick Slash+1","Dagger Throw","Prepared"],"picked":"SKIP","floor":21.0},{"not_picked":["Bane","Deflect","Catalyst","Slice"],"picked":"SKIP","floor":27.0},{"not_picked":["Dash","Dagger Throw","Burst"],"picked":"Choke","floor":28.0},{"not_picked":["Sucker Punch","Deadly Poison","Poisoned Stab","Prepared"],"picked":"SKIP","floor":29.0},{"not_picked":["Infinite Blades+1","Endless Agony","Slice","Flying Knee"],"picked":"SKIP","floor":30.0}],"player_experience":1415341,"relics_obtained":[{"floor":9.0,"key":"Incense Burner"},{"floor":10.0,"key":"Tough Bandages"},{"floor":26.0,"key":"Question Card"},{"floor":28.0,"key":"Frozen Egg 2"},{"floor":28.0,"key":"Pear"},{"floor":30.0,"key":"Lantern"},{"floor":30.0,"key":"PreservedInsect"}],"event_choices":[{"cards_removed":["Strike_G"],"damage_healed":0.0,"max_hp_gain":0.0,"max_hp_loss":0.0,"gold_gain":0.0,"event_name":"The Cleric","player_choice":"Card Removal","floor":2.0,"gold_loss":75.0,"damage_taken":0.0},{"cards_removed":["Strike_G"],"damage_healed":0.0,"max_hp_gain":0.0,"max_hp_loss":0.0,"gold_gain":0.0,"event_name":"Golden Wing","player_choice":"Card Removal","floor":4.0,"gold_loss":0.0,"damage_taken":7.0},{"damage_healed":0.0,"max_hp_gain":0.0,"max_hp_loss":0.0,"gold_gain":275.0,"event_name":"Golden Shrine","player_choice":"Desecrate","floor":20.0,"gold_loss":0.0,"damage_taken":0.0,"cards_obtained":["Regret"]}],"is_beta":false,"boss_relics":[{"not_picked":["Busted Crown","Pandora\u0027s Box"],"picked":"Black Star"}],"items_purged_floors":[8,22,24],"is_endless":false,"potions_floor_spawned":[1,7,10,12,16,19,21,27,29],"killed_by":"Snake Plant","ascension_level":19}}