{"host":"J","time":1609443610,"event":{"mods":["AchievementEnabler","BaseMod","Block Reminder","Highlight Path","Minty Spire (QoL Compilation)","Permanent Neow","Quick Restart","Relic Stats","UnlockEverythingMod"],"gold_per_floor":[12,24,40,57,73,73,73],"floor_reached":6,"playtime":2442,"items_purged":[],"score":80,"play_id":"968035cf-a64c-4e27-b301-075b08540151","local_time":"20201231204010","is_ascension_mode":true,"campfire_choices":[],"circlet_count":0,"master_deck":["AscendersBane","Strike_G","Strike_G","Strike_G","Strike_G","Strike_G","Defend_G","Defend_G","Defend_G","Defend_G","Defend_G","Survivor","Neutralize","Bullet Time","Noxious Fumes","Bouncing Flask","PiercingWail","Deadly Poison","Footwork"],"relics":["Ring of the Snake"],"acts_visited":["Exordium"],"potions_floor_usage":[],"damage_taken":[{"damage":7.0,"enemies":"Cultist","floor":1.0,"turns":5.0},{"damage":8.0,"enemies":"Jaw Worm","floor":2.0,"turns":6.0},{"damage":3.0,"enemies":"2 Louse","floor":3.0,"turns":4.0},{"damage":7.0,"enemies":"Large Slime","floor":4.0,"turns":8.0},{"damage":20.0,"enemies":"Exordium Thugs","floor":5.0,"turns":5.0},{"damage":0,"enemies":"3 Sentries","floor":6,"turns":1}],"seed_played":"8712527466959036205","potions_obtained":[{"floor":3.0,"key":"Strength Potion"},{"floor":5.0,"key":"SteroidPotion"}],"is_trial":false,"path_per_floor":["M","M","M","M","M","E"],"character_chosen":"THE_SILENT","items_purchased":[],"campfire_rested":0,"item_purchase_floors":[],"current_hp_per_floor":[52,44,41,34,14,14,14],"gold":73,"neow_bonus":"THREE_RARE_CARDS","is_daily":false,"chose_seed":false,"campfire_upgraded":0,"win_rate":0.0,"timestamp":1609443610,"path_taken":["M","M","M","M","?","E"],"items_purchased_type":[],"build_version":"2020-12-18","purchased_purges":0,"victory":false,"max_hp_per_floor":[66,66,66,66,66,66,66],"relic_stats":{"counters":[6,29],"obtain_stats":[{"Ring of the Snake":0},{"Ring of the Snake":0},{"Ring of the Snake":0}],"Ring of the Snake":[12]},"card_choices":[{"not_picked":["Envenom","Doppelganger"],"picked":"Bullet Time","floor":0.0},{"not_picked":["Bane","Flechettes"],"picked":"Noxious Fumes","floor":1.0},{"not_picked":["Outmaneuver","Blade Dance"],"picked":"Bouncing Flask","floor":2.0},{"not_picked":["Deadly Poison","Outmaneuver"],"picked":"PiercingWail","floor":3.0},{"not_picked":["Underhanded Strike","Quick Slash"],"picked":"Deadly Poison","floor":4.0},{"not_picked":["Terror","Backflip"],"picked":"Footwork","floor":5.0}],"player_experience":240471,"relics_obtained":[],"event_choices":[],"is_beta":true,"boss_relics":[],"items_purged_floors":[],"is_endless":false,"potions_floor_spawned":[3,5],"killed_by":"3 Sentries","ascension_level":20}}