{"host":"tpbmol9dayg75a5s","time":1609429370,"event":{"mods":["BaseMod","Bestiary","Block Reminder","Colored Powertips","Downfall","Minty Spire (QoL Compilation)","Relic Stats","StSLib"],"gold_per_floor":[99,115,134,144,159,84,84,114,134,153,153,153,173,189,200,301,301,301,320,320,320,335,335,335,361,361,361,392,392,405,23,35,136,136,136,147,167,167,167,167,192,207,28,56,56,74,88,88,102,102],"floor_reached":51,"playtime":6247,"items_purged":["Writhe"],"score":998,"play_id":"4cae539c-65ef-44d5-92ca-e38f35262ef9","local_time":"20201231124250","is_ascension_mode":true,"campfire_choices":[{"floor":1.0,"key":"RECALL"},{"floor":6.0,"key":"REST"},{"floor":12.0,"key":"REST"},{"data":"hexamod:RainOfEmbers","floor":18.0,"key":"SMITH"},{"data":"hexamod:PhantomCloak","floor":23.0,"key":"SMITH"},{"data":"hexamod:PowerFromBeyond","floor":26.0,"key":"SMITH"},{"floor":29.0,"key":"REST"},{"data":"hexamod:GhostflameBarrier","floor":35.0,"key":"SMITH"},{"data":"hexamod:SearingWound","floor":40.0,"key":"SMITH"},{"data":"hexamod:GhostflameInferno","floor":45,"key":"SMITH"}],"circlet_count":0,"master_deck":["hexamod:Defend+1","hexamod:Defend+1","hexamod:Defend+1","hexamod:Defend","hexamod:Sear","hexamod:Float+1","hexamod:RainOfEmbers+1","hexamod:ThermalTransfer+1","hexamod:GhostOfSpirePresent+1","hexamod:GhostOfSpirePast","hexamod:CatchUp+1","hexamod:BacktrackSmack+1","hexamod:Hexaguard+1","hexamod:BurningTouch+1","hexamod:ThermalTransfer+1","hexamod:PhantomCloak+1","hexamod:SixthSeal","hexamod:Again+1","Slimebound:Tackle+1","Slimebound:Tackle+1","Slimebound:Tackle+1","hexamod:Firestarter","hexamod:PowerFromBeyond+1","hexamod:FirstSeal","hexamod:SpectralSpark+1","hexamod:RetreatToShadows+1","hexamod:GhostflameBarrier+1","hexamod:SearingWound+1","hexamod:Hexaguard+1","hexamod:GhostflameInferno+1","CurseOfTheBell","hexamod:SoulSteal+1","expansioncontent:PrepareCrush+1","hexamod:SpectersWail","hexamod:AdvancingGuard+1","Sadistic Nature","hexamod:ShieldOfDarkness+1","hexamod:ThermalTransfer+1","hexamod:HexaLevel"],"relics":["hexamod:SpiritBrand","downfall:HeartBlessingRed","hexamod:SoulOfChaos","Incense Burner","Odd Mushroom","Snecko Eye","Ornamental Fan","Lantern","Darkstone Periapt","Bottled Flame","Guardian:BottledAnomaly","Calling Bell","Du-Vu Doll","Pen Nib","Mercury Hourglass","TungstenRod"],"acts_visited":["Exordium","TheCity","TheBeyond"],"potions_floor_usage":[42,44,50,50,50],"damage_taken":[{"damage":0.0,"enemies":"Cultist","floor":2.0,"turns":3.0},{"damage":1.0,"enemies":"Jaw Worm","floor":3.0,"turns":3.0},{"damage":2.0,"enemies":"Small Slimes","floor":4.0,"turns":3.0},{"damage":32.0,"enemies":"Gremlin Gang","floor":5.0,"turns":6.0},{"damage":17.0,"enemies":"Gremlin Nob","floor":8.0,"turns":4.0},{"damage":4.0,"enemies":"The Mushroom Lair","floor":9.0,"turns":4.0},{"damage":2.0,"enemies":"3 Louse","floor":10.0,"turns":3.0},{"damage":3.0,"enemies":"Large Slime","floor":13.0,"turns":4.0},{"damage":0.0,"enemies":"Blue Slaver","floor":14.0,"turns":3.0},{"damage":2.0,"enemies":"Red Slaver","floor":15.0,"turns":3.0},{"damage":9.0,"enemies":"downfall:Watcher","floor":16.0,"turns":9.0},{"damage":0.0,"enemies":"Spheric Guardian","floor":19.0,"turns":3.0},{"damage":1.0,"enemies":"Shell Parasite","floor":22.0,"turns":2.0},{"damage":20.0,"enemies":"Slavers","floor":25.0,"turns":6.0},{"damage":27.0,"enemies":"Book of Stabbing","floor":28.0,"turns":6.0},{"damage":18.0,"enemies":"Snake Plant","floor":30.0,"turns":3.0},{"damage":0.0,"enemies":"downfall:FleeingMerchant","floor":31.0,"turns":4.0},{"damage":12.0,"enemies":"Centurion and Healer","floor":32.0,"turns":6.0},{"damage":9.0,"enemies":"downfall:Silent","floor":33.0,"turns":8.0},{"damage":3.0,"enemies":"3 Shapes","floor":36.0,"turns":4.0},{"damage":6.0,"enemies":"3 Darklings","floor":37.0,"turns":5.0},{"damage":13,"enemies":"Jaw Worm Horde","floor":42,"turns":4},{"damage":0,"enemies":"downfall:FleeingMerchant","floor":43,"turns":4},{"damage":11,"enemies":"Reptomancer","floor":44,"turns":7},{"damage":0,"enemies":"Spire Growth","floor":46,"turns":3},{"damage":4,"enemies":"Transient","floor":47,"turns":5},{"damage":6,"enemies":"Jaw Worm Horde","floor":49,"turns":5},{"damage":0,"enemies":"downfall:Defect","floor":50,"turns":8}],"seed_played":"8361015220675180014","potions_obtained":[{"floor":4.0,"key":"Dexterity Potion"},{"floor":8.0,"key":"AttackPotion"},{"floor":11.0,"key":"PowerPotion"},{"floor":11.0,"key":"ColorlessPotion"},{"floor":15.0,"key":"DuplicationPotion"},{"floor":16.0,"key":"Dexterity Potion"},{"floor":30.0,"key":"Energy Potion"},{"floor":32.0,"key":"champ:CounterPotion"},{"floor":33.0,"key":"Fire Potion"},{"floor":36.0,"key":"Fire Potion"},{"floor":44,"key":"champ:CounterPotion"},{"floor":46,"key":"LiquidBronze"}],"is_trial":false,"path_per_floor":["R","M","M","M","M","R","T","E","?","M","?","R","M","M","M","B",null,"R","M","?","?","M","R","T","E","R","?","E","R","M","$","M","B",null,"R","M","M","?","?","R","T","M","$","E","R","M","M","?","M","B",null],"character_chosen":"THE_SPIRIT","items_purchased":["Guardian:BottledAnomaly","hexamod:SearingWound","Sadistic Nature"],"campfire_rested":3,"item_purchase_floors":[31,31,43],"current_hp_per_floor":[63,63,62,60,28,49,49,32,28,26,26,47,44,44,42,33,61,61,61,61,61,60,60,60,40,40,33,13,34,16,23,18,16,63,63,60,61,61,61,61,61,55,62,58,58,58,54,66,66,66],"gold":102,"neow_bonus":"UPGRADE_CARD","is_daily":false,"chose_seed":false,"campfire_upgraded":6,"win_rate":0.0,"timestamp":1609429370,"path_taken":["R","M","?","M","M","R","T","E","?","M","?","R","?","M","M","BOSS","R","M","?","?","M","R","T","E","R","?","E","R","M","$","M","BOSS","R","M","M","?","?","R","T","M","$","E","R","?","?","?","M","BOSS"],"items_purchased_type":["Relic","Card","Card"],"build_version":"2020-12-22","purchased_purges":1,"victory":true,"max_hp_per_floor":[70,70,70,70,70,70,70,70,70,70,70,70,70,70,70,70,70,70,70,70,70,70,70,70,70,70,70,70,70,70,70,70,70,76,76,76,76,76,76,76,76,76,76,76,76,76,76,66,66,66],"relic_stats":{"Darkstone Periapt":6,"counters":[28,127],"Ornamental Fan":[52],"Snecko Eye":[141,145,154,138],"Pen Nib":[6],"obtain_stats":[{"Darkstone Periapt":25,"Lantern":24,"downfall:HeartBlessingRed":6,"Pen Nib":34,"Incense Burner":8,"Odd Mushroom":9,"Mercury Hourglass":34,"Calling Bell":34,"Du-Vu Doll":34,"Bottled Flame":28,"Ornamental Fan":21,"hexamod:SoulOfChaos":7,"Snecko Eye":17,"Guardian:BottledAnomaly":31,"hexamod:SpiritBrand":0,"TungstenRod":44},{"Darkstone Periapt":14,"Lantern":13,"downfall:HeartBlessingRed":4,"Pen Nib":19,"Incense Burner":5,"Odd Mushroom":6,"Mercury Hourglass":19,"Calling Bell":19,"Du-Vu Doll":19,"Bottled Flame":15,"Ornamental Fan":12,"hexamod:SoulOfChaos":4,"Snecko Eye":11,"Guardian:BottledAnomaly":17,"hexamod:SpiritBrand":0,"TungstenRod":24},{"Darkstone Periapt":56,"Lantern":50,"downfall:HeartBlessingRed":15,"Pen Nib":83,"Incense Burner":19,"Odd Mushroom":23,"Mercury Hourglass":83,"Calling Bell":83,"Du-Vu Doll":83,"Bottled Flame":62,"Ornamental Fan":48,"hexamod:SoulOfChaos":15,"Snecko Eye":45,"Guardian:BottledAnomaly":69,"hexamod:SpiritBrand":0,"TungstenRod":106}],"TungstenRod":3,"Mercury Hourglass":[135]},"card_choices":[{"not_picked":["hexamod:SkipABeat","hexamod:AdvancingGuard"],"picked":"hexamod:RainOfEmbers","floor":2.0},{"not_picked":["hexamod:FirstSeal","hexamod:HeatCrush"],"picked":"hexamod:ThermalTransfer","floor":3.0},{"not_picked":["hexamod:FastForward","hexamod:AdvancingGuard"],"picked":"hexamod:GhostOfSpirePresent","floor":4.0},{"not_picked":["hexamod:SpectralSpark","hexamod:ThermalTransfer"],"picked":"hexamod:GhostOfSpirePast","floor":5.0},{"not_picked":["hexamod:GhostOfSpirePresent","hexamod:Incineration"],"picked":"hexamod:CatchUp","floor":8.0},{"not_picked":["hexamod:GhostOfSpirePresent","hexamod:HeatMetal"],"picked":"hexamod:BacktrackSmack","floor":9.0},{"not_picked":["hexamod:AdvancingGuard","hexamod:SixthSeal"],"picked":"hexamod:Hexaguard","floor":10.0},{"not_picked":["hexamod:RecurringNightmare","hexamod:HauntingEcho"],"picked":"hexamod:BurningTouch","floor":13.0},{"not_picked":["hexamod:Firestarter","hexamod:BacktrackSmack"],"picked":"hexamod:ThermalTransfer","floor":14.0},{"not_picked":["hexamod:GhostLash","hexamod:EtherealExpedition"],"picked":"hexamod:PhantomCloak","floor":15.0},{"not_picked":["hexamod:CrushingStance","hexamod:FifthSeal"],"picked":"hexamod:SixthSeal","floor":16.0},{"not_picked":["hexamod:GhostShield","hexamod:NecessarySacrifice"],"picked":"hexamod:Again","floor":19.0},{"not_picked":["hexamod:StepThrough","hexamod:HeatShield"],"picked":"hexamod:Firestarter","floor":22.0},{"not_picked":["hexamod:FastForward+1","hexamod:BurningTouch"],"picked":"hexamod:PowerFromBeyond","floor":25.0},{"not_picked":["hexamod:BurningTouch+1","hexamod:GhostLash"],"picked":"hexamod:SpectralSpark+1","floor":28.0},{"not_picked":["hexamod:BurningTouch","hexamod:RainOfEmbers"],"picked":"hexamod:RetreatToShadows","floor":30.0},{"not_picked":["hexamod:ThermalTransfer","hexamod:WildfireWeapon"],"picked":"hexamod:GhostflameBarrier","floor":31.0},{"not_picked":["hexamod:NightmareGuise","hexamod:AdvancingGuard"],"picked":"hexamod:Hexaguard","floor":32.0},{"not_picked":["hexamod:TimeWarp","hexamod:CrushingStance"],"picked":"hexamod:GhostflameInferno","floor":33.0},{"not_picked":["hexamod:ChargedBarrage","hexamod:SkipABeat","hexamod:NightmareStrike"],"picked":"SKIP","floor":36.0},{"not_picked":["hexamod:HauntingEcho+1","hexamod:Rewind+1"],"picked":"hexamod:SoulSteal","floor":37.0},{"not_picked":["expansioncontent:Chronoboost","expansioncontent:DonusPower"],"picked":"expansioncontent:PrepareCrush","floor":38.0},{"not_picked":["hexamod:SpectralAdrenaline","hexamod:ShieldOfDarkness"],"picked":"hexamod:SpectersWail","floor":42},{"not_picked":["hexamod:RainOfEmbers+1","hexamod:GhostOfSpireFuture+1"],"picked":"hexamod:AdvancingGuard+1","floor":43},{"not_picked":["hexamod:HauntingEcho","hexamod:SpectersWail+1"],"picked":"hexamod:ShieldOfDarkness+1","floor":44},{"not_picked":["hexamod:ShieldOfDarkness","hexamod:InspiringFlames"],"picked":"hexamod:ThermalTransfer+1","floor":46},{"not_picked":["hexamod:NightmareStrike+1","hexamod:HauntingEcho+1","hexamod:ShieldOfDarkness+1"],"picked":"SKIP","floor":47},{"not_picked":["hexamod:InspiringFlames","hexamod:BacktrackSmack"],"picked":"hexamod:HexaLevel","floor":49}],"player_experience":985380,"relics_obtained":[{"floor":7.0,"key":"hexamod:SoulOfChaos"},{"floor":8.0,"key":"Incense Burner"},{"floor":9.0,"key":"Odd Mushroom"},{"floor":24.0,"key":"Lantern"},{"floor":25.0,"key":"Darkstone Periapt"},{"floor":28.0,"key":"Bottled Flame"},{"floor":34.0,"key":"Du-Vu Doll"},{"floor":34.0,"key":"Pen Nib"},{"floor":34.0,"key":"Mercury Hourglass"},{"floor":44,"key":"TungstenRod"}],"event_choices":[{"damage_healed":0.0,"max_hp_gain":0.0,"max_hp_loss":0.0,"gold_gain":0.0,"event_name":"Mushrooms","player_choice":"Fought Mushrooms","floor":9.0,"gold_loss":0.0,"damage_taken":0.0},{"damage_healed":0.0,"max_hp_gain":0.0,"max_hp_loss":0.0,"gold_gain":0.0,"event_name":"Lab","player_choice":"Got Potions","floor":11.0,"gold_loss":0.0,"damage_taken":0.0},{"damage_healed":0.0,"max_hp_gain":0.0,"max_hp_loss":0.0,"gold_gain":0.0,"event_name":"Upgrade Shrine","player_choice":"Upgraded","floor":39.0,"gold_loss":0.0,"damage_taken":0.0,"cards_upgraded":["hexamod:RetreatToShadows"]}],"is_beta":false,"boss_relics":[{"not_picked":["Pandora\u0027s Box","Philosopher\u0027s Stone"],"picked":"Snecko Eye"},{"not_picked":["Black Star","Runic Pyramid"],"picked":"Calling Bell"}],"items_purged_floors":[31],"is_endless":false,"potions_floor_spawned":[4,8,14,15,16,19,22,30,32,33,36,44,46,47],"ascension_level":7}}