{"host":"mc4amcm0108w7k6t","time":1609446899,"event":{"mods":["BaseMod","Hermit","Minty Spire (QoL Compilation)","StSLib"],"gold_per_floor":[20,37,54,70,85,118,128,128,128,162,162,162,64,84,84,182,182,199,102,102,120,152,152,152,152,152,166,166,177,202,221,221,323,323,344,358,374,374,374],"floor_reached":38,"playtime":2185,"items_purged":["hermit:Strike_Hermit"],"score":444,"play_id":"2f742d3e-cd62-40b1-a40e-b402e5ce1351","local_time":"20201231153459","is_ascension_mode":false,"campfire_choices":[{"floor":11.0,"key":"REST"},{"data":"hermit:Glare","floor":15.0,"key":"SMITH"},{"data":"hermit:Dive","floor":23.0,"key":"SMITH"},{"data":"hermit:BodyArmor","floor":25.0,"key":"SMITH"},{"data":"hermit:Scavenge","floor":28.0,"key":"SMITH"},{"floor":32,"key":"REST"}],"circlet_count":0,"master_deck":["hermit:Strike_Hermit","hermit:Defend_Hermit","hermit:Defend_Hermit","hermit:Defend_Hermit","hermit:Defend_Hermit","hermit:Snapshot","hermit:Covet","hermit:Glare+1","hermit:CursedWeapon","hermit:ShadowCloak","hermit:ItchyTrigger","hermit:Headshot+1","hermit:Feint","hermit:Desperado","hermit:NoHoldsBarred","hermit:Snipe","hermit:DeadOrAlive","hermit:BodyArmor+1","hermit:HoleUp","hermit:Vantage","hermit:Dive+1","hermit:Scavenge+1","hermit:HeroicBravado","hermit:Feint+1","hermit:Dissolve","hermit:TrackingShot+1"],"relics":["hermit:Momento","Peace Pipe","Toy Ornithopter","Meat on the Bone","Question Card","Pen Nib","Empty Cage","MutagenicStrength","Enchiridion","Bag of Marbles","Busted Crown"],"acts_visited":["Exordium","TheCity","TheBeyond"],"potions_floor_usage":[31,33],"damage_taken":[{"damage":1.0,"enemies":"Jaw Worm","floor":1.0,"turns":5.0},{"damage":1.0,"enemies":"Cultist","floor":2.0,"turns":4.0},{"damage":7.0,"enemies":"Small Slimes","floor":3.0,"turns":3.0},{"damage":2.0,"enemies":"Looter","floor":4.0,"turns":3.0},{"damage":9.0,"enemies":"Exordium Wildlife","floor":5.0,"turns":2.0},{"damage":32.0,"enemies":"Gremlin Nob","floor":6.0,"turns":4.0},{"damage":2.0,"enemies":"Large Slime","floor":7.0,"turns":4.0},{"damage":22.0,"enemies":"Lagavulin","floor":10.0,"turns":4.0},{"damage":7.0,"enemies":"2 Fungi Beasts","floor":14.0,"turns":3.0},{"damage":2.0,"enemies":"Slime Boss","floor":16.0,"turns":5.0},{"damage":9.0,"enemies":"Shell Parasite","floor":18.0,"turns":2.0},{"damage":7.0,"enemies":"3 Byrds","floor":21.0,"turns":3.0},{"damage":2.0,"enemies":"Snake Plant","floor":22.0,"turns":2.0},{"damage":2.0,"enemies":"Centurion and Healer","floor":27.0,"turns":3.0},{"damage":14.0,"enemies":"Snecko","floor":29.0,"turns":4.0},{"damage":13.0,"enemies":"3 Cultists","floor":30.0,"turns":4.0},{"damage":7,"enemies":"Snake Plant","floor":31,"turns":5},{"damage":81,"enemies":"Champ","floor":33,"turns":15},{"damage":15,"enemies":"3 Shapes","floor":35,"turns":5},{"damage":6,"enemies":"Orb Walker","floor":36,"turns":2},{"damage":12,"enemies":"Spire Growth","floor":37,"turns":2},{"damage":42,"enemies":"Jaw Worm Horde","floor":38,"turns":3}],"seed_played":"-5594773067079932614","potions_obtained":[{"floor":3.0,"key":"Strength Potion"},{"floor":4.0,"key":"LiquidBronze"},{"floor":6.0,"key":"Energy Potion"},{"floor":10.0,"key":"SneckoOil"},{"floor":14.0,"key":"SteroidPotion"},{"floor":22.0,"key":"SkillPotion"},{"floor":29.0,"key":"LiquidMemories"},{"floor":36,"key":"SkillPotion"}],"is_trial":false,"path_per_floor":["M","M","M","M","M","E","M","?","T","E","R","?","$","M","R","B",null,"M","$","?","M","M","R","?","R","T","M","R","M","M","M","R","B",null,"M","M","M","M"],"character_chosen":"HERMIT","items_purchased":["FairyPotion","hermit:HoleUp"],"campfire_rested":2,"item_purchase_floors":[13,19],"current_hp_per_floor":[74,73,66,64,55,23,21,21,21,16,38,35,35,40,40,43,75,66,66,66,59,62,62,46,46,46,44,44,42,41,39,61,29,75,60,54,42,0,0],"gold":374,"neow_bonus":"ONE_RARE_RELIC","is_daily":false,"chose_seed":false,"campfire_upgraded":4,"win_rate":0.0,"timestamp":1609446899,"path_taken":["M","M","M","M","M","E","M","?","T","E","R","?","$","?","R","BOSS","M","?","?","M","M","R","?","R","T","?","R","M","M","M","R","BOSS","M","M","M","M"],"items_purchased_type":["Potion","Card"],"build_version":"2020-12-22","purchased_purges":1,"victory":false,"max_hp_per_floor":[75,75,75,75,75,75,75,75,75,75,75,75,75,75,75,75,75,75,75,75,75,75,75,75,75,75,75,75,75,75,75,75,75,75,75,75,75,75,75],"card_choices":[{"not_picked":["hermit:Ricochet","hermit:HoleUp"],"picked":"hermit:Glare","floor":1.0},{"not_picked":["hermit:TrackingShot","hermit:Vantage"],"picked":"hermit:CursedWeapon","floor":2.0},{"not_picked":["hermit:HighCaliber","hermit:Misfire"],"picked":"hermit:ShadowCloak","floor":3.0},{"not_picked":["hermit:BlackWind","hermit:Glare"],"picked":"hermit:ItchyTrigger","floor":4.0},{"not_picked":["hermit:Brawl","hermit:Midnight"],"picked":"hermit:Headshot","floor":5.0},{"not_picked":["hermit:Roulette","hermit:CalledShot"],"picked":"hermit:Feint","floor":6.0},{"not_picked":["hermit:Virtue","hermit:LuckOfTheDraw"],"picked":"hermit:Desperado","floor":7.0},{"not_picked":["hermit:SprayPray","hermit:LowProfile"],"picked":"hermit:NoHoldsBarred","floor":10.0},{"not_picked":["hermit:Feint","hermit:Glare","hermit:NoHoldsBarred"],"picked":"hermit:Snipe","floor":14.0},{"not_picked":["hermit:BlackWind","hermit:OverwhelmingPower","hermit:EternalForm"],"picked":"hermit:DeadOrAlive","floor":16.0},{"not_picked":["hermit:Headshot+1","hermit:PistolWhip","hermit:ItchyTrigger+1"],"picked":"hermit:BodyArmor","floor":18.0},{"not_picked":["hermit:Manifest","hermit:Glare+1","hermit:DeadMansHand"],"picked":"hermit:Vantage","floor":21.0},{"not_picked":["hermit:FlashPowder","hermit:Vantage","hermit:TakeCover+1"],"picked":"hermit:Dive","floor":22.0},{"not_picked":["hermit:Ricochet","hermit:Headshot","hermit:Showdown+1"],"picked":"hermit:Scavenge","floor":27.0},{"not_picked":["hermit:Ricochet","hermit:Snipe","hermit:Horror"],"picked":"hermit:HeroicBravado","floor":29.0},{"not_picked":["hermit:Shortfuse+1","hermit:BigShot+1","hermit:BodyArmor","hermit:PistolWhip+1"],"picked":"SKIP","floor":30.0},{"not_picked":["hermit:Ricochet","hermit:Roulette","hermit:ItchyTrigger"],"picked":"hermit:Feint+1","floor":31},{"not_picked":["hermit:BlackWind","hermit:RoundhouseKick","hermit:FatalDesire"],"picked":"hermit:Dissolve","floor":33},{"not_picked":["hermit:Malice+1","hermit:Combo+1"],"picked":"SKIP","floor":35},{"not_picked":["hermit:GoldenBullet+1"],"picked":"hermit:TrackingShot+1","floor":36},{"not_picked":["hermit:WideOpen+1","hermit:SprayPray+1"],"picked":"SKIP","floor":37}],"player_experience":347647,"relics_obtained":[{"floor":6.0,"key":"Toy Ornithopter"},{"floor":9.0,"key":"Meat on the Bone"},{"floor":10.0,"key":"Question Card"},{"floor":24.0,"key":"Enchiridion"},{"floor":26.0,"key":"Bag of Marbles"}],"event_choices":[{"damage_healed":0.0,"max_hp_gain":0.0,"max_hp_loss":0.0,"gold_gain":0.0,"event_name":"Living Wall","player_choice":"Grow","floor":8.0,"gold_loss":0.0,"damage_taken":0.0,"cards_upgraded":["hermit:Headshot"]},{"damage_healed":0.0,"max_hp_gain":0.0,"max_hp_loss":0.0,"gold_gain":0.0,"event_name":"Scrap Ooze","player_choice":"Success","floor":12.0,"gold_loss":0.0,"damage_taken":3.0,"relics_obtained":["Pen Nib"]},{"damage_healed":0.0,"max_hp_gain":0.0,"max_hp_loss":0.0,"gold_gain":0.0,"event_name":"Drug Dealer","player_choice":"Inject Mutagens","floor":20.0,"gold_loss":0.0,"damage_taken":0.0,"relics_obtained":["MutagenicStrength"]},{"damage_healed":0.0,"max_hp_gain":0.0,"max_hp_loss":0.0,"gold_gain":0.0,"event_name":"Cursed Tome","player_choice":"Obtained Book","floor":24.0,"gold_loss":0.0,"damage_taken":16.0}],"is_beta":false,"boss_relics":[{"not_picked":["Ectoplasm","Runic Dome"],"picked":"Empty Cage"},{"not_picked":["Runic Pyramid","Black Star"],"picked":"Busted Crown"}],"items_purged_floors":[19],"is_endless":false,"potions_floor_spawned":[3,4,6,10,14,22,29,30,36],"killed_by":"Jaw Worm Horde","ascension_level":0}}