{"host":"er8s5flrc5z1a07t","time":1609379150,"event":{"mods":["2.2 Compatiblity","Act Like it!","Bard","BaseMod","Better Note","Better Third Choice","Downfall","Duelist Mod","Elementarium","Energized Spire","GifTheSpireLib","Hermit","Hubris","Infinite Spire","Minty Spire (QoL Compilation)","Relic Stats","Replay The Spire","Shop Mod","StSLib","Stuff the Spire","Synergy Search","The Cursed","The Disciple","The Mystic"],"gold_per_floor":[99,99,99,99,99,99,99,124,124,124,124,139,139,154,174,275,275,275,275,275,275,275,289,314,333,349,367,393,393,102,137,152,248,248,248,259,359,167,180,12,39,87,87,113,113,179,179,190,210,210,210,210],"floor_reached":50,"playtime":3413,"items_purged":["Regret","champ:Strike","champ:Strike","champ:Strike","champ:Strike+1"],"score":579,"play_id":"70667b4e-fee0-4bf4-85b7-67c43256985c","local_time":"20201230204550","is_ascension_mode":false,"campfire_choices":[{"data":"champ:Taunt","floor":1,"key":"SMITH"},{"data":"champ:TornadoPunch","floor":6,"key":"SMITH"},{"data":"champ:DefensiveStyle","floor":9,"key":"SMITH"},{"data":"champ:FlashCut","floor":13,"key":"SMITH"},{"data":"champ:Duel","floor":35,"key":"SMITH"},{"data":"sneckomod:Unknown","floor":43,"key":"SMITH"},{"data":"champ:FalseCounter","floor":47,"key":"SMITH"}],"circlet_count":0,"master_deck":["champ:Defend","champ:Defend","champ:Defend","champ:Defend","champ:Execute+1","champ:Taunt+1","champ:DefensiveStyle+1","champ:TornadoPunch+1","champ:Haymaker","champ:SkillfulDodge","champ:FlashCut+1","champ:VampiricStrike","champ:BerserkersShout+1","champ:LastStand","champ:Duel+1","sneckomod:Unknown+1","champ:CalledShot+1","champ:Riposte","champ:FanOfKnives+1","champ:AdrenalArmor+1","champ:CheapShot","champ:GladiatorsShout+1","champ:PreciseThrust","champ:ViciousMockery+1","champ:IronFortress","champ:CrookedStrike+1","champ:FalseCounter+1","champ:ShieldThrow"],"relics":["champ:ChampionCrown","downfall:HeartsMalice","StuffTheSpire:RedRose","HornCleat","Bottled Tornado","hubris:Backtick","StuffTheSpire:Experiment12","Snack Pack","ReplayTheSpireMod:TigerMarble","energizedSpire:DeadBattery","StuffTheSpire:GrapeVine","Whetstone","Replay:Wax Seal","Oddly Smooth Stone","Replay:Bottled Steam","Busted Crown","downfall:GremlinWheel","War Paint","Gremlin Food","Replay:Towering Pillar of Hats","hubris:TenFootPole","Ornamental Fan","infinitespire:Cupcake","StuffTheSpire:BottledEssence"],"acts_visited":["Exordium","TheCity","TheBeyond"],"potions_floor_usage":[16,28,28,42,48,50],"damage_taken":[{"damage":0,"enemies":"Small Slimes","floor":2,"turns":1},{"damage":0,"enemies":"2 Louse","floor":5,"turns":1},{"damage":0,"enemies":"Gremlin Nob","floor":8,"turns":1},{"damage":8,"enemies":"Cultist","floor":12,"turns":3},{"damage":9,"enemies":"Lots of Slimes","floor":14,"turns":2},{"damage":0,"enemies":"3 Louse","floor":15,"turns":2},{"damage":76,"enemies":"downfall:Watcher","floor":16,"turns":9},{"damage":15,"enemies":"Chosen","floor":23,"turns":3},{"damage":6,"enemies":"Centurion and Healer","floor":25,"turns":7},{"damage":9,"enemies":"Shelled Parasite and Fungi","floor":26,"turns":5},{"damage":9,"enemies":"Snake Plant","floor":27,"turns":4},{"damage":38,"enemies":"Gremlin Leader","floor":28,"turns":9},{"damage":3,"enemies":"downfall:FleeingMerchant","floor":30,"turns":5},{"damage":10,"enemies":"theDuelist:KaibaA2","floor":31,"turns":5},{"damage":10,"enemies":"3 Cultists","floor":32,"turns":5},{"damage":87,"enemies":"downfall:Ironclad","floor":33,"turns":10},{"damage":18,"enemies":"3 Darklings","floor":36,"turns":5},{"damage":16,"enemies":"3 Darklings","floor":37,"turns":3},{"damage":6,"enemies":"downfall:FleeingMerchant","floor":38,"turns":4},{"damage":10,"enemies":"Orb Walker","floor":39,"turns":4},{"damage":12,"enemies":"downfall:FleeingMerchant","floor":40,"turns":5},{"damage":48,"enemies":"2 Orb Walkers","floor":42,"turns":7},{"damage":17,"enemies":"Nightmare","floor":44,"turns":9},{"damage":11,"enemies":"downfall:FleeingMerchant","floor":46,"turns":4},{"damage":1,"enemies":"4 Shapes","floor":48,"turns":2},{"damage":21,"enemies":"Jaw Worm Horde","floor":49,"turns":4},{"damage":130,"enemies":"downfall:Silent","floor":50,"turns":6}],"seed_played":"-1714935638380294534","potions_obtained":[{"floor":8,"key":"Energy Potion"},{"floor":15,"key":"champ:CounterPotion"},{"floor":18,"key":"CultistPotion"},{"floor":23,"key":"SteroidPotion"},{"floor":25,"key":"Swift Potion"},{"floor":33,"key":"Dexterity Potion"},{"floor":36,"key":"SkillPotion"},{"floor":42,"key":"Toxic Potion"},{"floor":49,"key":"DistilledChaos"}],"is_trial":false,"path_per_floor":["R","M","?","?","M","R","T","E","R","?","?","M","R","M","M","B",null,"R","?","T","AVR","?","M","T","M","M","M","E","?","$","E","M","B",null,"R","M","?","$","M","$","T","?","R","NM","AVR","$","R","M","M","B"],"character_chosen":"THE_CHAMP","items_purchased":["Replay:Wax Seal","Oddly Smooth Stone","champ:IronFortress","War Paint","StuffTheSpire:BottledEssence"],"campfire_rested":0,"item_purchase_floors":[30,30,38,40,46],"current_hp_per_floor":[90,90,95,95,95,95,95,95,95,95,90,87,87,78,78,24,95,95,95,95,95,95,95,95,95,95,95,80,80,95,91,95,45,95,95,95,95,95,95,91,91,64,64,80,80,90,95,95,89,0,0,0],"gold":210,"neow_bonus":"THREE_ENEMY_KILL","is_daily":false,"chose_seed":false,"campfire_upgraded":7,"win_rate":0.0,"timestamp":1609379150,"path_taken":["R","M","?","?","M","R","T","E","R","?","?","?","R","?","M","BOSS","R","?","?","AVR","?","M","T","M","?","M","E","?","$","E","M","BOSS","R","M","?","$","?","$","T","?","R","NM","AVR","?","R","?","M","BOSS"],"items_purchased_type":["Relic","Relic","Card","Relic","Relic"],"build_version":"2020-12-22","purchased_purges":5,"victory":false,"max_hp_per_floor":[90,90,95,95,95,95,95,95,95,95,95,95,95,95,95,95,95,95,95,95,95,95,95,95,95,95,95,95,95,95,95,95,95,95,95,95,95,95,95,95,95,95,95,95,95,95,95,95,95,95,95,95],"relic_stats":{"Busted Crown":22,"counters":[27,120],"Ornamental Fan":[28],"Whetstone":["champ:Execute","champ:Strike"],"War Paint":["champ:AdrenalArmor","champ:BerserkersShout"],"obtain_stats":[{"Gremlin Food":41,"Replay:Towering Pillar of Hats":42,"Oddly Smooth Stone":30,"champ:ChampionCrown":0,"downfall:HeartsMalice":0,"StuffTheSpire:BottledEssence":46,"StuffTheSpire:GrapeVine":24,"Whetstone":28,"Bottled Tornado":8,"War Paint":40,"energizedSpire:DeadBattery":21,"StuffTheSpire:Experiment12":17,"HornCleat":7,"hubris:Backtick":17,"Busted Crown":34,"downfall:GremlinWheel":37,"Ornamental Fan":45,"Snack Pack":20,"ReplayTheSpireMod:TigerMarble":21,"hubris:TenFootPole":44,"StuffTheSpire:RedRose":4,"Replay:Wax Seal":30,"Replay:Bottled Steam":31,"infinitespire:Cupcake":45},{"Gremlin Food":21,"Replay:Towering Pillar of Hats":22,"Oddly Smooth Stone":13,"champ:ChampionCrown":0,"downfall:HeartsMalice":0,"StuffTheSpire:BottledEssence":24,"StuffTheSpire:GrapeVine":8,"Whetstone":12,"Bottled Tornado":3,"War Paint":21,"energizedSpire:DeadBattery":7,"StuffTheSpire:Experiment12":7,"HornCleat":2,"hubris:Backtick":7,"Busted Crown":16,"downfall:GremlinWheel":18,"Ornamental Fan":23,"Snack Pack":7,"ReplayTheSpireMod:TigerMarble":7,"hubris:TenFootPole":23,"StuffTheSpire:RedRose":1,"Replay:Wax Seal":13,"Replay:Bottled Steam":14,"infinitespire:Cupcake":23},{"Gremlin Food":90,"Replay:Towering Pillar of Hats":97,"Oddly Smooth Stone":49,"champ:ChampionCrown":0,"downfall:HeartsMalice":0,"StuffTheSpire:BottledEssence":109,"StuffTheSpire:GrapeVine":19,"Whetstone":44,"Bottled Tornado":0,"War Paint":90,"energizedSpire:DeadBattery":16,"StuffTheSpire:Experiment12":16,"HornCleat":0,"hubris:Backtick":16,"Busted Crown":69,"downfall:GremlinWheel":77,"Ornamental Fan":105,"Snack Pack":16,"ReplayTheSpireMod:TigerMarble":16,"hubris:TenFootPole":105,"StuffTheSpire:RedRose":0,"Replay:Wax Seal":49,"Replay:Bottled Steam":54,"infinitespire:Cupcake":105}]},"card_choices":[{"not_picked":["champ:Haymaker","champ:FocusedBerserking"],"picked":"champ:DefensiveStyle","floor":2},{"not_picked":["champ:Circumvent","champ:BerserkerStyle"],"picked":"champ:TornadoPunch","floor":5},{"not_picked":["champ:Backstep","champ:AdrenalArmor"],"picked":"champ:Haymaker","floor":8},{"not_picked":["champ:Encircle","champ:AdrenalArmor"],"picked":"champ:FlashCut","floor":12},{"not_picked":["champ:Backstep","champ:GladiatorsShout"],"picked":"champ:VampiricStrike","floor":14},{"not_picked":["champ:FocusedGladiator","champ:GutPunch"],"picked":"champ:BerserkersShout","floor":15},{"not_picked":["champ:HeavySlash","champ:SteelEdge"],"picked":"champ:LastStand","floor":16},{"not_picked":["champ:Duel","champ:FocusedDefense+1"],"picked":"champ:CalledShot+1","floor":23},{"not_picked":["champ:GutPunch","champ:CalledShot"],"picked":"champ:Riposte","floor":25},{"not_picked":["champ:HeartStrike","champ:PerfectedStrike"],"picked":"champ:FanOfKnives+1","floor":26},{"not_picked":["champ:TornadoPunch+1","champ:FocusedDefense"],"picked":"champ:AdrenalArmor","floor":27},{"not_picked":["champ:GutPunch","champ:BringItOn"],"picked":"champ:CheapShot","floor":28},{"not_picked":["champ:StanceDance","champ:DefensiveShout"],"picked":"champ:GladiatorsShout+1","floor":30},{"not_picked":["champ:TornadoPunch+1","champ:Haymaker"],"picked":"champ:PreciseThrust","floor":31},{"not_picked":["champ:FaceSlap+1","champ:AdrenalArmor","champ:Haymaker"],"picked":"SKIP","floor":32},{"not_picked":["champ:Shatter"],"picked":"SKIP","floor":36},{"not_picked":[],"picked":"champ:ViciousMockery+1","floor":38},{"not_picked":["champ:DefensiveShout"],"picked":"SKIP","floor":39},{"not_picked":["champ:Haymaker"],"picked":"SKIP","floor":40},{"not_picked":[],"picked":"champ:CrookedStrike+1","floor":42},{"not_picked":["champ:FocusedBerserking"],"picked":"SKIP","floor":44},{"not_picked":[],"picked":"champ:FalseCounter","floor":46},{"not_picked":["champ:FightOn"],"picked":"SKIP","floor":48},{"not_picked":[],"picked":"champ:ShieldThrow","floor":49}],"player_experience":1193277,"relics_obtained":[{"floor":7,"key":"HornCleat"},{"floor":8,"key":"Bottled Tornado"},{"floor":20,"key":"Snack Pack"},{"floor":24,"key":"StuffTheSpire:GrapeVine"},{"floor":28,"key":"Whetstone"},{"floor":31,"key":"Replay:Bottled Steam"},{"floor":37,"key":"downfall:GremlinWheel"},{"floor":41,"key":"Gremlin Food"},{"floor":42,"key":"Replay:Towering Pillar of Hats"},{"floor":44,"key":"hubris:TenFootPole"}],"event_choices":[{"damage_healed":0,"gold_gain":0,"player_choice":"Donut","damage_taken":0,"max_hp_gain":5,"max_hp_loss":0,"event_name":"Big Fish","floor":3,"gold_loss":0},{"cards_removed":["champ:VampiricStrike"],"damage_healed":0,"gold_gain":0,"player_choice":"Take \u0026 Give","damage_taken":0,"max_hp_gain":0,"max_hp_loss":0,"event_name":"betterNote:BetterNote","floor":22,"gold_loss":0,"cards_obtained":["sneckomod:Unknown"]},{"damage_healed":0,"gold_gain":0,"player_choice":"Ignored","damage_taken":0,"max_hp_gain":0,"max_hp_loss":0,"event_name":"Ghosts","floor":29,"gold_loss":0},{"damage_healed":0,"gold_gain":0,"player_choice":"Fight","damage_taken":0,"max_hp_gain":0,"max_hp_loss":0,"event_name":"Mysterious Sphere","floor":42,"gold_loss":0},{"damage_healed":5,"gold_gain":0,"player_choice":"Full Heal","damage_taken":0,"max_hp_gain":0,"max_hp_loss":0,"event_name":"Wheel of Change","floor":47,"gold_loss":0}],"is_beta":false,"boss_relics":[{"not_picked":["Painkiller Herb","hubris:RunicObelisk"],"picked":"hubris:Backtick"},{"not_picked":["Fusion Hammer","Cursed Key"],"picked":"Busted Crown"}],"items_purged_floors":[21,30,38,45,46],"is_endless":true,"potions_floor_spawned":[8,15,23,25,26,33,36,39,42,49],"killed_by":"downfall:Silent","ascension_level":0}}