{"host":"r7lw16gtaifltel5","time":1609413619,"event":{"mods":["Arknights The Spire","BaseMod","Hermit","Koishi","Minty Spire (QoL Compilation)","Replay The Spire","StSLib","The Bug Knight","The Cursed","The Gatherer","The Hierophant","The Jungle"],"gold_per_floor":[119,130,150,150,161,161,161,161,173,193,219,233,262,262,276,276,276,276,276],"floor_reached":18,"playtime":1929,"items_purged":[],"score":116,"play_id":"107b4734-9f5b-46d2-9f36-e155cb8ef037","local_time":"20201231202019","is_ascension_mode":false,"campfire_choices":[{"data":"Koishi:RacingHeart","floor":8,"key":"SMITH"},{"data":"Koishi:FreudianInstinct","floor":14,"key":"SMITH"},{"floor":17,"key":"DIG"}],"circlet_count":0,"master_deck":["Koishi:BasicStrike","Koishi:BasicStrike","Koishi:BasicStrike","Koishi:BasicStrike","Koishi:BasicDefend","Koishi:BasicDefend","Koishi:BasicDefend","Koishi:BasicDefend","Koishi:Provoke","Koishi:HauntingSlash","Koishi:JumpScare","Koishi:Jaunt","Koishi:RacingHeart+1","Amnesia","Koishi:UnansweredLove","Koishi:Untouchable","Koishi:FreudianInstinct+1","Koishi:FadingMemory","Koishi:IdleWhim","Koishi:DreadfulBlow","Pot Of Greed","Pot Of Greed"],"relics":["Koishi:ImaginaryFriend","Ring of Hypnosis","Ring of Peace","Centennial Puzzle","ats:Originium","Simple Rune","Bag of Marbles","Grinning Jar"],"acts_visited":["Exordium"],"potions_floor_usage":[9,18],"damage_taken":[{"damage":6,"enemies":"Jaw Worm","floor":1,"turns":6},{"damage":8,"enemies":"2 Louse","floor":2,"turns":4},{"damage":7,"enemies":"Small Slimes","floor":3,"turns":4},{"damage":7,"enemies":"Red Slaver","floor":5,"turns":6},{"damage":0,"enemies":"Large Slime","floor":9,"turns":5},{"damage":5,"enemies":"Blue Slaver","floor":10,"turns":5},{"damage":0,"enemies":"2 Fungi Beasts","floor":12,"turns":5},{"damage":7,"enemies":"Replay:BlueRogue","floor":13,"turns":7},{"damage":0,"enemies":"3 Louse","floor":15,"turns":6},{"damage":48,"enemies":"Slime Boss","floor":18,"turns":13}],"seed_played":"-5924541255700949543","potions_obtained":[{"floor":1,"key":"Swift Potion"},{"floor":5,"key":"SteroidPotion"}],"is_trial":false,"path_per_floor":["M","M","M","?","M","PTL","PTL","R","M","M","T","M","E","R","M","?","R","B"],"character_chosen":"KOISHI","items_purchased":[],"campfire_rested":0,"item_purchase_floors":[],"current_hp_per_floor":[62,57,54,54,55,55,55,55,65,66,66,66,66,66,66,48,48,3,3],"gold":276,"neow_bonus":"TEN_PERCENT_HP_BONUS","is_daily":false,"chose_seed":false,"campfire_upgraded":2,"win_rate":0.0,"timestamp":1609413619,"path_taken":["M","M","M","?","M","PTL","PTL","R","M","M","T","M","E","R","M","?","R","BOSS"],"items_purchased_type":[],"build_version":"2020-12-22","purchased_purges":0,"victory":false,"max_hp_per_floor":[66,66,66,66,66,66,66,66,66,66,66,66,66,66,66,66,66,66,66],"card_choices":[{"not_picked":["Koishi:Possession","Koishi:SpiritedAway"],"picked":"Koishi:JumpScare","floor":1},{"not_picked":["Koishi:JumpScare","Koishi:ReflexRadar"],"picked":"Koishi:Jaunt","floor":2},{"not_picked":["Koishi:UnconsciousUrges","Koishi:EmbryosDream"],"picked":"Koishi:RacingHeart","floor":3},{"not_picked":["Koishi:SubconsciousSweep","Koishi:SubterraneanRose"],"picked":"Koishi:UnansweredLove","floor":5},{"not_picked":["Koishi:JumpScare","Koishi:VengefulSpirit"],"picked":"Koishi:Untouchable","floor":9},{"not_picked":["Koishi:UnseenTerror","Koishi:Jaunt"],"picked":"Koishi:FreudianInstinct","floor":10},{"not_picked":["Koishi:GhostParty","Koishi:SubconsciousSweep"],"picked":"Koishi:FadingMemory","floor":12},{"not_picked":["Koishi:SuperEgo","Koishi:Prune"],"picked":"Koishi:IdleWhim","floor":13},{"not_picked":["Koishi:SpiritedAway","Koishi:TraumaticStroke"],"picked":"Koishi:DreadfulBlow","floor":15}],"player_experience":23673,"relics_obtained":[{"floor":4,"key":"Ring of Hypnosis"},{"floor":4,"key":"Ring of Peace"},{"floor":11,"key":"Centennial Puzzle"},{"floor":13,"key":"ats:Originium"},{"floor":13,"key":"Simple Rune"},{"floor":17,"key":"Grinning Jar"}],"event_choices":[{"damage_healed":0,"gold_gain":0,"player_choice":"Success","damage_taken":18,"relics_obtained":["Bag of Marbles"],"max_hp_gain":0,"max_hp_loss":0,"event_name":"Scrap Ooze","floor":16,"gold_loss":0}],"is_beta":false,"boss_relics":[],"items_purged_floors":[],"is_endless":false,"potions_floor_spawned":[1,5],"killed_by":"Slime Boss","ascension_level":0}}