{"host":"1bmpebsu0h6jmm2g","time":1609391116,"event":{"mods":["BaseMod","Colored Map","Highlight Path","Keyboard Shortcuts","Minty Spire (QoL Compilation)","Permanent Neow","Quick Restart","Relic Stats","Slay the Relics Exporter","StSLib","SuperFastMode"],"gold_per_floor":[19,29,42,60,135,135,148,73,99,99,18,35,63,63,63,63,63],"floor_reached":16,"playtime":376,"items_purged":["Strike_G"],"score":204,"play_id":"eb9ead99-3164-4352-aad2-d1f2f92052f5","local_time":"20201231140516","is_ascension_mode":true,"campfire_choices":[{"data":"Predator","floor":6.0,"key":"SMITH"},{"data":"Underhanded Strike","floor":10.0,"key":"SMITH"},{"data":"Eviscerate","floor":15.0,"key":"SMITH"}],"circlet_count":0,"master_deck":["AscendersBane","Strike_G","Strike_G","Strike_G","Defend_G","Defend_G","Defend_G","Defend_G","Defend_G","Survivor","Neutralize","Master of Strategy","Predator+1","Acrobatics","Underhanded Strike+1","Calculated Gamble","Eviscerate+1"],"relics":["Ring of the Snake","Boot","Bag of Preparation"],"acts_visited":["Exordium"],"potions_floor_usage":[16,16],"damage_taken":[{"damage":0.0,"enemies":"Cultist","floor":1.0,"turns":4.0},{"damage":3.0,"enemies":"Small Slimes","floor":2.0,"turns":5.0},{"damage":0.0,"enemies":"Jaw Worm","floor":3.0,"turns":4.0},{"damage":14.0,"enemies":"Gremlin Gang","floor":4.0,"turns":7.0},{"damage":1.0,"enemies":"Looter","floor":7.0,"turns":3.0},{"damage":0.0,"enemies":"3 Louse","floor":12.0,"turns":2.0},{"damage":27.0,"enemies":"Lagavulin","floor":13.0,"turns":5.0},{"damage":6,"enemies":"Hexaghost","floor":16,"turns":8}],"seed_played":"-9040964668483470430","potions_obtained":[{"floor":1.0,"key":"DistilledChaos"},{"floor":2.0,"key":"LiquidBronze"},{"floor":4.0,"key":"SpeedPotion"}],"is_trial":false,"path_per_floor":["M","M","M","M","?","R","M","$","T","R","$","M","E","?","R","B"],"character_chosen":"THE_SILENT","items_purchased":["Calculated Gamble"],"campfire_rested":0,"item_purchase_floors":[11],"current_hp_per_floor":[59,56,56,42,31,31,30,30,30,30,30,30,3,3,3,0,0],"gold":63,"neow_bonus":"RANDOM_COLORLESS_2","is_daily":false,"chose_seed":false,"campfire_upgraded":3,"win_rate":0.0,"timestamp":1609391116,"path_taken":["M","M","M","M","?","R","M","$","T","R","$","M","E","?","R","BOSS"],"items_purchased_type":["Card"],"build_version":"2020-12-22","purchased_purges":1,"victory":false,"max_hp_per_floor":[66,66,66,66,66,66,66,66,66,66,66,66,66,66,66,66,66],"relic_stats":{"counters":[8,38],"Bag of Preparation":[2],"Boot":[16],"obtain_stats":[{"Bag of Preparation":13,"Boot":9,"Ring of the Snake":0},{"Bag of Preparation":7,"Boot":5,"Ring of the Snake":0},{"Bag of Preparation":30,"Boot":23,"Ring of the Snake":0}],"Ring of the Snake":[16]},"card_choices":[{"not_picked":["Metamorphosis","Secret Technique"],"picked":"Master of Strategy","floor":0.0},{"not_picked":["Finisher","Poisoned Stab"],"picked":"Predator","floor":1.0},{"not_picked":["Flying Knee","Deflect","Caltrops"],"picked":"SKIP","floor":2.0},{"not_picked":["Setup","Prepared","PiercingWail"],"picked":"SKIP","floor":3.0},{"not_picked":["Quick Slash","Calculated Gamble"],"picked":"Acrobatics","floor":4.0},{"not_picked":["Bane","Distraction"],"picked":"Underhanded Strike","floor":7.0},{"not_picked":["Acrobatics","Poisoned Stab"],"picked":"Eviscerate","floor":12.0},{"not_picked":["Heel Hook","Caltrops","Choke"],"picked":"SKIP","floor":13.0}],"player_experience":478120,"relics_obtained":[{"floor":9.0,"key":"Boot"},{"floor":13.0,"key":"Bag of Preparation"}],"event_choices":[{"damage_healed":0.0,"max_hp_gain":0.0,"max_hp_loss":0.0,"gold_gain":75.0,"event_name":"World of Goop","player_choice":"Gather Gold","floor":5.0,"gold_loss":0.0,"damage_taken":11.0},{"cards_removed":["Strike_G"],"damage_healed":0.0,"max_hp_gain":0.0,"max_hp_loss":0.0,"gold_gain":0.0,"event_name":"Living Wall","player_choice":"Forget","floor":14.0,"gold_loss":0.0,"damage_taken":0.0}],"is_beta":false,"boss_relics":[],"items_purged_floors":[8],"is_endless":false,"potions_floor_spawned":[1,2,4],"killed_by":"Hexaghost","ascension_level":20}}