{"host":"Krakhan","time":1609417326,"event":{"mods":["AchievementEnabler","BaseMod","Colored Map","Colored Powertips","Faster Ascension Climbing","Highlight Path","Minty Spire (QoL Compilation)","Rare Cards Sparkle","Relic Stats","StSLib"],"gold_per_floor":[110,125,50,65,65,65,93,104,104,123,123,133,147,178,178,256,256,274,30,44,44,44,79,92,41,41,41,75,75,75,101,101,179,179,195,220,266,278,290,316,316,62,62,62,94,112,137,137,137,137,137,137,137,5,40,40],"floor_reached":57,"playtime":9325,"items_purged":["Strike_P"],"score":2766,"play_id":"a455aeed-17c3-4e4b-8b63-06f39923a4fd","local_time":"20201231072206","is_ascension_mode":true,"campfire_choices":[{"data":"CutThroughFate","floor":6.0,"key":"SMITH"},{"floor":11.0,"key":"REST"},{"floor":15.0,"key":"REST"},{"floor":27.0,"key":"REST"},{"data":"TalkToTheHand","floor":30.0,"key":"SMITH"},{"data":"SpiritShield","floor":32.0,"key":"SMITH"},{"floor":41.0,"key":"RECALL"},{"data":"Omniscience","floor":44.0,"key":"SMITH"},{"data":"Eruption","floor":49.0,"key":"SMITH"},{"floor":53.0,"key":"DIG"}],"circlet_count":0,"master_deck":["AscendersBane","Strike_P","Strike_P","Defend_P","Defend_P","Eruption+1","Vigilance","Wireheading","CutThroughFate+1","FlyingSleeves","FlurryOfBlows","EmptyFist","Halt","DeceiveReality","Vault","Halt+1","RitualDagger","ThirdEye+1","TalkToTheHand+1","BowlingBash","LikeWater","Omniscience+1","ClearTheMind","FearNoEvil","MentalFortress+1","TalkToTheHand","CutThroughFate+1","Blasphemy","TalkToTheHand+1","EmptyMind+1"],"relics":["Runic Pyramid","Darkstone Periapt","InkBottle","Toy Ornithopter","Cursed Key","PreservedInsect","Vajra","Happy Flower","Anchor","Empty Cage","Ice Cream","Calipers","Juzu Bracelet","Omamori","Molten Egg 2","Shovel","Bottled Flame","Boot"],"acts_visited":["Exordium","TheCity","TheBeyond","TheEnding"],"potions_floor_usage":[56,56],"damage_taken":[{"damage":7.0,"enemies":"Jaw Worm","floor":1.0,"turns":4.0},{"damage":7.0,"enemies":"2 Louse","floor":2.0,"turns":3.0},{"damage":0.0,"enemies":"Cultist","floor":4.0,"turns":3.0},{"damage":43.0,"enemies":"Gremlin Nob","floor":7.0,"turns":6.0},{"damage":0.0,"enemies":"2 Fungi Beasts","floor":8.0,"turns":3.0},{"damage":1.0,"enemies":"Exordium Wildlife","floor":10.0,"turns":2.0},{"damage":6.0,"enemies":"Looter","floor":12.0,"turns":3.0},{"damage":14.0,"enemies":"3 Louse","floor":13.0,"turns":3.0},{"damage":1.0,"enemies":"Lagavulin","floor":14.0,"turns":6.0},{"damage":20.0,"enemies":"Hexaghost","floor":16.0,"turns":9.0},{"damage":4.0,"enemies":"3 Byrds","floor":18.0,"turns":7.0},{"damage":0.0,"enemies":"Spheric Guardian","floor":20.0,"turns":4.0},{"damage":20.0,"enemies":"Slavers","floor":23.0,"turns":6.0},{"damage":0.0,"enemies":"Centurion and Healer","floor":24.0,"turns":4.0},{"damage":3.0,"enemies":"Book of Stabbing","floor":28.0,"turns":5.0},{"damage":20.0,"enemies":"Slavers","floor":31.0,"turns":5.0},{"damage":8.0,"enemies":"Automaton","floor":33.0,"turns":12.0},{"damage":0.0,"enemies":"Orb Walker","floor":35.0,"turns":5.0},{"damage":0.0,"enemies":"Mind Bloom Boss Battle","floor":36.0,"turns":9.0},{"damage":4.0,"enemies":"2 Orb Walkers","floor":37.0,"turns":3.0},{"damage":4.0,"enemies":"3 Darklings","floor":38.0,"turns":7.0},{"damage":0.0,"enemies":"Writhing Mass","floor":39.0,"turns":8.0},{"damage":1.0,"enemies":"Giant Head","floor":40.0,"turns":9.0},{"damage":2.0,"enemies":"Nemesis","floor":45.0,"turns":3.0},{"damage":0.0,"enemies":"Transient","floor":46.0,"turns":6.0},{"damage":1.0,"enemies":"Giant Head","floor":47.0,"turns":7.0},{"damage":39.0,"enemies":"Awakened One","floor":50.0,"turns":17.0},{"damage":7.0,"enemies":"Time Eater","floor":51.0,"turns":10.0},{"damage":27.0,"enemies":"Shield and Spear","floor":55.0,"turns":6.0},{"damage":7,"enemies":"The Heart","floor":56,"turns":13}],"seed_played":"4807533186212805549","potions_obtained":[{"floor":4.0,"key":"LiquidBronze"},{"floor":7.0,"key":"Dexterity Potion"},{"floor":14.0,"key":"StancePotion"},{"floor":16.0,"key":"SpeedPotion"},{"floor":24.0,"key":"Fire Potion"},{"floor":31.0,"key":"GamblersBrew"},{"floor":33.0,"key":"FearPotion"},{"floor":37.0,"key":"LiquidBronze"}],"is_trial":false,"path_per_floor":["M","M","?","M","?","R","E","M","T","M","R","M","M","E","R","B",null,"M","$","M","?","?","E","M","$","T","R","E","T","R","E","R","B",null,"M","?","?","M","M","E","R","$","T","R","E","M","E","?","R","B","B",null,"R","$","E","B",null],"character_chosen":"WATCHER","items_purchased":["PreservedInsect","BowlingBash","TalkToTheHand","Omamori","TalkToTheHand+1","PowerPotion"],"campfire_rested":3,"item_purchase_floors":[19,25,42,42,54,54],"current_hp_per_floor":[54,47,47,47,47,47,4,4,4,3,23,17,3,2,22,7,53,49,49,49,43,43,23,28,28,28,48,50,50,50,30,30,27,58,58,58,59,55,55,54,54,54,54,54,52,52,51,51,51,12,5,52,52,52,25,28],"gold":40,"neow_bonus":"BOSS_RELIC","is_daily":false,"chose_seed":false,"campfire_upgraded":5,"win_rate":0.0,"timestamp":1609417326,"path_taken":["M","M","?","M","?","R","E","?","T","M","R","M","M","E","R","BOSS","M","$","M","?","?","E","M","?","T","R","E","?","R","E","R","BOSS","M","?","?","M","M","E","R","$","T","R","E","M","E","?","R","BOSS","BOSS","R","$","E","BOSS"],"items_purchased_type":["Relic","Card","Card","Relic","Card","Potion"],"build_version":"2020-12-18","purchased_purges":1,"victory":true,"max_hp_per_floor":[68,68,68,68,68,68,68,68,68,68,68,68,68,68,68,68,68,68,68,68,68,68,68,68,68,68,68,68,68,68,68,68,68,68,68,68,68,68,68,68,68,68,68,68,68,68,68,68,68,68,68,68,68,68,68,68],"relic_stats":{"Darkstone Periapt":0,"Shovel":1,"Happy Flower":[40],"counters":[30,188],"PreservedInsect":521,"Juzu Bracelet":0,"Cursed Key":1,"Boot":[7],"obtain_stats":[{"Darkstone Periapt":7,"Ice Cream":36,"Calipers":37,"Happy Flower":28,"Vajra":23,"PreservedInsect":19,"Juzu Bracelet":40,"Omamori":42,"Cursed Key":17,"Empty Cage":34,"Boot":55,"Anchor":31,"Bottled Flame":53,"Shovel":47,"Molten Egg 2":45,"PureWater":0,"InkBottle":9,"Toy Ornithopter":14,"Runic Pyramid":0},{"Darkstone Periapt":4,"Ice Cream":19,"Calipers":20,"Happy Flower":15,"Vajra":13,"PreservedInsect":11,"Juzu Bracelet":23,"Omamori":23,"Cursed Key":10,"Empty Cage":17,"Boot":29,"Anchor":16,"Bottled Flame":28,"Shovel":26,"Molten Egg 2":24,"PureWater":0,"InkBottle":5,"Toy Ornithopter":9,"Runic Pyramid":0},{"Darkstone Periapt":16,"Ice Cream":99,"Calipers":102,"Happy Flower":68,"Vajra":59,"PreservedInsect":49,"Juzu Bracelet":126,"Omamori":126,"Cursed Key":42,"Empty Cage":85,"Boot":175,"Anchor":73,"Bottled Flame":169,"Shovel":142,"Molten Egg 2":129,"PureWater":0,"InkBottle":19,"Toy Ornithopter":33,"Runic Pyramid":0}],"InkBottle":[81],"Toy Ornithopter":35},"card_choices":[{"not_picked":["FollowUp","Prostrate"],"picked":"Wireheading","floor":1.0},{"not_picked":["Evaluate","Protect"],"picked":"CutThroughFate","floor":2.0},{"not_picked":["JustLucky","Pray","Wish"],"picked":"SKIP","floor":4.0},{"not_picked":["Fasting2","Evaluate"],"picked":"FlyingSleeves","floor":7.0},{"not_picked":["SignatureMove","EmptyMind"],"picked":"FlurryOfBlows","floor":8.0},{"not_picked":["Indignation","LikeWater"],"picked":"EmptyFist","floor":10.0},{"not_picked":["CutThroughFate","JustLucky"],"picked":"Halt","floor":12.0},{"not_picked":["Crescendo","Study"],"picked":"DeceiveReality","floor":13.0},{"not_picked":["PathToVictory","CutThroughFate","Fasting2"],"picked":"SKIP","floor":14.0},{"not_picked":["Brilliance","DevaForm"],"picked":"Vault","floor":16.0},{"not_picked":["Protect","Indignation"],"picked":"Halt+1","floor":18.0},{"not_picked":["DeceiveReality","EmptyMind","Fasting2"],"picked":"SKIP","floor":20.0},{"not_picked":["EmptyBody","SashWhip"],"picked":"ThirdEye+1","floor":23.0},{"not_picked":["CrushJoints","SashWhip"],"picked":"TalkToTheHand","floor":24.0},{"not_picked":["Prostrate","SandsOfTime","Indignation+1"],"picked":"SKIP","floor":28.0},{"not_picked":["Consecrate","WindmillStrike"],"picked":"LikeWater","floor":31.0},{"not_picked":["Brilliance","Scrawl"],"picked":"Omniscience","floor":33.0},{"not_picked":["ThirdEye","PathToVictory","WreathOfFlame"],"picked":"SKIP","floor":35.0},{"not_picked":["Consecrate","FlyingSleeves"],"picked":"ClearTheMind","floor":37.0},{"not_picked":["Conclude+1","EmptyFist","CutThroughFate"],"picked":"SKIP","floor":38.0},{"not_picked":["Prostrate","JustLucky"],"picked":"FearNoEvil","floor":39.0},{"not_picked":["Pray","FollowUp+1"],"picked":"MentalFortress+1","floor":40.0},{"not_picked":["Brilliance+1","ForeignInfluence","Adaptation"],"picked":"SKIP","floor":45.0},{"not_picked":["CarveReality+1","Halt"],"picked":"CutThroughFate+1","floor":46.0},{"not_picked":["Halt","Wallop+1"],"picked":"Blasphemy","floor":47.0},{"not_picked":["CarveReality+1","Worship"],"picked":"EmptyMind+1","floor":55.0}],"player_experience":1260445,"relics_obtained":[{"floor":7.0,"key":"Darkstone Periapt"},{"floor":9.0,"key":"InkBottle"},{"floor":14.0,"key":"Toy Ornithopter"},{"floor":23.0,"key":"Vajra"},{"floor":28.0,"key":"Happy Flower"},{"floor":31.0,"key":"Anchor"},{"floor":36.0,"key":"Ice Cream"},{"floor":37.0,"key":"Calipers"},{"floor":40.0,"key":"Juzu Bracelet"},{"floor":45.0,"key":"Molten Egg 2"},{"floor":47.0,"key":"Shovel"},{"floor":53.0,"key":"Bottled Flame"},{"floor":55.0,"key":"Boot"}],"event_choices":[{"cards_removed":["Defend_P"],"damage_healed":0.0,"max_hp_gain":0.0,"max_hp_loss":0.0,"gold_gain":0.0,"event_name":"The Cleric","player_choice":"Card Removal","floor":3.0,"gold_loss":75.0,"damage_taken":0.0},{"damage_healed":0.0,"max_hp_gain":0.0,"max_hp_loss":0.0,"gold_gain":0.0,"event_name":"Match and Keep!","player_choice":"1 cards matched","floor":5.0,"gold_loss":0.0,"damage_taken":0.0,"cards_obtained":["SpiritShield"]},{"damage_healed":0.0,"max_hp_gain":0.0,"max_hp_loss":0.0,"gold_gain":0.0,"event_name":"Nest","player_choice":"Joined the Cult","floor":21.0,"gold_loss":0.0,"damage_taken":6.0,"cards_obtained":["RitualDagger"]},{"damage_healed":0.0,"max_hp_gain":0.0,"max_hp_loss":0.0,"gold_gain":0.0,"event_name":"MindBloom","player_choice":"Fight","floor":36.0,"gold_loss":0.0,"damage_taken":0.0},{"damage_healed":0.0,"max_hp_gain":0.0,"max_hp_loss":0.0,"gold_gain":0.0,"event_name":"Mysterious Sphere","player_choice":"Fight","floor":37.0,"gold_loss":0.0,"damage_taken":0.0},{"cards_removed":["SpiritShield"],"damage_healed":0.0,"max_hp_gain":0.0,"max_hp_loss":0.0,"gold_gain":0.0,"event_name":"Falling","player_choice":"Removed Skill","floor":48.0,"gold_loss":0.0,"damage_taken":0.0}],"is_beta":true,"boss_relics":[{"not_picked":["Philosopher\u0027s Stone","Snecko Eye"],"picked":"Cursed Key"},{"not_picked":["Busted Crown","Calling Bell"],"picked":"Empty Cage"}],"items_purged_floors":[19],"is_endless":false,"potions_floor_spawned":[4,7,14,16,18,24,31,33,37,38,45,46],"ascension_level":20}}