{"host":"7yxt37kap0q16lk4","time":1609448871,"event":{"mods":["2.2 Compatiblity","Act Like it!","BaseMod","Better Third Choice","Better-Laid Plans","Colored Map","Custom Start","Highlight Path","Keyboard Shortcuts","Minty Spire (QoL Compilation)","Quick Restart","Rare Cards Sparkle","Relic Stats","Shop Mod","Slay the Relics Exporter","StSLib","SuperFastMode"],"gold_per_floor":[5116,5041,5051,4583,4583,4616,4616,4274,4274,4274,4300,4355,4371,4406,4406,4406,4406],"floor_reached":16,"playtime":222,"items_purged":["Strike_B","Defend_B"],"score":357,"play_id":"31a15056-7630-4375-80f9-93b93870fa76","local_time":"20210101060751","is_ascension_mode":true,"campfire_choices":[{"data":"Amplify","floor":7,"key":"SMITH"},{"data":"Heatsinks","floor":10,"key":"SMITH"},{"data":"Heatsinks","floor":15,"key":"SMITH"}],"circlet_count":0,"master_deck":["AscendersBane","Strike_B+1","Defend_B","Defend_B","Defend_B","Zap","Dualcast","Ball Lightning+1","Self Repair","Amplify+1","Heatsinks+1","Force Field","Heatsinks+1"],"relics":["Cracked Core","NeowsBlessing","Membership Card","Mummified Hand","Whetstone","Gremlin Horn","Vajra","HandDrill","Happy Flower","Girya","Calipers","Singing Bowl"],"acts_visited":["Exordium"],"potions_floor_usage":[11,12,13],"damage_taken":[{"damage":0,"enemies":"2 Louse","floor":1,"turns":1},{"damage":0,"enemies":"Small Slimes","floor":3,"turns":1},{"damage":0,"enemies":"Lagavulin","floor":6,"turns":1},{"damage":35,"enemies":"3 Sentries","floor":11,"turns":6},{"damage":25,"enemies":"Lagavulin Event","floor":12,"turns":5},{"damage":0,"enemies":"Jaw Worm","floor":13,"turns":2},{"damage":18,"enemies":"Lagavulin","floor":14,"turns":5},{"damage":29,"enemies":"The Guardian","floor":16,"turns":6}],"seed_played":"3940819541355568384","potions_obtained":[{"floor":6,"key":"Strength Potion"},{"floor":11,"key":"BlessingOfTheForge"},{"floor":12,"key":"Regen Potion"},{"floor":13,"key":"SteroidPotion"}],"is_trial":false,"path_per_floor":["M","?","M","$","?","E","R","$","T","R","E","?","M","E","R","B"],"character_chosen":"DEFECT","items_purchased":["Membership Card","Mummified Hand","Whetstone","Self Repair","Vajra","HandDrill","Happy Flower","Heatsinks"],"campfire_rested":0,"item_purchase_floors":[4,4,4,4,8,8,8,8],"current_hp_per_floor":[64,64,64,64,57,57,57,57,57,57,29,14,33,29,29,0,0],"gold":4406,"neow_bonus":"THREE_ENEMY_KILL","is_daily":false,"chose_seed":false,"campfire_upgraded":3,"win_rate":0.0,"timestamp":1609448871,"path_taken":["M","?","M","$","?","E","R","?","T","R","E","?","?","E","R","BOSS"],"items_purchased_type":["Relic","Relic","Relic","Card","Relic","Relic","Relic","Card"],"build_version":"2020-12-22","purchased_purges":2,"victory":false,"max_hp_per_floor":[71,71,71,71,71,71,71,71,71,71,71,71,71,71,71,71,71],"relic_stats":{"Gremlin Horn":[2,2],"Happy Flower":[8],"Singing Bowl":0,"counters":[8,27],"Mummified Hand":[17],"HandDrill":[4],"Whetstone":["Ball Lightning","Strike_B"],"obtain_stats":[{"Girya":11,"Calipers":12,"NeowsBlessing":0,"Gremlin Horn":6,"Happy Flower":8,"Singing Bowl":14,"Mummified Hand":4,"Vajra":8,"HandDrill":8,"Membership Card":4,"Whetstone":4,"Cracked Core":0},{"Girya":4,"Calipers":5,"NeowsBlessing":0,"Gremlin Horn":3,"Happy Flower":3,"Singing Bowl":7,"Mummified Hand":2,"Vajra":3,"HandDrill":3,"Membership Card":2,"Whetstone":2,"Cracked Core":0},{"Girya":9,"Calipers":14,"NeowsBlessing":0,"Gremlin Horn":3,"Happy Flower":3,"Singing Bowl":21,"Mummified Hand":2,"Vajra":3,"HandDrill":3,"Membership Card":2,"Whetstone":2,"Cracked Core":0}]},"card_choices":[{"not_picked":["Cold Snap","Chill"],"picked":"Ball Lightning","floor":1},{"not_picked":["Stack","Darkness","Redo"],"picked":"SKIP","floor":3},{"not_picked":["BootSequence","Gash"],"picked":"Amplify","floor":6},{"not_picked":["Stack","Streamline","Go for the Eyes"],"picked":"SKIP","floor":11},{"not_picked":["Fusion","Reprogram"],"picked":"Force Field","floor":12},{"not_picked":["Go for the Eyes","Hologram","Cold Snap"],"picked":"SKIP","floor":13},{"not_picked":["Go for the Eyes","Auto Shields"],"picked":"Heatsinks","floor":14}],"player_experience":1030890,"relics_obtained":[{"floor":6,"key":"Gremlin Horn"},{"floor":11,"key":"Girya"},{"floor":12,"key":"Calipers"},{"floor":14,"key":"Singing Bowl"}],"event_choices":[{"cards_removed":["Strike_B"],"damage_healed":0,"gold_gain":0,"player_choice":"Card Removal","damage_taken":0,"max_hp_gain":0,"max_hp_loss":0,"event_name":"The Cleric","floor":2,"gold_loss":75},{"cards_removed":["Strike_B"],"damage_healed":0,"gold_gain":0,"player_choice":"Card Removal","damage_taken":7,"max_hp_gain":0,"max_hp_loss":0,"event_name":"Golden Wing","floor":5,"gold_loss":0},{"damage_healed":0,"gold_gain":0,"player_choice":"Searched \u00271\u0027 times","damage_taken":0,"max_hp_gain":0,"max_hp_loss":0,"event_name":"Dead Adventurer","floor":12,"gold_loss":0}],"is_beta":false,"boss_relics":[],"items_purged_floors":[4,8],"is_endless":false,"potions_floor_spawned":[6,11,12,13],"killed_by":"The Guardian","ascension_level":20}}