{"host":"gj3450u0c4def4mj","time":1609423822,"event":{"mods":["2.2 Compatiblity","Act Like it!","BaseMod","Gensokyo","Minty Spire (QoL Compilation)","Permanent Neow","StSLib","The Servant 0.9.4"],"gold_per_floor":[115,129,129,144,161,161,7,7,60,87,87,97,97,126,126,227,227,240,240,259,259,38,54,54,54],"floor_reached":24,"playtime":1449,"items_purged":[],"score":268,"play_id":"74247ace-80fd-4bd3-bd59-9c4b672993bd","local_time":"20201231091022","is_ascension_mode":true,"campfire_choices":[{"data":"SilverBlades","floor":6,"key":"SMITH"},{"data":"Hightail","floor":13,"key":"SMITH"},{"data":"SilverBlades","floor":15,"key":"SMITH"}],"circlet_count":0,"master_deck":["Strike_S","Strike_S","Strike_S","Strike_S","Defend_S","Defend_S","Defend_S","Defend_S","Exchange","Ricochet","Foresight","SilverBlades+1","Luminosity","SilverBlades+1","FlawlessForm","Hightail+1","Foresight","DoubleEdge","MurderousAura+1","Dash","MoonPhase+1","Starlight"],"relics":["Uniform","Gensokyo:Mercy","Meat on the Bone","PreservedInsect","Blue Candle","Frozen Egg 2","Velvet Choker","Membership Card"],"acts_visited":["Gensokyo:Gensokyo","Gensokyo:Gensokyoer"],"potions_floor_usage":[16,23],"damage_taken":[{"damage":1,"enemies":"Gensokyo:2_Kodama","floor":1,"turns":4},{"damage":5,"enemies":"Gensokyo:Gryphon","floor":2,"turns":5},{"damage":3,"enemies":"Gensokyo:Python","floor":4,"turns":5},{"damage":15,"enemies":"Gensokyo:3_Kodama","floor":5,"turns":4},{"damage":24,"enemies":"Gensokyo:Cirno","floor":10,"turns":7},{"damage":8,"enemies":"Gensokyo:LivingMonolith","floor":12,"turns":8},{"damage":13,"enemies":"Gensokyo:Aya","floor":14,"turns":9},{"damage":0,"enemies":"Gensokyo:Reimu","floor":16,"turns":14},{"damage":12,"enemies":"Gensokyo:2_Gloops","floor":18,"turns":5},{"damage":5,"enemies":"Gensokyo:AngelMirror","floor":20,"turns":6},{"damage":34,"enemies":"Gensokyo:Wraith","floor":23,"turns":5},{"damage":31,"enemies":"Gensokyo:Tenshi","floor":24,"turns":1}],"seed_played":"808069725931006568","potions_obtained":[{"floor":1,"key":"ColorlessPotion"},{"floor":12,"key":"SteroidPotion"},{"floor":14,"key":"SpeedPotion"},{"floor":16,"key":"Fruit Juice"},{"floor":23,"key":"Strength Potion"}],"is_trial":false,"path_per_floor":["M","M","?","M","M","R","$","T","T","E","?","M","R","E","R","B",null,"M","?","M","?","$","M","E"],"character_chosen":"THE_SERVANT","items_purchased":["FlawlessForm","Hightail","Membership Card","MoonPhase+1","Starlight"],"campfire_rested":0,"item_purchase_floors":[7,7,22,22,22],"current_hp_per_floor":[64,59,59,56,41,41,41,41,41,29,49,41,41,40,40,40,65,53,53,48,48,48,31,0,0],"gold":54,"neow_bonus":"THREE_CARDS","is_daily":false,"chose_seed":false,"campfire_upgraded":3,"win_rate":0.0,"timestamp":1609423822,"path_taken":["M","M","?","M","M","R","$","?","T","E","?","M","R","E","R","BOSS","M","?","M","?","$","M","E"],"items_purchased_type":["Card","Card","Relic","Card","Card"],"build_version":"2020-12-22","purchased_purges":0,"victory":false,"max_hp_per_floor":[65,65,65,65,65,65,65,65,65,65,65,65,65,65,65,65,65,65,65,65,65,65,70,70,70],"card_choices":[{"not_picked":["Potential","Defy"],"picked":"Ricochet","floor":0},{"not_picked":["StarChef","Starlight"],"picked":"Foresight","floor":1},{"not_picked":["MoonPhase","ReturningBlade"],"picked":"SilverBlades","floor":2},{"not_picked":["Manipulate","Shuttle"],"picked":"Luminosity","floor":4},{"not_picked":["DoubleEdge","BottledTime"],"picked":"SilverBlades","floor":5},{"not_picked":["Reset","ShatteredReality","Potential"],"picked":"SKIP","floor":10},{"not_picked":["ShatteredReality","DualDimension"],"picked":"Foresight","floor":12},{"not_picked":["Defy","Rearm"],"picked":"DoubleEdge","floor":14},{"not_picked":["FloweringNight+1","PendulumOfEternity"],"picked":"MurderousAura+1","floor":16},{"not_picked":["Potential+1","Replace","BottledTime"],"picked":"SKIP","floor":18},{"not_picked":["Defy","Revamp+1","Moondial"],"picked":"SKIP","floor":20},{"not_picked":["Revamp","Alleviate","ReturningBlade"],"picked":"SKIP","floor":23}],"player_experience":26791,"relics_obtained":[{"floor":8,"key":"Meat on the Bone"},{"floor":9,"key":"PreservedInsect"},{"floor":10,"key":"Blue Candle"},{"floor":14,"key":"Frozen Egg 2"}],"event_choices":[],"is_beta":false,"boss_relics":[{"not_picked":["Snecko Eye","SacredBark"],"picked":"Velvet Choker"}],"items_purged_floors":[],"is_endless":false,"potions_floor_spawned":[1,12,14,16,18,20,23],"killed_by":"Gensokyo:Tenshi","ascension_level":1}}