{"host":"hhk99zdwe8tkcyq7","time":1609376258,"event":{"mods":["AchievementEnabler","BaseMod","Minty Spire (QoL Compilation)"],"gold_per_floor":[115,131,56,56,73,102,102,102,102,102,113,128,82,97,97,202,202,219,209,209,109,127,127,127,127],"floor_reached":24,"playtime":889,"items_purged":["Strike_R","Strike_R"],"score":198,"play_id":"b429ea44-ba13-4d34-b53c-3210e4da4675","local_time":"20201230185738","is_ascension_mode":false,"campfire_choices":[{"data":"Barricade","floor":7,"key":"SMITH"},{"data":"Flex","floor":10,"key":"SMITH"},{"data":"Shrug It Off","floor":15,"key":"SMITH"},{"floor":23,"key":"REST"}],"circlet_count":0,"master_deck":["Strike_R","Strike_R","Strike_R","Defend_R","Defend_R","Defend_R","Defend_R","Bash","Good Instincts","Flex+1","Anger","Barricade+1","Spot Weakness","Shrug It Off+1","Iron Wave","Juggernaut","Inflame+1","RitualDagger","Rage"],"relics":["Black Blood","Ice Cream","Paper Frog"],"acts_visited":["Exordium","TheCity"],"potions_floor_usage":[6,22,24],"damage_taken":[{"damage":4,"enemies":"Cultist","floor":1,"turns":4},{"damage":7,"enemies":"2 Louse","floor":2,"turns":2},{"damage":6,"enemies":"Jaw Worm","floor":5,"turns":3},{"damage":16,"enemies":"Gremlin Nob","floor":6,"turns":3},{"damage":4,"enemies":"3 Louse","floor":11,"turns":4},{"damage":13,"enemies":"2 Fungi Beasts","floor":12,"turns":4},{"damage":14,"enemies":"Exordium Wildlife","floor":14,"turns":6},{"damage":23,"enemies":"The Guardian","floor":16,"turns":12},{"damage":36,"enemies":"Spheric Guardian","floor":18,"turns":7},{"damage":24,"enemies":"2 Thieves","floor":19,"turns":4},{"damage":36,"enemies":"Chosen and Byrds","floor":22,"turns":10},{"damage":41,"enemies":"Slavers","floor":24,"turns":3}],"seed_played":"-1535588651171798774","potions_obtained":[{"floor":1,"key":"Fire Potion"},{"floor":11,"key":"Block Potion"},{"floor":12,"key":"ElixirPotion"},{"floor":16,"key":"Energy Potion"},{"floor":18,"key":"SpeedPotion"},{"floor":22,"key":"Explosive Potion"}],"is_trial":false,"path_per_floor":["M","M","$","?","M","E","R","?","T","R","M","M","$","M","R","B",null,"M","M","?","$","M","R","E"],"character_chosen":"IRONCLAD","items_purchased":["Shrug It Off"],"campfire_rested":1,"item_purchase_floors":[13],"current_hp_per_floor":[80,79,79,79,79,69,69,69,69,69,71,64,64,56,56,39,80,56,44,38,38,14,38,0,0],"gold":127,"neow_bonus":"RANDOM_COLORLESS","is_daily":false,"chose_seed":false,"campfire_upgraded":3,"win_rate":0.0,"timestamp":1609376258,"path_taken":["M","M","?","?","M","E","R","?","T","R","?","M","$","M","R","BOSS","M","M","?","$","M","R","E"],"items_purchased_type":["Card"],"build_version":"2020-12-22","purchased_purges":2,"victory":false,"max_hp_per_floor":[80,80,80,80,80,80,80,80,80,80,80,80,80,80,80,80,80,80,80,80,80,80,80,80,80],"card_choices":[{"not_picked":["Deep Breath","Discovery"],"picked":"Good Instincts","floor":0},{"not_picked":["Infernal Blade","Clash"],"picked":"Flex","floor":1},{"not_picked":["Clash","Whirlwind"],"picked":"Anger","floor":2},{"not_picked":["Warcry","Rage","Twin Strike"],"picked":"SKIP","floor":5},{"not_picked":["Dual Wield","Warcry"],"picked":"Barricade","floor":6},{"not_picked":["Perfected Strike","Headbutt"],"picked":"Spot Weakness","floor":11},{"not_picked":["Warcry","Twin Strike","Sword Boomerang"],"picked":"SKIP","floor":12},{"not_picked":["Headbutt","Pommel Strike"],"picked":"Iron Wave","floor":14},{"not_picked":["Feed","Corruption"],"picked":"Juggernaut","floor":16},{"not_picked":["Heavy Blade","Dropkick+1","Warcry"],"picked":"SKIP","floor":18},{"not_picked":["Flex+1","Clothesline"],"picked":"Inflame+1","floor":19},{"not_picked":["Cleave+1","Combust"],"picked":"Rage","floor":22}],"player_experience":24123,"relics_obtained":[{"floor":6,"key":"Ice Cream"},{"floor":9,"key":"Paper Frog"}],"event_choices":[{"damage_healed":0,"gold_gain":0,"player_choice":"Ignored","damage_taken":0,"max_hp_gain":0,"max_hp_loss":0,"event_name":"Liars Game","floor":4,"gold_loss":0},{"damage_healed":0,"gold_gain":0,"player_choice":"Searched \u00270\u0027 times","damage_taken":0,"max_hp_gain":0,"max_hp_loss":0,"event_name":"Dead Adventurer","floor":8,"gold_loss":0},{"damage_healed":0,"gold_gain":0,"player_choice":"Joined the Cult","damage_taken":6,"max_hp_gain":0,"max_hp_loss":0,"event_name":"Nest","floor":20,"gold_loss":0,"cards_obtained":["RitualDagger"]}],"is_beta":false,"boss_relics":[{"not_picked":["Tiny House","Black Star"],"picked":"Black Blood"}],"items_purged_floors":[3,21],"is_endless":false,"potions_floor_spawned":[1,11,12,16,18,22],"killed_by":"Slavers","ascension_level":0}}