{"host":"rmsq46plbpwfbxcc","time":1609384316,"event":{"mods":["AchievementEnabler","BaseMod","Colored Map","Colored Powertips","DeckTracker","KOR Keyword Fix","Minty Spire (QoL Compilation)","Permanent Neow","SuperFastMode"],"gold_per_floor":[109,89,105,16,16,16,16,16],"floor_reached":7,"playtime":132,"items_purged":[],"score":101,"play_id":"6602549e-b64c-4ae5-964a-1f69db55dc80","local_time":"20201231121156","is_ascension_mode":true,"campfire_choices":[{"data":"Neutralize","floor":6,"key":"SMITH"}],"circlet_count":0,"master_deck":["AscendersBane","Strike_G","Strike_G","Strike_G","Strike_G","Strike_G","Defend_G","Defend_G","Defend_G","Defend_G","Defend_G","Survivor","Neutralize+1","CurseOfTheBell","Dagger Spray","Deadly Poison","Finisher"],"relics":["Calling Bell","Strawberry","Mummified Hand","Mango","Gremlin Horn"],"acts_visited":["Exordium"],"potions_floor_usage":[],"damage_taken":[{"damage":14,"enemies":"Small Slimes","floor":1,"turns":6},{"damage":6,"enemies":"Cultist","floor":3,"turns":5},{"damage":42,"enemies":"Lagavulin","floor":7,"turns":5}],"seed_played":"4294098712843686787","potions_obtained":[{"floor":2,"key":"SpeedPotion"}],"is_trial":false,"path_per_floor":["M","?","M","$","?","R","E"],"character_chosen":"THE_SILENT","items_purchased":["Finisher"],"campfire_rested":0,"item_purchase_floors":[4],"current_hp_per_floor":[66,66,60,60,42,42,0,0],"gold":16,"neow_bonus":"BOSS_RELIC","is_daily":false,"chose_seed":false,"campfire_upgraded":1,"win_rate":0.0,"timestamp":1609384316,"path_taken":["M","?","M","?","?","R","E"],"items_purchased_type":["Card"],"build_version":"2020-12-22","purchased_purges":0,"victory":false,"max_hp_per_floor":[87,87,87,87,87,87,87,87],"card_choices":[{"not_picked":["Poisoned Stab","Dodge and Roll"],"picked":"Dagger Spray","floor":1},{"not_picked":["Quick Slash","Dagger Spray"],"picked":"Deadly Poison","floor":3}],"player_experience":1414218,"relics_obtained":[{"floor":0,"key":"Strawberry"},{"floor":0,"key":"Mummified Hand"},{"floor":0,"key":"Mango"}],"event_choices":[{"damage_healed":0,"gold_gain":0,"player_choice":"Bought 1 Potion","damage_taken":0,"max_hp_gain":0,"max_hp_loss":0,"event_name":"The Woman in Blue","floor":2,"gold_loss":0},{"damage_healed":0,"gold_gain":0,"player_choice":"Success","damage_taken":18,"relics_obtained":["Gremlin Horn"],"max_hp_gain":0,"max_hp_loss":0,"event_name":"Scrap Ooze","floor":5,"gold_loss":0}],"is_beta":false,"boss_relics":[],"items_purged_floors":[],"is_endless":false,"potions_floor_spawned":[],"killed_by":"Lagavulin","ascension_level":19}}