{"host":"f1miojwxaupu79sp","time":1609406348,"event":{"mods":["BaseMod","Better Vampires","Minty Spire (QoL Compilation)","Shop Mod"],"gold_per_floor":[210,160,124,142,16,16,35,35,62,73,73,93,15,15,15,115,115,133,232,232,232,243,243,108,108,108,141,141,152,152,166,166,269,269,282,282,329,329,329,329],"floor_reached":39,"playtime":13319,"items_purged":["Strike_R","Strike_R"],"score":517,"play_id":"60dbd789-ed72-4659-bf91-77c67cee8c93","local_time":"20201231041908","is_ascension_mode":true,"campfire_choices":[{"data":"Infernal Blade","floor":6,"key":"SMITH"},{"data":"Shockwave","floor":8,"key":"SMITH"},{"data":"Spot Weakness","floor":11,"key":"SMITH"},{"data":"Flame Barrier","floor":15,"key":"SMITH"},{"data":"Fiend Fire","floor":25,"key":"SMITH"},{"data":"Metallicize","floor":28,"key":"SMITH"},{"data":"Bloodletting","floor":30,"key":"SMITH"},{"data":"Pummel","floor":32,"key":"SMITH"}],"circlet_count":0,"master_deck":["Strike_R","Strike_R","Defend_R","Defend_R","Defend_R","Defend_R","Bash","Shockwave+1","Infernal Blade+1","Iron Wave","Thunderclap","Spot Weakness+1","Flame Barrier+1","Metallicize+1","Fiend Fire+1","Bloodletting+1","Seeing Red","Pummel+1","Dropkick","Shrug It Off","Warcry+1","Shrug It Off","Feed","Uppercut+1","Havoc+1"],"relics":["Burning Blood","Boot","Odd Mushroom","SacredBark","FossilizedHelix","Pen Nib","Bottled Tornado","Omamori","Calling Bell","Dream Catcher","Self Forming Clay","Unceasing Top","Torii"],"acts_visited":["Exordium","TheCity","TheBeyond"],"potions_floor_usage":[12,12,18,22,27,33,33],"damage_taken":[{"damage":1,"enemies":"Cultist","floor":1,"turns":3},{"damage":4,"enemies":"2 Louse","floor":4,"turns":3},{"damage":4,"enemies":"Jaw Worm","floor":7,"turns":2},{"damage":7,"enemies":"Large Slime","floor":10,"turns":5},{"damage":4,"enemies":"The Mushroom Lair","floor":12,"turns":2},{"damage":20,"enemies":"Hexaghost","floor":16,"turns":8},{"damage":0,"enemies":"3 Byrds","floor":18,"turns":4},{"damage":13,"enemies":"Chosen","floor":22,"turns":4},{"damage":29,"enemies":"Slavers","floor":27,"turns":5},{"damage":3,"enemies":"Centurion and Healer","floor":29,"turns":7},{"damage":0,"enemies":"Cultist and Chosen","floor":31,"turns":4},{"damage":39,"enemies":"Collector","floor":33,"turns":8},{"damage":33,"enemies":"3 Darklings","floor":35,"turns":6},{"damage":46,"enemies":"2 Orb Walkers","floor":37,"turns":6},{"damage":12,"enemies":"3 Shapes","floor":39,"turns":3}],"seed_played":"9222160662233760325","potions_obtained":[{"floor":1,"key":"Energy Potion"},{"floor":4,"key":"Dexterity Potion"},{"floor":10,"key":"Weak Potion"},{"floor":16,"key":"Block Potion"},{"floor":18,"key":"AttackPotion"},{"floor":22,"key":"Regen Potion"},{"floor":31,"key":"Ancient Potion"}],"is_trial":false,"path_per_floor":["M","?","$","M","$","R","M","R","T","M","R","?","$","?","R","B",null,"M","?","?","T","M","?","$","R","T","E","R","M","R","M","R","B",null,"M","?","?","?","M"],"character_chosen":"IRONCLAD","items_purchased":["Infernal Blade","Cleave","Metallicize","Dropkick"],"campfire_rested":0,"item_purchase_floors":[3,5,13,24],"current_hp_per_floor":[77,77,77,79,79,79,80,80,80,79,79,80,80,85,85,71,82,85,85,85,85,78,78,78,78,78,85,85,85,85,85,85,52,77,50,50,10,10,0,0],"gold":329,"neow_bonus":"HUNDRED_GOLD","is_daily":false,"chose_seed":false,"campfire_upgraded":8,"win_rate":0.0,"timestamp":1609406348,"path_taken":["M","?","$","M","$","R","M","R","T","M","R","?","?","?","R","BOSS","M","?","?","?","M","?","$","R","T","E","R","M","R","M","R","BOSS","M","?","?","?","M"],"items_purchased_type":["Card","Card","Card","Card"],"build_version":"2020-12-22","purchased_purges":2,"victory":false,"max_hp_per_floor":[80,80,80,80,80,80,80,80,80,80,80,80,80,85,85,85,85,85,85,85,85,85,85,85,85,85,85,85,85,85,85,85,85,85,85,85,85,85,85,85],"card_choices":[{"not_picked":["Shrug It Off","Flame Barrier"],"picked":"Shockwave","floor":1},{"not_picked":["Clothesline","Perfected Strike"],"picked":"Iron Wave","floor":4},{"not_picked":["Anger","Headbutt"],"picked":"Thunderclap","floor":7},{"not_picked":["Fire Breathing","Anger"],"picked":"Spot Weakness","floor":10},{"not_picked":["True Grit","Double Tap"],"picked":"Flame Barrier","floor":12},{"not_picked":["Brutality","Bludgeon"],"picked":"Fiend Fire","floor":16},{"not_picked":["Searing Blow","Cleave+1"],"picked":"Bloodletting","floor":18},{"not_picked":["Pommel Strike","Heavy Blade"],"picked":"Pummel","floor":22},{"not_picked":["Burning Pact","Spot Weakness"],"picked":"Shrug It Off","floor":27},{"not_picked":["Anger+1","True Grit+1"],"picked":"Warcry+1","floor":29},{"not_picked":["Evolve","Anger"],"picked":"Shrug It Off","floor":31},{"not_picked":["Fiend Fire","Reaper"],"picked":"Feed","floor":33},{"not_picked":["Headbutt+1","Thunderclap"],"picked":"Uppercut+1","floor":35},{"not_picked":["Clash+1","Sword Boomerang"],"picked":"Havoc+1","floor":37}],"player_experience":965611,"relics_obtained":[{"floor":9,"key":"Boot"},{"floor":12,"key":"Odd Mushroom"},{"floor":21,"key":"FossilizedHelix"},{"floor":26,"key":"Bottled Tornado"},{"floor":27,"key":"Omamori"},{"floor":34,"key":"Dream Catcher"},{"floor":34,"key":"Self Forming Clay"},{"floor":34,"key":"Unceasing Top"},{"floor":37,"key":"Torii"}],"event_choices":[{"cards_removed":["Strike_R"],"damage_healed":0,"gold_gain":0,"player_choice":"Card Removal","damage_taken":0,"max_hp_gain":0,"max_hp_loss":0,"event_name":"The Cleric","floor":2,"gold_loss":50},{"damage_healed":0,"gold_gain":0,"player_choice":"Fought Mushrooms","damage_taken":0,"max_hp_gain":0,"max_hp_loss":0,"event_name":"Mushrooms","floor":12,"gold_loss":0},{"damage_healed":0,"gold_gain":0,"player_choice":"Donut","damage_taken":0,"max_hp_gain":5,"max_hp_loss":0,"event_name":"Big Fish","floor":14,"gold_loss":0},{"damage_healed":0,"gold_gain":99,"player_choice":"Stole From Cult","damage_taken":0,"max_hp_gain":0,"max_hp_loss":0,"event_name":"Nest","floor":19,"gold_loss":0},{"damage_healed":0,"gold_gain":0,"player_choice":"Read","damage_taken":0,"max_hp_gain":0,"max_hp_loss":0,"event_name":"The Library","floor":20,"gold_loss":0,"cards_obtained":["Seeing Red"]},{"damage_healed":0,"gold_gain":0,"player_choice":"Opened","damage_taken":0,"relics_obtained":["Pen Nib"],"max_hp_gain":0,"max_hp_loss":0,"event_name":"The Mausoleum","floor":23,"gold_loss":0},{"damage_healed":0,"gold_gain":0,"player_choice":"Ignored","damage_taken":0,"max_hp_gain":0,"max_hp_loss":0,"event_name":"Tomb of Lord Red Mask","floor":36,"gold_loss":0},{"damage_healed":0,"gold_gain":0,"player_choice":"Fight","damage_taken":0,"max_hp_gain":0,"max_hp_loss":0,"event_name":"Mysterious Sphere","floor":37,"gold_loss":0},{"cards_removed":["Cleave"],"damage_healed":0,"gold_gain":0,"player_choice":"Removed Attack","damage_taken":0,"max_hp_gain":0,"max_hp_loss":0,"event_name":"Falling","floor":38,"gold_loss":0}],"is_beta":false,"boss_relics":[{"not_picked":["Black Star","Pandora\u0027s Box"],"picked":"SacredBark"},{"not_picked":["Fusion Hammer","Tiny House"],"picked":"Calling Bell"}],"items_purged_floors":[5,24],"is_endless":false,"potions_floor_spawned":[1,4,10,16,18,22,31],"killed_by":"3 Shapes","ascension_level":7}}