{"host":"da4a6z8aof69aasy","time":1609431476,"event":{"mods":["AchievementEnabler","BaseMod","Block Reminder","Colored Powertips","DeckTracker","Highlight Path","Minty Spire (QoL Compilation)","Permanent Neow","Relic Stats","StSLib"],"gold_per_floor":[110,121,121,136,152,152,183,183,183,28,63,80,112,130,130,208,208,220,220,240,252,271,271,303,333,357,385,404,205,205,205,205,280,280,290,187,202,217,235,235,245,279,302,302,302,327,347,569,569,569,569,569,9,41,41],"floor_reached":56,"playtime":11901,"items_purged":["Strike_R","Heavy Blade","Sever Soul+1"],"score":2190,"play_id":"1d82f8e8-9082-4192-938e-e703253b71d4","local_time":"20201231181756","is_ascension_mode":true,"campfire_choices":[{"data":"Havoc","floor":6.0,"key":"SMITH"},{"data":"Shrug It Off","floor":8.0,"key":"SMITH"},{"data":"Dropkick","floor":15.0,"key":"SMITH"},{"data":"Fiend Fire","floor":23.0,"key":"SMITH"},{"data":"Burning Pact","floor":32.0,"key":"SMITH"},{"data":"True Grit","floor":40.0,"key":"SMITH"},{"floor":44.0,"key":"RECALL"},{"data":"Shrug It Off","floor":49,"key":"SMITH"},{"data":"Offering","floor":52,"key":"SMITH"}],"circlet_count":0,"master_deck":["AscendersBane","Defend_R","Defend_R","Defend_R","Bash","Infernal Blade+1","Shockwave+1","Havoc+1","Shrug It Off+1","Dropkick+1","Reaper","Fiend Fire+1","Burning Pact+1","Dropkick","Shrug It Off+1","Offering+1","True Grit+1","Hemokinesis+1","Bloodletting+1"],"relics":["Astrolabe","Mango","TungstenRod","Anchor","CaptainsWheel","Self Forming Clay","Runic Cube","Ancient Tea Set","Red Mask","Smiling Mask","Paper Frog","ClockworkSouvenir","Runic Pyramid","Gambling Chip","Regal Pillow","Turnip","Medical Kit","Shuriken"],"acts_visited":["Exordium","TheCity","TheBeyond","TheEnding"],"potions_floor_usage":[55,55],"damage_taken":[{"damage":0.0,"enemies":"Cultist","floor":1.0,"turns":2.0},{"damage":4.0,"enemies":"Jaw Worm","floor":2.0,"turns":3.0},{"damage":8.0,"enemies":"Small Slimes","floor":4.0,"turns":2.0},{"damage":9.0,"enemies":"Looter","floor":5.0,"turns":3.0},{"damage":9.0,"enemies":"Lagavulin","floor":7.0,"turns":6.0},{"damage":15.0,"enemies":"Gremlin Nob","floor":11.0,"turns":4.0},{"damage":0.0,"enemies":"3 Louse","floor":12.0,"turns":2.0},{"damage":4.0,"enemies":"3 Sentries","floor":13.0,"turns":5.0},{"damage":0.0,"enemies":"Red Slaver","floor":14.0,"turns":2.0},{"damage":6.0,"enemies":"The Guardian","floor":16.0,"turns":6.0},{"damage":13.0,"enemies":"2 Thieves","floor":18.0,"turns":4.0},{"damage":5.0,"enemies":"Spheric Guardian","floor":20.0,"turns":4.0},{"damage":12.0,"enemies":"Snecko","floor":21.0,"turns":3.0},{"damage":12.0,"enemies":"Snake Plant","floor":22.0,"turns":4.0},{"damage":3.0,"enemies":"Book of Stabbing","floor":24.0,"turns":4.0},{"damage":15.0,"enemies":"Masked Bandits","floor":25.0,"turns":6.0},{"damage":9.0,"enemies":"Slavers","floor":27.0,"turns":6.0},{"damage":9.0,"enemies":"3 Cultists","floor":28.0,"turns":6.0},{"damage":16.0,"enemies":"Collector","floor":33.0,"turns":5.0},{"damage":0.0,"enemies":"Orb Walker","floor":35.0,"turns":3.0},{"damage":0.0,"enemies":"3 Shapes","floor":37.0,"turns":5.0},{"damage":0.0,"enemies":"3 Darklings","floor":38.0,"turns":4.0},{"damage":14.0,"enemies":"Sphere and 2 Shapes","floor":39.0,"turns":21.0},{"damage":12.0,"enemies":"4 Shapes","floor":41.0,"turns":4.0},{"damage":27.0,"enemies":"Reptomancer","floor":42.0,"turns":4.0},{"damage":6.0,"enemies":"Nemesis","floor":46.0,"turns":3.0},{"damage":5,"enemies":"Maw","floor":47,"turns":3},{"damage":10,"enemies":"Awakened One","floor":50,"turns":4},{"damage":11,"enemies":"Shield and Spear","floor":54,"turns":4},{"damage":9,"enemies":"The Heart","floor":55,"turns":5}],"seed_played":"295670291654650977","potions_obtained":[{"floor":5.0,"key":"Ancient Potion"},{"floor":11.0,"key":"PowerPotion"},{"floor":12.0,"key":"LiquidBronze"},{"floor":16.0,"key":"ElixirPotion"},{"floor":18.0,"key":"Swift Potion"},{"floor":25.0,"key":"LiquidMemories"},{"floor":27.0,"key":"LiquidBronze"},{"floor":39.0,"key":"Regen Potion"},{"floor":46.0,"key":"EssenceOfSteel"}],"is_trial":false,"path_per_floor":["M","M","?","M","M","R","E","R","T","$","E","M","E","M","R","B",null,"M","?","M","M","M","R","E","?","T","E","M","$","?","?","R","B",null,"M","$","M","M","M","R","M","E","T","R","?","E","M","?","R","B",null,"R","$","E","B",null],"character_chosen":"IRONCLAD","items_purchased":["Anchor","ClockworkSouvenir","True Grit","LiquidBronze","Turnip","Medical Kit"],"campfire_rested":0,"item_purchase_floors":[10,29,36,53,53,53],"current_hp_per_floor":[68,64,64,56,47,47,52,52,52,52,37,37,33,33,33,33,75,72,72,67,61,53,53,56,44,44,47,59,59,59,59,59,64,83,89,89,89,89,75,75,77,73,73,73,73,74,76,76,76,86,88,88,88,89,89],"gold":41,"neow_bonus":"BOSS_RELIC","is_daily":false,"chose_seed":false,"campfire_upgraded":8,"win_rate":0.0,"timestamp":1609431476,"path_taken":["M","?","?","M","M","R","E","R","T","$","E","M","E","M","R","BOSS","M","?","M","M","M","R","E","?","T","E","M","$","?","?","R","BOSS","M","?","M","M","M","R","M","E","T","R","?","E","?","?","R","BOSS","R","$","E","BOSS"],"items_purchased_type":["Relic","Relic","Card","Potion","Relic","Relic"],"build_version":"2020-12-22","purchased_purges":3,"victory":true,"max_hp_per_floor":[75,75,75,75,75,75,89,89,89,89,89,89,89,89,89,89,89,89,89,89,89,89,89,89,89,89,89,89,89,89,89,89,89,89,89,89,89,89,89,89,89,89,89,89,89,89,89,89,89,89,89,89,89,89,89],"relic_stats":{"Regal Pillow":0,"counters":[30,137],"Self Forming Clay":[123],"Shuriken":[10],"Astrolabe":["Infernal Blade","Sever Soul","Shockwave"],"Gambling Chip":[12],"Turnip":[2],"Smiling Mask":150,"Medical Kit":[4],"obtain_stats":[{"Regal Pillow":46,"Self Forming Clay":13,"Astrolabe":0,"Mango":7,"Ancient Tea Set":24,"Smiling Mask":26,"Medical Kit":53,"Burning Blood":0,"ClockworkSouvenir":29,"Anchor":10,"CaptainsWheel":11,"Shuriken":54,"Gambling Chip":42,"Turnip":53,"Red Mask":25,"TungstenRod":9,"Runic Cube":17,"Paper Frog":27,"Runic Pyramid":34},{"Regal Pillow":26,"Self Forming Clay":8,"Astrolabe":0,"Mango":5,"Ancient Tea Set":15,"Smiling Mask":16,"Medical Kit":28,"Burning Blood":0,"ClockworkSouvenir":18,"Anchor":5,"CaptainsWheel":6,"Shuriken":29,"Gambling Chip":25,"Turnip":28,"Red Mask":16,"TungstenRod":5,"Runic Cube":10,"Paper Frog":17,"Runic Pyramid":19},{"Regal Pillow":121,"Self Forming Clay":27,"Astrolabe":0,"Mango":16,"Ancient Tea Set":54,"Smiling Mask":60,"Medical Kit":128,"Burning Blood":0,"ClockworkSouvenir":72,"Anchor":16,"CaptainsWheel":20,"Shuriken":132,"Gambling Chip":118,"Turnip":128,"Red Mask":60,"TungstenRod":16,"Runic Cube":35,"Paper Frog":66,"Runic Pyramid":77}],"TungstenRod":75,"Runic Cube":[43]},"card_choices":[{"not_picked":["Flex","True Grit","Iron Wave"],"picked":"SKIP","floor":1.0},{"not_picked":["Clothesline","Warcry","Havoc"],"picked":"SKIP","floor":2.0},{"not_picked":["Reckless Charge","Ghostly Armor"],"picked":"Shrug It Off","floor":4.0},{"not_picked":["Blood for Blood","Armaments","Entrench"],"picked":"SKIP","floor":5.0},{"not_picked":["Blood for Blood","Armaments","Entrench"],"picked":"SKIP","floor":5.0},{"not_picked":["Inflame","Demon Form"],"picked":"Dropkick","floor":7.0},{"not_picked":["Havoc","Sword Boomerang","Bloodletting"],"picked":"SKIP","floor":11.0},{"not_picked":["Flex","Heavy Blade","Clash"],"picked":"SKIP","floor":12.0},{"not_picked":["Flame Barrier","Pommel Strike"],"picked":"Reaper","floor":13.0},{"not_picked":["Fire Breathing","Wild Strike","Perfected Strike"],"picked":"SKIP","floor":14.0},{"not_picked":["Limit Break","Brutality"],"picked":"Fiend Fire","floor":16.0},{"not_picked":["Clothesline","Havoc","Whirlwind"],"picked":"SKIP","floor":18.0},{"not_picked":["Shockwave","Heavy Blade","Perfected Strike"],"picked":"SKIP","floor":20.0},{"not_picked":["Sever Soul","Rage"],"picked":"Burning Pact","floor":21.0},{"not_picked":["Intimidate+1","Anger","Body Slam"],"picked":"SKIP","floor":22.0},{"not_picked":["Body Slam","Iron Wave","Rupture"],"picked":"SKIP","floor":24.0},{"not_picked":["Perfected Strike","Body Slam"],"picked":"Dropkick","floor":27.0},{"not_picked":["Entrench","Metallicize","Clothesline"],"picked":"SKIP","floor":28.0},{"not_picked":["Immolate","Demon Form"],"picked":"Offering","floor":33.0},{"not_picked":["Flex+1","Armaments","Intimidate"],"picked":"SKIP","floor":35.0},{"not_picked":["Blood for Blood","Fire Breathing","Metallicize+1"],"picked":"SKIP","floor":37.0},{"not_picked":["Burning Pact","Havoc","Armaments"],"picked":"SKIP","floor":38.0},{"not_picked":["Burning Pact","Havoc","Armaments"],"picked":"SKIP","floor":38.0},{"not_picked":["Twin Strike","Havoc+1"],"picked":"Hemokinesis+1","floor":39.0},{"not_picked":["Clothesline+1","Blood for Blood","Perfected Strike"],"picked":"SKIP","floor":41.0},{"not_picked":["Burning Pact+1","Whirlwind+1","Iron Wave"],"picked":"SKIP","floor":42.0},{"not_picked":["Havoc","Perfected Strike"],"picked":"Bloodletting+1","floor":46.0},{"not_picked":["Thunderclap","Entrench","Anger"],"picked":"SKIP","floor":47},{"not_picked":["Wild Strike","Pommel Strike","Infernal Blade"],"picked":"SKIP","floor":54}],"player_experience":1942457,"relics_obtained":[{"floor":7.0,"key":"Mango"},{"floor":9.0,"key":"TungstenRod"},{"floor":11.0,"key":"CaptainsWheel"},{"floor":13.0,"key":"Self Forming Clay"},{"floor":24.0,"key":"Ancient Tea Set"},{"floor":25.0,"key":"Red Mask"},{"floor":26.0,"key":"Smiling Mask"},{"floor":27.0,"key":"Paper Frog"},{"floor":42.0,"key":"Gambling Chip"},{"floor":46.0,"key":"Regal Pillow"},{"floor":54,"key":"Shuriken"}],"event_choices":[{"damage_healed":0.0,"max_hp_gain":0.0,"max_hp_loss":0.0,"gold_gain":0.0,"cards_transformed":["Strike_R"],"event_name":"Living Wall","player_choice":"Change","floor":3.0,"gold_loss":0.0,"damage_taken":0.0,"cards_obtained":["Havoc"]},{"damage_healed":0.0,"max_hp_gain":0.0,"max_hp_loss":0.0,"gold_gain":0.0,"event_name":"The Mausoleum","player_choice":"Ignored","floor":19.0,"gold_loss":0.0,"damage_taken":0.0},{"damage_healed":0.0,"max_hp_gain":0.0,"max_hp_loss":0.0,"gold_gain":0.0,"event_name":"Masked Bandits","player_choice":"Fought Bandits","floor":25.0,"gold_loss":0.0,"damage_taken":0.0},{"damage_healed":0.0,"max_hp_gain":0.0,"max_hp_loss":0.0,"gold_gain":0.0,"event_name":"The Library","player_choice":"Read","floor":30.0,"gold_loss":0.0,"damage_taken":0.0,"cards_obtained":["Shrug It Off"]},{"damage_healed":0.0,"max_hp_gain":0.0,"max_hp_loss":0.0,"gold_gain":0.0,"cards_transformed":["Strike_R"],"event_name":"Transmorgrifier","player_choice":"Transformed","floor":31.0,"gold_loss":0.0,"damage_taken":0.0,"cards_obtained":["Heavy Blade"]},{"damage_healed":0.0,"max_hp_gain":0.0,"max_hp_loss":0.0,"gold_gain":0.0,"event_name":"SecretPortal","player_choice":"Ignored","floor":45.0,"gold_loss":0.0,"damage_taken":0.0},{"damage_healed":0,"gold_gain":222,"player_choice":"Wore Mask","damage_taken":0,"max_hp_gain":0,"max_hp_loss":0,"event_name":"Tomb of Lord Red Mask","floor":48,"gold_loss":0}],"is_beta":false,"boss_relics":[{"not_picked":["Mark of Pain","Tiny House"],"picked":"Runic Cube"},{"not_picked":["Busted Crown","Black Star"],"picked":"Runic Pyramid"}],"items_purged_floors":[29,36,53],"is_endless":false,"potions_floor_spawned":[5,11,12,16,18,20,25,27,33,37,39,46],"ascension_level":15}}