{"host":"89b1o62hw5aqf71h","time":1609387889,"event":{"mods":["Ascension Reborn","Ascension Unlocker","Aspiration","Bard","BaseMod","Bestiary","Better Silent Start","Better-Laid Plans","BetterRewards","CatGirl Mod","Challenge The Spire","Colored Map","Colored Powertips","Conspire","Energized Spire","Hubris","Infinite Spire","JesterMod","Marisa????????","Mimic Mod","Minty Spire (QoL Compilation)","Potionbrewer","Random Character Button","Random Character Mod","Replay The Spire","Retaliation","Shop Mod","Small Relic Pack","Spicy Shops","Spikes Relics","StSLib","The Alterego","The Bladedancer","The Blue Laboratory","The Hierophant","The Poker Player","The Sage","The Saiyan","The Vixen","TheArtist","TheVelvet","Thieving Mod","Uncapped","Waifu the Spire","everything is the same but u backflip on backflip","vexMod","??????REMEMod"],"gold_per_floor":[118,293,304,304,321,321,321],"floor_reached":6,"playtime":444,"items_purged":[],"score":36,"play_id":"2369c12a-67ba-4240-8076-44b29ad1be0b","local_time":"20201230231129","is_ascension_mode":true,"campfire_choices":[],"circlet_count":0,"master_deck":["hadesmod:Strike","hadesmod:Strike","hadesmod:Strike","hadesmod:SwapStrike","hadesmod:Defend","hadesmod:Defend","hadesmod:Defend","hadesmod:Defend","hadesmod:Dash","hadesmod:RuyiJinguBang","hadesmod:Xactivate","Doubt","hadesmod:CameraCamera","hadesmod:GunCamera","hadesmod:DrawHit"],"relics":["hadesmod:WeaponCharger","REME_ComplimentaryCards","hubris:Icosahedron"],"acts_visited":[],"potions_floor_usage":[6,6],"damage_taken":[{"damage":6,"enemies":"Jaw Worm","floor":1,"turns":3},{"damage":9,"enemies":"conspire:RoseBush","floor":3,"turns":4},{"damage":28,"enemies":"Cultist","floor":5,"turns":6},{"damage":39,"enemies":"Gremlin Nob","floor":6,"turns":5}],"seed_played":"1887995794475888533","potions_obtained":[{"floor":1,"key":"SkillPotion"},{"floor":5,"key":"blueLaboratory:BottleOfVodka"}],"is_trial":false,"path_per_floor":["M","?","M","?","M","E"],"character_chosen":"THE_HUNTRESS","items_purchased":[],"campfire_rested":0,"item_purchase_floors":[],"current_hp_per_floor":[54,54,45,45,17,0,0],"gold":321,"neow_bonus":"","is_daily":false,"chose_seed":false,"campfire_upgraded":0,"win_rate":0.0,"timestamp":1609387889,"path_taken":["M","?","M","?","M","E"],"items_purchased_type":[],"build_version":"2020-12-22","purchased_purges":0,"victory":false,"max_hp_per_floor":[60,60,60,60,60,60,60],"card_choices":[{"not_picked":["hadesmod:JinnsKnowledge","hadesmod:StrikeBooster"],"picked":"hadesmod:Xactivate","floor":1},{"not_picked":["hadesmod:FulcrumStrike","hadesmod:ArcFortify"],"picked":"hadesmod:CameraCamera","floor":3},{"not_picked":["hadesmod:Restrikeler","hadesmod:Slide"],"picked":"hadesmod:GunCamera","floor":5}],"player_experience":12913,"relics_obtained":[],"event_choices":[{"damage_healed":0,"gold_gain":175,"player_choice":"AGREE","damage_taken":0,"max_hp_gain":0,"max_hp_loss":0,"event_name":"Liars Game","floor":2,"gold_loss":0,"cards_obtained":["Doubt"]}],"is_beta":false,"boss_relics":[],"items_purged_floors":[],"is_endless":false,"potions_floor_spawned":[1,5],"killed_by":"Gremlin Nob","ascension_level":0}}