{"host":"raai0vtvcfkt8csp","time":1609390228,"event":{"mods":["2.2 Compatiblity","AchievementEnabler","BaseMod","Block Reminder","DeckTracker","Defective Defect","GifTheSpireLib","Minty Spire (QoL Compilation)","Quick Restart","Random Character Button","Rare Cards Sparkle","StSLib","Unceasing Turn Reminder"],"gold_per_floor":[109,109,134,134,147,185,185,198,243,243,243],"floor_reached":10,"playtime":328,"items_purged":[],"score":71,"play_id":"00c5efd0-b19a-4be8-84c8-b66c909462af","local_time":"20201231055028","is_ascension_mode":true,"campfire_choices":[],"circlet_count":0,"master_deck":["Strike_P","Strike_P","Strike_P","Strike_P","Defend_P","Defend_P","Defend_P","Defend_P","Eruption","Vigilance","JustLucky","FlurryOfBlows","ClearTheMind","CutThroughFate","Ragnarok","FollowUp"],"relics":["PureWater","NeowsBlessing","Golden Idol","Mummified Hand","Blood Vial"],"acts_visited":["Exordium"],"potions_floor_usage":[],"damage_taken":[{"damage":0,"enemies":"Cultist","floor":1,"turns":1},{"damage":0,"enemies":"2 Louse","floor":3,"turns":1},{"damage":0,"enemies":"Jaw Worm","floor":5,"turns":1},{"damage":33,"enemies":"3 Sentries","floor":6,"turns":13},{"damage":8,"enemies":"Gremlin Gang","floor":8,"turns":3},{"damage":46,"enemies":"Gremlin Nob","floor":10,"turns":3}],"seed_played":"-1556522505679658288","potions_obtained":[{"floor":5,"key":"CultistPotion"},{"floor":6,"key":"SteroidPotion"}],"is_trial":false,"path_per_floor":["M","?","M","?","M","E","?","M","T","E"],"character_chosen":"WATCHER","items_purchased":[],"campfire_rested":0,"item_purchase_floors":[],"current_hp_per_floor":[72,67,67,67,67,34,34,26,26,0,0],"gold":243,"neow_bonus":"THREE_ENEMY_KILL","is_daily":false,"chose_seed":false,"campfire_upgraded":0,"win_rate":0.0,"timestamp":1609390228,"path_taken":["M","?","M","?","?","E","?","M","T","E"],"items_purchased_type":[],"build_version":"2020-12-22","purchased_purges":0,"victory":false,"max_hp_per_floor":[72,67,67,67,67,67,67,67,67,67,67],"card_choices":[{"not_picked":["CutThroughFate","Pray"],"picked":"JustLucky","floor":1},{"not_picked":["Protect","Prostrate"],"picked":"FlurryOfBlows","floor":3},{"not_picked":["MentalFortress","ClearTheMind"],"picked":"CutThroughFate","floor":5},{"not_picked":["Meditate","ThirdEye"],"picked":"Worship","floor":6},{"not_picked":["Sanctity","Protect"],"picked":"FollowUp","floor":8}],"player_experience":518333,"relics_obtained":[{"floor":6,"key":"Mummified Hand"},{"floor":9,"key":"Blood Vial"}],"event_choices":[{"damage_healed":0,"gold_gain":0,"player_choice":"Lose Max HP","damage_taken":0,"relics_obtained":["Golden Idol"],"max_hp_gain":0,"max_hp_loss":5,"event_name":"Golden Idol","floor":2,"gold_loss":0},{"damage_healed":0,"gold_gain":0,"player_choice":"1 cards matched","damage_taken":0,"max_hp_gain":0,"max_hp_loss":0,"event_name":"Match and Keep!","floor":4,"gold_loss":0,"cards_obtained":["ClearTheMind"]},{"cards_removed":["Worship"],"damage_healed":0,"gold_gain":0,"player_choice":"Took Card","damage_taken":0,"max_hp_gain":0,"max_hp_loss":0,"event_name":"NoteForYourself","floor":7,"gold_loss":0,"cards_obtained":["Ragnarok"]}],"is_beta":false,"boss_relics":[],"items_purged_floors":[],"is_endless":false,"potions_floor_spawned":[5,6],"killed_by":"Gremlin Nob","ascension_level":1}}