{"host":"ifd7sfhtlbe34qll","time":1609438853,"event":{"mods":["2.2 Compatiblity","Act Like it!","BaseMod","Block Reminder","Colored Map","Curses Come First","Downfall","Highlight Path","Minty Spire (QoL Compilation)","Potion Indicator Mod","Quick Restart","Random Character Button","Relic Stats","StSLib"],"gold_per_floor":[99,118,129,129,129,164,164,164,175,194,344,375,375,390,410,410,410,410],"floor_reached":16,"playtime":1041,"items_purged":[],"score":224,"play_id":"c6c2e6dc-b90d-46c3-ad71-24bd35a77292","local_time":"20201231122053","is_ascension_mode":true,"campfire_choices":[{"data":"hexamod:Sear","floor":1.0,"key":"SMITH"},{"data":"hexamod:SearingWound","floor":13.0,"key":"SMITH"}],"circlet_count":0,"master_deck":["AscendersBane","hexamod:Strike","hexamod:Strike","hexamod:Strike","hexamod:Defend","hexamod:Defend","hexamod:Defend","hexamod:Defend","hexamod:Sear+1","hexamod:Float","hexamod:Incineration","hexamod:Hexaguard","hexamod:HeatMetal","hexamod:NightmareGuise","hexamod:SearingWound+1","Doubt","hexamod:ApocalypseNow","hexamod:HeatShield","hexamod:ShieldOfDarkness"],"relics":["hexamod:SpiritBrand","Singing Bowl","Blue Candle","Meat on the Bone","Orichalcum"],"acts_visited":["Exordium"],"potions_floor_usage":[16,16],"damage_taken":[{"damage":0.0,"enemies":"Cultist","floor":2.0,"turns":3.0},{"damage":3.0,"enemies":"2 Louse","floor":3.0,"turns":3.0},{"damage":22.0,"enemies":"Gremlin Nob","floor":6.0,"turns":4.0},{"damage":2.0,"enemies":"Small Slimes","floor":9.0,"turns":3.0},{"damage":1.0,"enemies":"2 Fungi Beasts","floor":10.0,"turns":3.0},{"damage":17.0,"enemies":"3 Sentries","floor":12.0,"turns":8.0},{"damage":0.0,"enemies":"Large Slime","floor":14.0,"turns":3.0},{"damage":0.0,"enemies":"2 Fungi Beasts","floor":15.0,"turns":2.0},{"damage":41,"enemies":"downfall:Defect","floor":16,"turns":8}],"seed_played":"-4975888653825816986","potions_obtained":[{"floor":2.0,"key":"Ancient Potion"},{"floor":9.0,"key":"Swift Potion"},{"floor":14.0,"key":"AttackPotion"},{"floor":15.0,"key":"Explosive Potion"}],"is_trial":false,"path_per_floor":["R","M","M","?","?","E","T","?","M","M","?","E","R","M","M","B"],"character_chosen":"THE_SPIRIT","items_purchased":[],"campfire_rested":0,"item_purchase_floors":[],"current_hp_per_floor":[63,63,60,60,42,20,20,25,35,46,46,41,41,41,41,0,0,0],"gold":410,"neow_bonus":"TEN_PERCENT_HP_BONUS","is_daily":false,"chose_seed":false,"campfire_upgraded":2,"win_rate":0.0,"timestamp":1609438853,"path_taken":["R","M","?","?","?","E","T","?","M","M","?","E","R","M","M","BOSS"],"items_purchased_type":[],"build_version":"2020-12-22","purchased_purges":0,"victory":false,"max_hp_per_floor":[69,69,69,69,69,69,69,74,74,74,74,74,74,74,74,74,74,74],"relic_stats":{"Singing Bowl":0,"counters":[9,37],"Blue Candle":[2],"Orichalcum":[24],"obtain_stats":[{"Singing Bowl":5,"Blue Candle":6,"Orichalcum":12,"hexamod:SpiritBrand":0,"Meat on the Bone":7},{"Singing Bowl":2,"Blue Candle":3,"Orichalcum":6,"hexamod:SpiritBrand":0,"Meat on the Bone":3},{"Singing Bowl":6,"Blue Candle":10,"Orichalcum":24,"hexamod:SpiritBrand":0,"Meat on the Bone":10}],"Meat on the Bone":36},"card_choices":[{"not_picked":["hexamod:SwordOfDarkness","hexamod:BurningTouch"],"picked":"hexamod:Incineration","floor":2.0},{"not_picked":["hexamod:CatchUp","hexamod:FastForward"],"picked":"hexamod:Hexaguard","floor":3.0},{"not_picked":["hexamod:NightmareStrike","hexamod:AdvancingGuard"],"picked":"hexamod:HeatMetal","floor":6.0},{"not_picked":["hexamod:Rewind","hexamod:Haunt"],"picked":"hexamod:NightmareGuise","floor":9.0},{"not_picked":["hexamod:EtherealExpedition","hexamod:BurningTouch"],"picked":"hexamod:SearingWound","floor":10.0},{"not_picked":["hexamod:SwordOfDarkness","hexamod:GhostLash"],"picked":"hexamod:ApocalypseNow","floor":12.0},{"not_picked":["hexamod:FourthSeal","hexamod:StepThrough"],"picked":"hexamod:HeatShield","floor":14.0},{"not_picked":["hexamod:InspiringFlames","hexamod:ThermalTransfer"],"picked":"hexamod:ShieldOfDarkness","floor":15.0}],"player_experience":1636828,"relics_obtained":[{"floor":6.0,"key":"Blue Candle"},{"floor":7.0,"key":"Meat on the Bone"},{"floor":12.0,"key":"Orichalcum"}],"event_choices":[{"cards_removed":["hexamod:Strike"],"damage_healed":0.0,"max_hp_gain":0.0,"max_hp_loss":0.0,"gold_gain":0.0,"event_name":"The Cleric","player_choice":"Card Removal","floor":4.0,"gold_loss":0.0,"damage_taken":0.0},{"damage_healed":0.0,"max_hp_gain":0.0,"max_hp_loss":0.0,"gold_gain":0.0,"event_name":"Scrap Ooze","player_choice":"Success","floor":5.0,"gold_loss":0.0,"damage_taken":18.0,"relics_obtained":["Singing Bowl"]},{"damage_healed":0.0,"max_hp_gain":5.0,"max_hp_loss":0.0,"gold_gain":0.0,"event_name":"Big Fish","player_choice":"Donut","floor":8.0,"gold_loss":0.0,"damage_taken":0.0}],"is_beta":false,"boss_relics":[],"items_purged_floors":[],"is_endless":false,"potions_floor_spawned":[2,9,14,15],"killed_by":"downfall:Defect","ascension_level":20}}