{"host":"8xt6qtpg1rkermdd","time":1609403475,"event":{"mods":["AchievementEnabler","Astrologer","Bard","BaseMod","Colored Powertips","Conspire","Downfall","Hermit","Highlight Path","Hubris","Infinite Spire","Jorbs\u0027s Wanderer Trilogy","Minty Spire (QoL Compilation)","Replay The Spire","Shade Mod","StSLib","The Blackbeard","The Bladedancer","The Bug Knight","The Construct","The Cursed","The Disciple","The Gatherer","The Hierophant","The Judge","The Marked","The Mystic","The Runesmith","The Servant 0.9.4","The Spell Scribe","TheArtist","TheFirefly","TheVacant"],"gold_per_floor":[118,118,118,128,139,168,168,179,179,179,179],"floor_reached":10,"playtime":1058,"items_purged":[],"score":68,"play_id":"fa4acf21-dd55-4b84-80d2-66c7b5a846aa","local_time":"20201231023115","is_ascension_mode":false,"campfire_choices":[{"data":"theScribe:MagicMissiles","floor":7,"key":"SMITH"}],"circlet_count":0,"master_deck":["theScribe:StarterAttack","theScribe:StarterAttack","theScribe:LightningStrike","theScribe:LightningStrike","theScribe:StarterDefend","theScribe:StarterDefend","theScribe:StarterDefend","theScribe:IcyDefend","theScribe:IcyDefend","theScribe:StarterModifier+1","theScribe:Frost","theScribe:MagicMissiles+1","theScribe:Focused","theScribe:EnchantedStrike","theScribe:ArcaneArcing"],"relics":["theScribe:StarterRelic1","hubris:BottledRain","conspire:BottledYoYo"],"acts_visited":["Exordium"],"potions_floor_usage":[],"damage_taken":[{"damage":0,"enemies":"Small Slimes","floor":1,"turns":5},{"damage":12,"enemies":"Cultist","floor":4,"turns":5},{"damage":9,"enemies":"conspire:RoseBush","floor":5,"turns":3},{"damage":34,"enemies":"Replay:BlueRogue","floor":6,"turns":5},{"damage":17,"enemies":"3 Louse","floor":8,"turns":5},{"damage":13,"enemies":"3 Sentries","floor":10,"turns":4}],"seed_played":"-279265923775604131","potions_obtained":[{"floor":4,"key":"Languid Potion"},{"floor":6,"key":"Swift Potion"},{"floor":8,"key":"Venom Potion"}],"is_trial":false,"path_per_floor":["M","?","?","M","M","E","R","M","T","E"],"character_chosen":"THE_SCRIBE","items_purchased":[],"campfire_rested":0,"item_purchase_floors":[],"current_hp_per_floor":[82,82,82,70,61,27,27,10,10,0,0],"gold":179,"neow_bonus":"TEN_PERCENT_HP_BONUS","is_daily":false,"chose_seed":false,"campfire_upgraded":1,"win_rate":0.0,"timestamp":1609403475,"path_taken":["M","?","?","M","?","E","R","M","T","E"],"items_purchased_type":[],"build_version":"2020-12-22","purchased_purges":0,"victory":false,"max_hp_per_floor":[82,82,82,82,82,82,82,82,82,82,82],"card_choices":[{"not_picked":["theScribe:ScrollOfScrying","theScribe:FocusingBlow"],"picked":"theScribe:Frost","floor":1},{"not_picked":["theScribe:Dark","theScribe:Incendio"],"picked":"theScribe:MagicMissiles","floor":4},{"not_picked":["theScribe:Insight","theScribe:Divination"],"picked":"theScribe:Focused","floor":5},{"not_picked":["theScribe:WeirdToxin","theScribe:RecklessResponse"],"picked":"theScribe:EnchantedStrike","floor":6},{"not_picked":["theScribe:ArcaneBarrier","theScribe:Focused"],"picked":"theScribe:ArcaneArcing","floor":8}],"player_experience":45870,"relics_obtained":[{"floor":6,"key":"hubris:BottledRain"},{"floor":9,"key":"conspire:BottledYoYo"}],"event_choices":[{"damage_healed":0,"gold_gain":0,"player_choice":"Leave","damage_taken":0,"max_hp_gain":0,"max_hp_loss":0,"event_name":"The Cleric","floor":2,"gold_loss":0},{"damage_healed":0,"gold_gain":0,"player_choice":"Forge","damage_taken":0,"max_hp_gain":0,"max_hp_loss":0,"event_name":"Accursed Blacksmith","floor":3,"gold_loss":0,"cards_upgraded":["theScribe:StarterModifier"]}],"is_beta":false,"boss_relics":[],"items_purged_floors":[],"is_endless":false,"potions_floor_spawned":[4,6,8],"killed_by":"3 Sentries","ascension_level":0}}