{"host":"tb138zs7vhci6g1j","time":1609383992,"event":{"mods":["2.2 Compatiblity","Aspiration","BaseMod","Better Note","Friendly Minions","Minty Spire (QoL Compilation)","RNG Fix","Rare Cards Sparkle","StSLib","The Marked"],"gold_per_floor":[109,127,127,143,157,188,188,214,214,214,489,18,48,63,63,161,161,180,195,195,375,394,425,425,31,104,133,143,45,45,57,57,160,160,180,227,227,12,24,24,24,24,24,35,60,80,80,96,96,96],"floor_reached":51,"playtime":2985,"items_purged":["Regret","Injury"],"score":1013,"play_id":"c0bd0184-3fbe-4ff8-82b0-a81b2857911c","local_time":"20201231050632","is_ascension_mode":true,"campfire_choices":[{"data":"theMarked:SoldierOfQuellstein","floor":7,"key":"SMITH"},{"data":"theMarked:StartUp","floor":10,"key":"SMITH"},{"data":"theMarked:AttractMetal","floor":15,"key":"SMITH"},{"data":"theMarked:HeightenedSenses","floor":24,"key":"SMITH"},{"floor":30,"key":"REST"},{"data":"theMarked:Indomitable","floor":32,"key":"SMITH"},{"data":"Good Instincts","floor":40,"key":"SMITH"},{"data":"theMarked:EmpowerWeapon","floor":42,"key":"SMITH"},{"floor":49,"key":"REST"}],"circlet_count":0,"master_deck":["theMarked:Strike","theMarked:Strike","theMarked:Strike","theMarked:Strike","theMarked:Strike","theMarked:Defend","theMarked:Defend","theMarked:Defend","theMarked:Defend","theMarked:SoldierOfQuellstein+1","theMarked:StartUp+1","theMarked:ElectricStrings","theMarked:SwordAndMagic+1","theMarked:MuscleMemory+1","theMarked:ParalyzingBlade","theMarked:EmpowerWeapon+1","theMarked:AttractMetal+1","Good Instincts+1","theMarked:MuscleMemory+1","CurseOfTheBell","theMarked:Indomitable+1","theMarked:HeightenedSenses+1","theMarked:TunnelVision+1","theMarked:Defy+1","theMarked:SoldierForm","theMarked:HeightenedSenses+1","theMarked:ResourceFulStrike+1","Parasite","theMarked:TakeOffHeels","Writhe"],"relics":["theMarked:ArtifactOfAir","aspiration:Nostalgia","Burning Blood","Molten Egg 2","Blood Vial","Blue Candle","aspiration:StickyExplosives_weak","Membership Card","Anchor","Sundial","Strawberry","aspiration:ChemicalBlood","The Courier","Unceasing Top","Nloth\u0027s Gift","Oddly Smooth Stone","Nunchaku","Darkstone Periapt","CaptainsWheel","Akabeko","Question Card","Art of War","Letter Opener","Cursed Key","theMarked:SecretDocuments","Gremlin Horn","FossilizedHelix","InkBottle","Frozen Egg 2"],"acts_visited":["Exordium","TheCity","TheBeyond"],"potions_floor_usage":[8,22,23,27,27,31,33,33,50,50,50,50,50],"damage_taken":[{"damage":1,"enemies":"Cultist","floor":1,"turns":3},{"damage":6,"enemies":"Jaw Worm","floor":2,"turns":3},{"damage":4,"enemies":"2 Louse","floor":4,"turns":3},{"damage":6,"enemies":"Exordium Wildlife","floor":5,"turns":4},{"damage":22,"enemies":"3 Sentries","floor":6,"turns":7},{"damage":17,"enemies":"Lagavulin","floor":8,"turns":4},{"damage":15,"enemies":"3 Sentries","floor":13,"turns":6},{"damage":0,"enemies":"2 Fungi Beasts","floor":14,"turns":2},{"damage":15,"enemies":"The Guardian","floor":16,"turns":10},{"damage":13,"enemies":"3 Byrds","floor":18,"turns":6},{"damage":0,"enemies":"Chosen","floor":19,"turns":4},{"damage":0,"enemies":"Sentry and Sphere","floor":22,"turns":3},{"damage":39,"enemies":"Gremlin Leader","floor":23,"turns":7},{"damage":0,"enemies":"Slavers","floor":27,"turns":4},{"damage":17,"enemies":"Chosen and Byrds","floor":28,"turns":7},{"damage":1,"enemies":"Snecko","floor":31,"turns":4},{"damage":50,"enemies":"Champ","floor":33,"turns":12},{"damage":31,"enemies":"3 Darklings","floor":35,"turns":3},{"damage":3,"enemies":"2 Orb Walkers","floor":36,"turns":4},{"damage":0,"enemies":"Orb Walker","floor":39,"turns":3},{"damage":0,"enemies":"Sphere and 2 Shapes","floor":44,"turns":4},{"damage":57,"enemies":"Giant Head","floor":45,"turns":7},{"damage":0,"enemies":"3 Darklings","floor":46,"turns":2},{"damage":17,"enemies":"Transient","floor":48,"turns":5},{"damage":45,"enemies":"Awakened One","floor":50,"turns":10}],"seed_played":"-1894575269287684798","potions_obtained":[{"floor":1,"key":"SkillPotion"},{"floor":2,"key":"BlessingOfTheForge"},{"floor":6,"key":"Fire Potion"},{"floor":13,"key":"SkillPotion"},{"floor":16,"key":"PowerPotion"},{"floor":22,"key":"SteroidPotion"},{"floor":22,"key":"Explosive Potion"},{"floor":27,"key":"EssenceOfSteel"},{"floor":39,"key":"Regen Potion"}],"is_trial":false,"path_per_floor":["M","M","?","M","M","E","R","E","T","R","?","$","E","M","R","B",null,"M","M","?","?","M","E","R","$","T","E","M","$","R","M","R","B",null,"M","?","?","$","M","R","$","R","T","M","E","M","?","M","R","B",null],"character_chosen":"THE_DEFAULT","items_purchased":["Membership Card","Anchor","Sundial","theMarked:AttractMetal","Good Instincts","Nunchaku","Darkstone Periapt","CaptainsWheel","Akabeko","Letter Opener","Gremlin Horn","FossilizedHelix"],"campfire_rested":2,"item_purchase_floors":[12,12,12,12,12,25,25,25,25,29,38,38],"current_hp_per_floor":[70,70,70,70,70,54,54,45,45,45,45,45,45,53,53,46,69,64,72,72,53,61,30,30,30,30,38,29,29,52,59,59,17,62,39,44,44,44,52,52,52,52,58,66,17,25,52,43,69,47],"gold":96,"neow_bonus":"NOSTALGIA","is_daily":false,"chose_seed":false,"campfire_upgraded":7,"win_rate":0.0,"timestamp":1609383992,"path_taken":["M","M","?","M","M","E","R","E","T","R","?","?","E","M","R","BOSS","M","M","?","?","?","E","R","$","T","E","M","$","R","M","R","BOSS","M","?","?","$","M","R","?","R","T","M","E","M","?","M","R","BOSS"],"items_purchased_type":["Relic","Relic","Relic","Card","Card","Relic","Relic","Relic","Relic","Relic","Relic","Relic"],"build_version":"2020-12-22","purchased_purges":2,"victory":true,"max_hp_per_floor":[70,70,70,70,70,70,70,70,70,70,70,70,77,77,77,77,77,77,77,77,77,77,77,77,77,77,77,77,77,77,77,77,77,77,77,77,77,77,77,77,77,77,83,83,83,83,89,89,89,89],"card_choices":[{"not_picked":["theMarked:Improvise","theMarked:Aftermath"],"picked":"theMarked:StartUp","floor":1},{"not_picked":["theMarked:BanishingStrike","theMarked:TwofoldDefense"],"picked":"theMarked:ElectricStrings","floor":2},{"not_picked":["theMarked:WardOff","theMarked:Frustration+1"],"picked":"theMarked:SwordAndMagic+1","floor":4},{"not_picked":["theMarked:PowerFlow","theMarked:Parry"],"picked":"theMarked:MuscleMemory+1","floor":5},{"not_picked":["theMarked:HeritageOfTheMarked","theMarked:Parry"],"picked":"theMarked:ParalyzingBlade","floor":6},{"not_picked":["theMarked:Vacuum+1","theMarked:BanishingStrike+1"],"picked":"theMarked:EmpowerWeapon","floor":8},{"not_picked":["theMarked:Parkour+1","theMarked:GodGivenPower","theMarked:Overthink"],"picked":"SKIP","floor":13},{"not_picked":["theMarked:RepellingDischarge","theMarked:Aftermath","theMarked:ChainLightning+1"],"picked":"SKIP","floor":14},{"not_picked":["theMarked:MagicAdept","theMarked:Vacuum+1"],"picked":"theMarked:MuscleMemory+1","floor":16},{"not_picked":["theMarked:Overcharge+1","theMarked:ResourceFulStrike+1"],"picked":"theMarked:Indomitable","floor":18},{"not_picked":["theMarked:ReduceFriction+1","theMarked:Static","theMarked:Frustration+1"],"picked":"SKIP","floor":19},{"not_picked":["theMarked:ChainLightning+1","theMarked:Aftermath","theMarked:TwofoldDefense"],"picked":"SKIP","floor":22},{"not_picked":["theMarked:RepellingDischarge","theMarked:SwordAndMagic+1"],"picked":"theMarked:HeightenedSenses","floor":23},{"not_picked":["theMarked:RogueSparks","theMarked:BanishingStrike+1","theMarked:LightningStrikesTwice+1"],"picked":"theMarked:TunnelVision+1","floor":27},{"not_picked":["theMarked:Parry","theMarked:ElectricStrings+1","theMarked:Polarize"],"picked":"theMarked:Defy+1","floor":28},{"not_picked":["theMarked:Generate+1","theMarked:Indomitable+1","theMarked:Parry","theMarked:ChainLightning+1"],"picked":"SKIP","floor":31},{"not_picked":["theMarked:ThrowWeapon+1","theMarked:Snap+1","theMarked:Levitate"],"picked":"theMarked:SoldierForm","floor":33},{"not_picked":["theMarked:BanishingStrike+1","theMarked:EnhancedHearing","theMarked:RepellingDischarge"],"picked":"theMarked:HeightenedSenses+1","floor":35},{"not_picked":["theMarked:BanishingStrike+1","theMarked:Standoff","theMarked:LightningStrikesTwice+1"],"picked":"theMarked:ResourceFulStrike+1","floor":36},{"not_picked":["theMarked:BanishingWave+1","theMarked:SwordAndMagic+1","theMarked:ReduceFriction+1","theMarked:Improvise+1"],"picked":"SKIP","floor":39},{"not_picked":["theMarked:ParalyzingBlade","theMarked:Frustration+1","theMarked:Seal","theMarked:BanishingWave+1"],"picked":"SKIP","floor":44},{"not_picked":["theMarked:Challenge","theMarked:MagicAdept+1","theMarked:StartUp+1"],"picked":"theMarked:TakeOffHeels","floor":45},{"not_picked":["theMarked:Static","theMarked:HeritageOfTheMarked+1","theMarked:RepellingDischarge","theMarked:Parry"],"picked":"SKIP","floor":46},{"not_picked":["theMarked:WardOff+1","theMarked:SwordAndMagic+1","theMarked:CreepingChasm+1","theMarked:WastefulAttack+1"],"picked":"SKIP","floor":48}],"player_experience":1716188,"relics_obtained":[{"floor":6,"key":"Blood Vial"},{"floor":8,"key":"Blue Candle"},{"floor":9,"key":"aspiration:StickyExplosives_weak"},{"floor":13,"key":"Strawberry"},{"floor":17,"key":"aspiration:ChemicalBlood"},{"floor":17,"key":"The Courier"},{"floor":17,"key":"Unceasing Top"},{"floor":23,"key":"Oddly Smooth Stone"},{"floor":26,"key":"Question Card"},{"floor":27,"key":"Art of War"},{"floor":36,"key":"theMarked:SecretDocuments"},{"floor":43,"key":"InkBottle"},{"floor":45,"key":"Frozen Egg 2"}],"event_choices":[{"damage_healed":0,"gold_gain":275,"player_choice":"Desecrate","damage_taken":0,"max_hp_gain":0,"max_hp_loss":0,"event_name":"Golden Shrine","floor":11,"gold_loss":0,"cards_obtained":["Regret"]},{"damage_healed":0,"gold_gain":0,"player_choice":"Traded Relic","damage_taken":0,"relics_obtained":["Nloth\u0027s Gift"],"max_hp_gain":0,"max_hp_loss":0,"event_name":"N\u0027loth","floor":20,"relics_lost":["Calling Bell"],"gold_loss":0},{"damage_healed":0,"gold_gain":180,"player_choice":"GOLD GOLD ","damage_taken":19,"max_hp_gain":0,"max_hp_loss":0,"event_name":"Knowing Skull","floor":21,"potions_obtained":[],"gold_loss":0,"cards_obtained":[]},{"damage_healed":0,"gold_gain":0,"player_choice":"Fight","damage_taken":0,"max_hp_gain":0,"max_hp_loss":0,"event_name":"Mysterious Sphere","floor":36,"gold_loss":0},{"damage_healed":0,"gold_gain":0,"player_choice":"Ignored","damage_taken":0,"max_hp_gain":0,"max_hp_loss":0,"event_name":"Tomb of Lord Red Mask","floor":37,"gold_loss":0},{"damage_healed":21,"gold_gain":0,"player_choice":"Writhe","damage_taken":0,"max_hp_gain":0,"max_hp_loss":0,"event_name":"Winding Halls","floor":47,"gold_loss":0,"cards_obtained":["Writhe"]}],"is_beta":false,"boss_relics":[{"not_picked":["SacredBark","Runic Dome"],"picked":"Calling Bell"},{"not_picked":["Sozu","aspiration:FutureDiary"],"picked":"Cursed Key"}],"items_purged_floors":[12,25],"is_endless":false,"potions_floor_spawned":[1,2,6,13,16,19,22,27,36,39,44],"ascension_level":5}}