{"host":"fwes8e3a36usabj9","time":1609457079,"event":{"mods":["BaseMod","Colored Map","Colored Powertips","Minty Spire (QoL Compilation)"],"gold_per_floor":[118,135,135,135,153,182,182,202,202,202,15,15,45,58,58,163,163,177,196,196,43,63,63,95,43,68,68,79,79,96,16,16,16,16],"floor_reached":33,"playtime":1855,"items_purged":["Decay"],"score":331,"play_id":"10f30194-885e-4012-a3ed-3ffaad711fec","local_time":"20201231152439","is_ascension_mode":true,"campfire_choices":[{"floor":7,"key":"REST"},{"data":"Searing Blow+1","floor":10,"key":"SMITH"},{"data":"Searing Blow+2","floor":12,"key":"SMITH"},{"data":"Searing Blow+3","floor":15,"key":"SMITH"},{"data":"Searing Blow+4","floor":23,"key":"SMITH"},{"floor":27,"key":"REST"},{"floor":32,"key":"REST"}],"circlet_count":0,"master_deck":["Strike_R+1","Strike_R","Strike_R","Strike_R+1","Defend_R","Defend_R","Defend_R","Bash","Searing Blow+5","Disarm","Warcry","Iron Wave","Whirlwind","Seeing Red","Metallicize","Feed","Uppercut","Headbutt","Double Tap","Whirlwind+1","Shrug It Off","Shrug It Off","Rampage","Intimidate"],"relics":["Empty Cage","Lantern","Bottled Flame","Medical Kit","Unceasing Top","Runic Dome","Gremlin Horn","PreservedInsect"],"acts_visited":["Exordium","TheCity"],"potions_floor_usage":[5,6,16,22,24,33,33],"damage_taken":[{"damage":0,"enemies":"Small Slimes","floor":1,"turns":3},{"damage":3,"enemies":"2 Louse","floor":2,"turns":3},{"damage":0,"enemies":"Jaw Worm","floor":5,"turns":2},{"damage":25,"enemies":"3 Sentries","floor":6,"turns":7},{"damage":5,"enemies":"Looter","floor":8,"turns":3},{"damage":2,"enemies":"Large Slime","floor":14,"turns":4},{"damage":31,"enemies":"Hexaghost","floor":16,"turns":13},{"damage":18,"enemies":"Spheric Guardian","floor":18,"turns":4},{"damage":0,"enemies":"3 Byrds","floor":19,"turns":4},{"damage":13,"enemies":"3 Cultists","floor":22,"turns":4},{"damage":26,"enemies":"Slavers","floor":24,"turns":3},{"damage":25,"enemies":"Snake Plant","floor":28,"turns":3},{"damage":28,"enemies":"Shelled Parasite and Fungi","floor":30,"turns":3},{"damage":0,"enemies":"Automaton","floor":33,"turns":2}],"seed_played":"6970755959994727525","potions_obtained":[{"floor":1,"key":"Strength Potion"},{"floor":2,"key":"Block Potion"},{"floor":8,"key":"ElixirPotion"},{"floor":14,"key":"ColorlessPotion"},{"floor":18,"key":"Fire Potion"},{"floor":28,"key":"SneckoOil"},{"floor":29,"key":"FairyPotion"},{"floor":29,"key":"HeartOfIron"},{"floor":30,"key":"Swift Potion"}],"is_trial":false,"path_per_floor":["M","M","?","?","M","E","R","M","T","R","$","R","?","M","R","B",null,"M","M","?","$","M","R","E","$","T","R","M","?","M","$","R","B"],"character_chosen":"IRONCLAD","items_purchased":["Medical Kit","Seeing Red","Double Tap","Shrug It Off","Intimidate"],"campfire_rested":3,"item_purchase_floors":[11,11,21,25,31],"current_hp_per_floor":[80,77,61,61,61,36,60,55,55,55,55,55,55,53,53,22,66,48,51,51,51,38,38,12,12,12,36,11,11,24,24,48,48,48],"gold":16,"neow_bonus":"BOSS_RELIC","is_daily":false,"chose_seed":false,"campfire_upgraded":4,"win_rate":0.0,"timestamp":1609457079,"path_taken":["M","M","?","?","M","E","R","M","T","R","$","R","?","?","R","BOSS","M","M","?","$","M","R","E","$","T","R","M","?","?","?","R","BOSS"],"items_purchased_type":["Relic","Card","Card","Card","Card"],"build_version":"2020-12-22","purchased_purges":1,"victory":false,"max_hp_per_floor":[80,80,80,80,80,80,80,80,80,80,80,80,80,80,80,80,80,80,83,83,83,83,83,83,83,83,83,83,83,83,83,83,83,83],"card_choices":[{"not_picked":["Sword Boomerang","Body Slam"],"picked":"Searing Blow","floor":1},{"not_picked":["Perfected Strike","Whirlwind"],"picked":"Disarm","floor":2},{"not_picked":["Combust","Body Slam"],"picked":"Warcry","floor":5},{"not_picked":["Thunderclap","Dropkick"],"picked":"Iron Wave","floor":6},{"not_picked":["Clash","Warcry"],"picked":"Whirlwind","floor":8},{"not_picked":["Shrug It Off","Uppercut"],"picked":"Metallicize","floor":14},{"not_picked":["Exhume","Demon Form"],"picked":"Feed","floor":16},{"not_picked":["Flex","Wild Strike"],"picked":"Uppercut","floor":18},{"not_picked":["Carnage","Clothesline"],"picked":"Headbutt","floor":19},{"not_picked":["Infernal Blade","Cleave","Twin Strike"],"picked":"SKIP","floor":22},{"not_picked":["Wild Strike","Sword Boomerang"],"picked":"Whirlwind+1","floor":24},{"not_picked":["Immolate","Wild Strike"],"picked":"Shrug It Off","floor":28},{"not_picked":["Perfected Strike","Havoc"],"picked":"Rampage","floor":30}],"player_experience":663106,"relics_obtained":[{"floor":6,"key":"Lantern"},{"floor":9,"key":"Bottled Flame"},{"floor":24,"key":"Gremlin Horn"},{"floor":26,"key":"PreservedInsect"}],"event_choices":[{"damage_healed":0,"gold_gain":0,"player_choice":"Entered Light","damage_taken":16,"max_hp_gain":0,"max_hp_loss":0,"event_name":"Shining Light","floor":3,"gold_loss":0,"cards_upgraded":["Strike_R","Strike_R"]},{"damage_healed":0,"gold_gain":0,"player_choice":"Grow","damage_taken":0,"max_hp_gain":0,"max_hp_loss":0,"event_name":"Living Wall","floor":4,"gold_loss":0,"cards_upgraded":["Searing Blow"]},{"damage_healed":0,"gold_gain":30,"player_choice":"Searched \u00272\u0027 times","damage_taken":0,"relics_obtained":["Unceasing Top"],"max_hp_gain":0,"max_hp_loss":0,"event_name":"Dead Adventurer","floor":13,"gold_loss":0},{"damage_healed":0,"gold_gain":0,"player_choice":"Smashed Altar","damage_taken":0,"max_hp_gain":0,"max_hp_loss":0,"event_name":"Forgotten Altar","floor":20,"gold_loss":0,"cards_obtained":["Decay"]},{"damage_healed":0,"gold_gain":0,"player_choice":"Got Potions","damage_taken":0,"max_hp_gain":0,"max_hp_loss":0,"event_name":"Lab","floor":29,"gold_loss":0}],"is_beta":false,"boss_relics":[{"not_picked":["Runic Pyramid","Sozu"],"picked":"Runic Dome"}],"items_purged_floors":[21],"is_endless":false,"potions_floor_spawned":[1,2,8,14,18,28,30],"killed_by":"Automaton","ascension_level":5}}