{"host":"0cgp910o8339lr91","time":1609376976,"event":{"mods":["BaseMod","Colored Map","Filter the Spire","Minty Spire (QoL Compilation)","Relic Stats","Slay-I","ojb\u0027s Better Paths Mod","ojb\u0027s Info Mod"],"gold_per_floor":[114,114,74,89,89,119,119,134,203,238,256,286,286,16,16,90,90,101,101,115,126,139,173,173,173],"floor_reached":24,"playtime":2442,"items_purged":[],"score":704,"play_id":"4e646cd3-c14f-4126-b415-cd587f60b304","local_time":"20201231020936","is_ascension_mode":true,"campfire_choices":[{"data":"Study","floor":7.0,"key":"SMITH"},{"data":"TalkToTheHand","floor":13.0,"key":"SMITH"},{"data":"EmptyBody","floor":15.0,"key":"SMITH"}],"circlet_count":0,"master_deck":["AscendersBane","Eruption+1","Vigilance+1","CarveReality","Study+1","Prostrate","Nirvana","FearNoEvil","TalkToTheHand+1","DevaForm","FearNoEvil","EmptyBody+1","FlurryOfBlows","JustLucky","DevaForm","ConjureBlade","TalkToTheHand+1","TalkToTheHand+1","DeceiveReality","Vault"],"relics":["Pandora\u0027s Box","Potion Belt","TeardropLocket","Happy Flower","Molten Egg 2","Fusion Hammer","Nloth\u0027s Gift","Sundial"],"acts_visited":["Exordium","TheCity"],"potions_floor_usage":[22],"damage_taken":[{"damage":0.0,"enemies":"2 Louse","floor":1.0,"turns":3.0},{"damage":8.0,"enemies":"Jaw Worm","floor":4.0,"turns":3.0},{"damage":0.0,"enemies":"Lagavulin","floor":6.0,"turns":5.0},{"damage":2.0,"enemies":"Cultist","floor":8.0,"turns":3.0},{"damage":24.0,"enemies":"Gremlin Nob","floor":10.0,"turns":4.0},{"damage":0.0,"enemies":"Large Slime","floor":11.0,"turns":3.0},{"damage":0.0,"enemies":"Lagavulin","floor":12.0,"turns":5.0},{"damage":0.0,"enemies":"The Guardian","floor":16.0,"turns":10.0},{"damage":30.0,"enemies":"3 Byrds","floor":18.0,"turns":5.0},{"damage":20.0,"enemies":"2 Thieves","floor":20.0,"turns":4.0},{"damage":2.0,"enemies":"Cultist and Chosen","floor":21.0,"turns":3.0},{"damage":5,"enemies":"Chosen and Byrds","floor":22,"turns":6},{"damage":0,"enemies":"Book of Stabbing","floor":23,"turns":6},{"damage":7,"enemies":"Centurion and Healer","floor":24,"turns":1}],"seed_played":"-6654681584589216836","potions_obtained":[{"floor":3.0,"key":"SteroidPotion"},{"floor":3.0,"key":"Energy Potion"},{"floor":6.0,"key":"EssenceOfSteel"},{"floor":16.0,"key":"Ancient Potion"},{"floor":18.0,"key":"Swift Potion"},{"floor":20.0,"key":"CultistPotion"},{"floor":22,"key":"Energy Potion"}],"is_trial":false,"path_per_floor":["M","?","?","M","?","E","R","M","T","E","M","E","R","$","R","B",null,"M","?","M","M","M","E","M"],"character_chosen":"WATCHER","items_purchased":["Molten Egg 2"],"campfire_rested":0,"item_purchase_floors":[14],"current_hp_per_floor":[61,41,41,33,33,33,33,31,31,7,7,14,14,14,14,14,60,30,30,10,8,3,3,0,0],"gold":173,"neow_bonus":"BOSS_RELIC","is_daily":false,"chose_seed":false,"campfire_upgraded":3,"win_rate":0.0,"timestamp":1609376976,"path_taken":["M","?","?","?","?","E","R","M","T","E","M","E","R","?","R","BOSS","M","?","M","?","M","E","M"],"items_purchased_type":["Relic"],"build_version":"2020-12-22","purchased_purges":0,"victory":false,"max_hp_per_floor":[68,68,68,68,68,68,68,68,68,68,68,75,75,75,75,75,75,75,75,75,75,75,75,75,75],"relic_stats":{"Happy Flower":[14],"counters":[14,61],"Sundial":[0],"Pandora\u0027s Box":["CarveReality","Study","Prostrate","Nirvana","FearNoEvil","TalkToTheHand","DevaForm","FearNoEvil"],"Nloth\u0027s Gift":1,"obtain_stats":[{"Potion Belt":6,"Happy Flower":10,"Sundial":23,"Strawberry":12,"Pandora\u0027s Box":0,"Molten Egg 2":14,"Fusion Hammer":17,"Nloth\u0027s Gift":19,"TeardropLocket":9,"PureWater":0},{"Potion Belt":3,"Happy Flower":5,"Sundial":13,"Strawberry":7,"Pandora\u0027s Box":0,"Molten Egg 2":7,"Fusion Hammer":8,"Nloth\u0027s Gift":9,"TeardropLocket":4,"PureWater":0},{"Potion Belt":11,"Happy Flower":18,"Sundial":60,"Strawberry":26,"Pandora\u0027s Box":0,"Molten Egg 2":26,"Fusion Hammer":36,"Nloth\u0027s Gift":41,"TeardropLocket":14,"PureWater":0}]},"card_choices":[{"not_picked":["FollowUp","Conclude"],"picked":"EmptyBody","floor":1.0},{"not_picked":["ClearTheMind","BowlingBash","PathToVictory"],"picked":"SKIP","floor":4.0},{"not_picked":["FollowUp","Swivel","FearNoEvil"],"picked":"SKIP","floor":6.0},{"not_picked":["MasterReality","ForeignInfluence"],"picked":"FlurryOfBlows","floor":8.0},{"not_picked":["MasterReality","SandsOfTime","ThirdEye"],"picked":"SKIP","floor":10.0},{"not_picked":["FlyingSleeves","CrushJoints"],"picked":"JustLucky","floor":11.0},{"not_picked":["Crescendo","EmptyBody"],"picked":"DevaForm","floor":12.0},{"not_picked":["LessonLearned+1","Judgement"],"picked":"ConjureBlade","floor":16.0},{"not_picked":["JustLucky+1","Evaluate","SandsOfTime+1"],"picked":"SKIP","floor":18.0},{"not_picked":["Halt","JustLucky+1"],"picked":"TalkToTheHand+1","floor":20.0},{"not_picked":["Protect+1","EmptyMind+1"],"picked":"TalkToTheHand+1","floor":21.0},{"not_picked":["BowlingBash+1","FollowUp+1"],"picked":"DeceiveReality","floor":22},{"not_picked":["CrushJoints+1","Prostrate"],"picked":"Vault","floor":23}],"player_experience":1267722,"relics_obtained":[{"floor":6.0,"key":"Potion Belt"},{"floor":9.0,"key":"TeardropLocket"},{"floor":10.0,"key":"Happy Flower"},{"floor":12.0,"key":"Strawberry"},{"floor":23,"key":"Sundial"}],"event_choices":[{"damage_healed":0.0,"max_hp_gain":0.0,"max_hp_loss":0.0,"gold_gain":0.0,"event_name":"Shining Light","player_choice":"Entered Light","floor":2.0,"gold_loss":0.0,"damage_taken":20.0,"cards_upgraded":["Eruption","Vigilance"]},{"damage_healed":0.0,"max_hp_gain":0.0,"max_hp_loss":0.0,"gold_gain":0.0,"event_name":"The Woman in Blue","player_choice":"Bought 3 Potions","floor":3.0,"gold_loss":0.0,"damage_taken":0.0},{"damage_healed":0.0,"max_hp_gain":0.0,"max_hp_loss":0.0,"gold_gain":0.0,"event_name":"Lab","player_choice":"Got Potions","floor":5.0,"gold_loss":0.0,"damage_taken":0.0},{"damage_healed":0.0,"max_hp_gain":0.0,"max_hp_loss":0.0,"gold_gain":0.0,"event_name":"N\u0027loth","player_choice":"Traded Relic","floor":19.0,"relics_lost":["Strawberry"],"gold_loss":0.0,"damage_taken":0.0,"relics_obtained":["Nloth\u0027s Gift"]}],"is_beta":false,"boss_relics":[{"not_picked":["Black Star","SacredBark"],"picked":"Fusion Hammer"}],"items_purged_floors":[],"is_endless":false,"potions_floor_spawned":[6,16,18,20,22],"killed_by":"Centurion and Healer","ascension_level":19}}