{"host":"Terry","time":1609423144,"event":{"mods":["BaseMod","Downfall","Hubris","Minty Spire (QoL Compilation)","Replay The Spire","StSLib"],"gold_per_floor":[99,99,199,199,73,86,86,121,142,142,153,167,193,193,208,307,307,307,317,334,350,255,255,255,53,53,53,69,54,88,73,73,73,73],"floor_reached":32,"playtime":2132,"items_purged":["champ:Strike"],"score":269,"play_id":"c755d1f5-cd20-43ff-bfe2-7c47f704825b","local_time":"20201231085904","is_ascension_mode":true,"campfire_choices":[{"data":"champ:Taunt","floor":1,"key":"SMITH"},{"data":"champ:Improvising","floor":18,"key":"SMITH"},{"data":"champ:CrownThrow","floor":23,"key":"SMITH"}],"circlet_count":0,"master_deck":["champ:Strike","champ:Strike","champ:Defend","champ:Defend","champ:Defend","champ:Defend","champ:Execute","champ:Taunt+1","champ:Haymaker","champ:FlashCut","champ:FanOfKnives","champ:RageSigil","champ:TornadoPunch","champ:Improvising+1","champ:Balance","champ:BringItOn","champ:Circumvent","champ:GutPunch","champ:SkillfulDodge","champ:CrownThrow+1","champ:DefensiveShout+1","champ:Circumvent+1","champ:FalseCounter","champ:DeathBlow","champ:DefensiveStyle","champ:StanceDance","Mayhem","Pain","champ:CrookedStrike","champ:StrikeOfGenius"],"relics":["champ:ChampionCrown","downfall:HeartsMalice","hubris:Zylophone","Replay:Bottled Steam","Odd Mushroom","champ:LiftRelic","Strawberry","Coffee Dripper","Replay:Accelerometer","Anchor","WarpedTongs","Boot"],"acts_visited":["Exordium","TheCity"],"potions_floor_usage":[16],"damage_taken":[{"damage":0,"enemies":"Jaw Worm","floor":2,"turns":1},{"damage":0,"enemies":"Cultist","floor":4,"turns":1},{"damage":0,"enemies":"downfall:FleeingMerchant","floor":5,"turns":1},{"damage":7,"enemies":"2 Louse","floor":6,"turns":4},{"damage":51,"enemies":"Lagavulin","floor":8,"turns":6},{"damage":9,"enemies":"The Mushroom Lair","floor":9,"turns":3},{"damage":0,"enemies":"Blue Slaver","floor":11,"turns":3},{"damage":5,"enemies":"Exordium Thugs","floor":12,"turns":2},{"damage":20,"enemies":"Lots of Slimes","floor":15,"turns":3},{"damage":29,"enemies":"downfall:Watcher","floor":16,"turns":10},{"damage":11,"enemies":"Shell Parasite","floor":19,"turns":3},{"damage":14,"enemies":"3 Byrds","floor":20,"turns":5},{"damage":11,"enemies":"Centurion and Healer","floor":21,"turns":6},{"damage":1,"enemies":"downfall:FleeingMerchant","floor":22,"turns":4},{"damage":10,"enemies":"downfall:FleeingMerchant","floor":25,"turns":4},{"damage":30,"enemies":"Shelled Parasite and Fungi","floor":28,"turns":5},{"damage":14,"enemies":"downfall:FleeingMerchant","floor":29,"turns":4},{"damage":50,"enemies":"Gremlin Leader","floor":30,"turns":6},{"damage":10,"enemies":"downfall:FleeingMerchant","floor":31,"turns":4},{"damage":30,"enemies":"Sentry and Sphere","floor":32,"turns":3}],"seed_played":"-948276875721087302","potions_obtained":[{"floor":9,"key":"sneckomod:MuddlingPotion"},{"floor":12,"key":"Strength Potion"},{"floor":15,"key":"Slimebound:ThreeZeroPotion"},{"floor":16,"key":"FearPotion"}],"is_trial":false,"path_per_floor":["R","M","?","M","$","M","T","E","?","?","M","M","T","?","M","B",null,"R","M","M","M","$","R","T","$","T","?","M","$","E","$","M"],"character_chosen":"THE_CHAMP","items_purchased":["champ:RageSigil","champ:DefensiveStyle","Mayhem"],"campfire_rested":0,"item_purchase_floors":[5,22,25],"current_hp_per_floor":[90,90,90,90,90,88,88,53,44,44,44,39,46,46,31,20,97,97,94,83,75,74,74,74,74,74,74,67,58,23,20,0,0,0],"gold":73,"neow_bonus":"THREE_ENEMY_KILL","is_daily":false,"chose_seed":false,"campfire_upgraded":3,"win_rate":0.0,"timestamp":1609423144,"path_taken":["R","M","?","M","$","?","T","E","?","?","?","M","?","?","M","BOSS","R","M","M","M","$","R","T","$","?","?","?","$","E","?","M"],"items_purchased_type":["Card","Card","Card"],"build_version":"2020-12-18","purchased_purges":1,"victory":false,"max_hp_per_floor":[90,90,90,90,90,90,90,90,90,90,90,90,97,97,97,97,97,97,97,97,97,97,97,97,97,97,97,97,97,97,97,97,97,97],"card_choices":[{"not_picked":["champ:Lariat","champ:StanceDance"],"picked":"champ:Haymaker","floor":2},{"not_picked":["champ:RageSigil","champ:DefensiveShout"],"picked":"champ:FlashCut","floor":4},{"not_picked":["champ:GladiatorStyle","champ:TornadoPunch"],"picked":"champ:FanOfKnives","floor":5},{"not_picked":["champ:ShieldSigil","champ:Aggression"],"picked":"champ:TornadoPunch","floor":6},{"not_picked":["champ:ShieldSigil","champ:Circumvent"],"picked":"champ:Improvising","floor":8},{"not_picked":["champ:BerserkersShout","champ:FanOfKnives"],"picked":"champ:Balance","floor":9},{"not_picked":["champ:FlashCut","champ:GladiatorsShout"],"picked":"champ:BringItOn","floor":11},{"not_picked":["champ:BerserkersShout","champ:BladeFlurry"],"picked":"champ:Circumvent","floor":12},{"not_picked":["champ:FocusedBerserking","champ:RapidStrikes"],"picked":"champ:SkillfulDodge","floor":15},{"not_picked":["champ:HeavySlash","champ:StrikeOfGenius"],"picked":"champ:CrownThrow","floor":16},{"not_picked":["champ:CrookedStrike","champ:FlashCut+1"],"picked":"champ:DefensiveShout+1","floor":19},{"not_picked":["champ:Aggression","champ:ShieldWall"],"picked":"champ:Circumvent+1","floor":20},{"not_picked":["champ:GladiatorsShout","champ:PerfectedStrike+1"],"picked":"champ:FalseCounter","floor":21},{"not_picked":["champ:RapidStrikes","champ:FlashCut"],"picked":"champ:DeathBlow","floor":22},{"not_picked":["champ:Balance","champ:BerserkersShout"],"picked":"champ:StanceDance","floor":25},{"not_picked":["champ:BringItOn+1","champ:Backstep+1"],"picked":"champ:CrookedStrike","floor":28},{"not_picked":["champ:IronFortress","champ:ViciousMockery+1"],"picked":"champ:StrikeOfGenius","floor":29},{"not_picked":["champ:PerfectedStrike","champ:RageSigil","champ:Riposte"],"picked":"SKIP","floor":30},{"not_picked":["champ:Riposte","champ:DefensiveStyle","champ:GladiatorsShout"],"picked":"SKIP","floor":31}],"player_experience":589460,"relics_obtained":[{"floor":7,"key":"hubris:Zylophone"},{"floor":8,"key":"Replay:Bottled Steam"},{"floor":9,"key":"Odd Mushroom"},{"floor":13,"key":"Strawberry"},{"floor":24,"key":"Replay:Accelerometer"},{"floor":26,"key":"Anchor"},{"floor":30,"key":"Boot"}],"event_choices":[{"damage_healed":0,"gold_gain":0,"player_choice":"Fought Mushrooms","damage_taken":0,"max_hp_gain":0,"max_hp_loss":0,"event_name":"Mushrooms","floor":9,"gold_loss":0},{"damage_healed":0,"gold_gain":0,"cards_transformed":["champ:Strike"],"player_choice":"Transformed","damage_taken":0,"max_hp_gain":0,"max_hp_loss":0,"event_name":"Transmorgrifier","floor":14,"gold_loss":0,"cards_obtained":["champ:GutPunch"]},{"damage_healed":0,"gold_gain":0,"player_choice":"Rummage","damage_taken":0,"relics_obtained":["WarpedTongs"],"max_hp_gain":0,"max_hp_loss":0,"event_name":"Accursed Blacksmith","floor":27,"gold_loss":0,"cards_obtained":["Pain"]}],"is_beta":true,"boss_relics":[{"not_picked":["Busted Crown","hubris:HollowSoul"],"picked":"Coffee Dripper"}],"items_purged_floors":[5],"is_endless":false,"potions_floor_spawned":[9,12,15,16,19,30],"killed_by":"Sentry and Sphere","ascension_level":1}}