{"host":"qj91dvco5uhu9oti","time":1609421891,"event":{"mods":["BaseMod","Colored Map","Keyboard Shortcuts","Minty Spire (QoL Compilation)","Permanent Neow","Relic Stats","StSLib","SuperFastMode","everything is the same but u backflip on backflip"],"gold_per_floor":[113,132,132,157,181,181,28,28,109,127,167,167,9,24,24,24,24],"floor_reached":16,"playtime":381,"items_purged":["Strike_G","Strike_G"],"score":189,"play_id":"0f0f7c3d-02c4-475b-bc81-762772eaba4f","local_time":"20201231223811","is_ascension_mode":true,"campfire_choices":[{"data":"Dash","floor":6.0,"key":"SMITH"},{"data":"Prepared","floor":8.0,"key":"SMITH"},{"data":"Eviscerate","floor":12,"key":"SMITH"},{"data":"Prepared","floor":15,"key":"SMITH"}],"circlet_count":0,"master_deck":["AscendersBane","Strike_G","Strike_G","Strike_G","Defend_G","Defend_G","Defend_G","Defend_G","Defend_G","Survivor","Neutralize","All Out Attack","Dash+1","Prepared+1","PiercingWail","Eviscerate+1","Blur","Backflip","Prepared+1"],"relics":["Ring of the Snake","Art of War","Golden Idol","Ornamental Fan","Vajra"],"acts_visited":["Exordium"],"potions_floor_usage":[],"damage_taken":[{"damage":4.0,"enemies":"Jaw Worm","floor":1.0,"turns":6.0},{"damage":0.0,"enemies":"Small Slimes","floor":2.0,"turns":4.0},{"damage":2.0,"enemies":"Cultist","floor":4.0,"turns":4.0},{"damage":0.0,"enemies":"2 Fungi Beasts","floor":5.0,"turns":4.0},{"damage":6,"enemies":"Looter","floor":10,"turns":4},{"damage":16,"enemies":"Gremlin Nob","floor":11,"turns":5},{"damage":0,"enemies":"3 Louse","floor":14,"turns":5},{"damage":33,"enemies":"Hexaghost","floor":16,"turns":12}],"seed_played":"1023711784869235037","potions_obtained":[{"floor":4.0,"key":"Fire Potion"},{"floor":5.0,"key":"BlessingOfTheForge"}],"is_trial":false,"path_per_floor":["M","M","?","M","M","R","$","R","T","M","E","R","$","M","R","B"],"character_chosen":"THE_SILENT","items_purchased":["Eviscerate","Backflip"],"campfire_rested":0,"item_purchase_floors":[7,13],"current_hp_per_floor":[55,55,55,53,53,53,53,53,53,47,31,31,31,31,31,0,0],"gold":24,"neow_bonus":"RANDOM_COMMON_RELIC","is_daily":false,"chose_seed":false,"campfire_upgraded":4,"win_rate":0.0,"timestamp":1609421891,"path_taken":["M","M","?","M","M","R","$","R","T","M","E","R","?","M","R","BOSS"],"items_purchased_type":["Card","Card"],"build_version":"2020-12-22","purchased_purges":2,"victory":false,"max_hp_per_floor":[66,66,60,60,60,60,60,60,60,60,60,60,60,60,60,60,60],"relic_stats":{"counters":[8,44],"Golden Idol":25,"Ornamental Fan":[16],"Art of War":[3],"obtain_stats":[{"Golden Idol":3,"Ornamental Fan":9,"Vajra":11,"Art of War":0,"Ring of the Snake":0},{"Golden Idol":2,"Ornamental Fan":4,"Vajra":6,"Art of War":0,"Ring of the Snake":0},{"Golden Idol":10,"Ornamental Fan":18,"Vajra":27,"Art of War":0,"Ring of the Snake":0}],"Ring of the Snake":[16]},"card_choices":[{"not_picked":["Flying Knee","Outmaneuver"],"picked":"All Out Attack","floor":1.0},{"not_picked":["Prepared","Bouncing Flask"],"picked":"Dash","floor":2.0},{"not_picked":["Slice","Bouncing Flask"],"picked":"Prepared","floor":4.0},{"not_picked":["Bane","Crippling Poison"],"picked":"PiercingWail","floor":5.0},{"not_picked":["Deadly Poison","Poisoned Stab"],"picked":"Blur","floor":10},{"not_picked":["Sucker Punch","Deadly Poison","Slice"],"picked":"SKIP","floor":11},{"not_picked":["Acrobatics","Expertise"],"picked":"Prepared","floor":14}],"player_experience":327156,"relics_obtained":[{"floor":9.0,"key":"Ornamental Fan"},{"floor":11,"key":"Vajra"}],"event_choices":[{"damage_healed":0.0,"max_hp_gain":0.0,"max_hp_loss":6.0,"gold_gain":0.0,"event_name":"Golden Idol","player_choice":"Lose Max HP","floor":3.0,"gold_loss":0.0,"damage_taken":0.0,"relics_obtained":["Golden Idol"]}],"is_beta":false,"boss_relics":[],"items_purged_floors":[7,13],"is_endless":false,"potions_floor_spawned":[4,5,10,14],"killed_by":"Hexaghost","ascension_level":17}}