{"host":"f5n4tidiz2n5sooh","time":1609394045,"event":{"mods":["BaseMod","Bestiary","Colored Map","Minty Spire (QoL Compilation)","Relic Stats","StSLib"],"gold_per_floor":[114,130,130,180,199,199,228,228,297,297,308,340,351,362,362,435,435,451,471,471,0,20,46,46,72,72,72,72,22,22,22],"floor_reached":30,"playtime":1421,"items_purged":["Strike_B","Strike_B"],"score":606,"play_id":"73274401-6aa1-44a5-9bbc-b6f55be70e93","local_time":"20201230235405","is_ascension_mode":true,"campfire_choices":[{"data":"Defragment","floor":6.0,"key":"SMITH"},{"data":"Go for the Eyes","floor":8.0,"key":"SMITH"},{"data":"Doom and Gloom","floor":10.0,"key":"SMITH"},{"data":"Fission","floor":15,"key":"SMITH"},{"data":"Capacitor","floor":24,"key":"SMITH"},{"data":"Seek","floor":28,"key":"SMITH"}],"circlet_count":0,"master_deck":["AscendersBane","Defend_B","Defend_B","Defend_B","Zap","Dualcast","Hyperbeam+1","Tempest+1","Heatsinks+1","Leap","Defragment+1","Doom and Gloom+1","Go for the Eyes+1","Self Repair","Fission+1","Seek+1","Stack","Capacitor+1","Defragment+1","Ball Lightning","Cold Snap","Chill"],"relics":["Astrolabe","Oddly Smooth Stone","CaptainsWheel","Ornamental Fan","Orichalcum","SlaversCollar","Lantern","DollysMirror","Emotion Chip","Smiling Mask","Ancient Tea Set","Toxic Egg 2"],"acts_visited":["Exordium","TheCity"],"potions_floor_usage":[12,16,16,23,30],"damage_taken":[{"damage":0.0,"enemies":"Small Slimes","floor":1.0,"turns":1.0},{"damage":7.0,"enemies":"Jaw Worm","floor":2.0,"turns":3.0},{"damage":0.0,"enemies":"Cultist","floor":5.0,"turns":3.0},{"damage":8.0,"enemies":"Gremlin Nob","floor":7.0,"turns":3.0},{"damage":0.0,"enemies":"Lots of Slimes","floor":11.0,"turns":1.0},{"damage":0,"enemies":"Lagavulin","floor":12,"turns":5},{"damage":0,"enemies":"Looter","floor":13,"turns":3},{"damage":1,"enemies":"Exordium Thugs","floor":14,"turns":3},{"damage":32,"enemies":"Hexaghost","floor":16,"turns":9},{"damage":13,"enemies":"2 Thieves","floor":18,"turns":2},{"damage":5,"enemies":"Spheric Guardian","floor":19,"turns":4},{"damage":17,"enemies":"Centurion and Healer","floor":22,"turns":5},{"damage":4,"enemies":"Gremlin Leader","floor":23,"turns":5},{"damage":24,"enemies":"Slavers","floor":25,"turns":2},{"damage":45,"enemies":"Gremlin Leader","floor":30,"turns":2}],"seed_played":"-8181272421188710370","potions_obtained":[{"floor":5.0,"key":"Swift Potion"},{"floor":11.0,"key":"Regen Potion"},{"floor":13,"key":"Weak Potion"},{"floor":14,"key":"PotionOfCapacity"},{"floor":16,"key":"SpeedPotion"},{"floor":19,"key":"ColorlessPotion"}],"is_trial":false,"path_per_floor":["M","M","?","T","M","R","E","R","T","R","M","E","M","M","R","B",null,"M","M","?","$","M","E","R","E","T","T","R","$","E"],"character_chosen":"DEFECT","items_purchased":["Lantern","DollysMirror","Ball Lightning","Cold Snap"],"campfire_rested":0,"item_purchase_floors":[21,21,21,21],"current_hp_per_floor":[64,57,62,62,62,62,54,54,54,54,54,75,75,74,74,49,69,63,65,65,65,55,61,61,37,37,37,37,37,0,0],"gold":22,"neow_bonus":"BOSS_RELIC","is_daily":false,"chose_seed":false,"campfire_upgraded":6,"win_rate":0.0,"timestamp":1609394045,"path_taken":["M","M","?","?","M","R","E","R","T","R","M","E","M","?","R","BOSS","M","?","?","?","?","E","R","E","T","T","R","$","E"],"items_purchased_type":["Relic","Relic","Card","Card"],"build_version":"2020-12-22","purchased_purges":2,"victory":false,"max_hp_per_floor":[71,71,76,76,76,76,76,76,76,76,76,76,76,76,76,76,76,76,76,76,76,76,76,76,76,76,76,76,76,76,76],"relic_stats":{"Emotion Chip":[6,2,3,1,0],"counters":[15,51],"Ornamental Fan":[4],"Astrolabe":["Hyperbeam","Tempest","Heatsinks"],"Orichalcum":[72],"Smiling Mask":50,"obtain_stats":[{"Lantern":21,"Astrolabe":0,"Oddly Smooth Stone":4,"Orichalcum":12,"Smiling Mask":25,"Ancient Tea Set":26,"SlaversCollar":17,"CaptainsWheel":7,"Emotion Chip":23,"Ornamental Fan":9,"DollysMirror":21,"Toxic Egg 2":27,"Cracked Core":0},{"Lantern":11,"Astrolabe":0,"Oddly Smooth Stone":2,"Orichalcum":6,"Smiling Mask":14,"Ancient Tea Set":14,"SlaversCollar":9,"CaptainsWheel":4,"Emotion Chip":13,"Ornamental Fan":4,"DollysMirror":11,"Toxic Egg 2":14,"Cracked Core":0},{"Lantern":37,"Astrolabe":0,"Oddly Smooth Stone":4,"Orichalcum":16,"Smiling Mask":49,"Ancient Tea Set":49,"SlaversCollar":31,"CaptainsWheel":10,"Emotion Chip":47,"Ornamental Fan":10,"DollysMirror":37,"Toxic Egg 2":49,"Cracked Core":0}]},"card_choices":[{"not_picked":["Stack","White Noise"],"picked":"Leap","floor":1.0},{"not_picked":["Aggregate","Sunder"],"picked":"Defragment","floor":2.0},{"not_picked":["Gash","Stack"],"picked":"Doom and Gloom","floor":5.0},{"not_picked":["Rebound","FTL"],"picked":"Go for the Eyes","floor":7.0},{"not_picked":["Turbo","Barrage"],"picked":"Self Repair","floor":11.0},{"not_picked":["Aggregate","Rebound","Turbo"],"picked":"SKIP","floor":12},{"not_picked":["Beam Cell","Doom and Gloom","Auto Shields"],"picked":"SKIP","floor":13},{"not_picked":["Gash","Fission","Sweeping Beam"],"picked":"SKIP","floor":14},{"not_picked":["Gash","Sweeping Beam"],"picked":"Fission","floor":14},{"not_picked":["Buffer","Creative AI"],"picked":"Seek","floor":16},{"not_picked":["Redo","Conserve Battery"],"picked":"Stack","floor":18},{"not_picked":["Aggregate","Stack"],"picked":"Capacitor","floor":19},{"not_picked":["Go for the Eyes","Barrage","Redo"],"picked":"SKIP","floor":22},{"not_picked":["BootSequence","Sunder"],"picked":"Chill","floor":23},{"not_picked":["Thunder Strike","Darkness","Redo"],"picked":"SKIP","floor":25}],"player_experience":1953697,"relics_obtained":[{"floor":4.0,"key":"Oddly Smooth Stone"},{"floor":7.0,"key":"CaptainsWheel"},{"floor":9.0,"key":"Ornamental Fan"},{"floor":12,"key":"Orichalcum"},{"floor":23,"key":"Emotion Chip"},{"floor":25,"key":"Smiling Mask"},{"floor":26,"key":"Ancient Tea Set"},{"floor":27,"key":"Toxic Egg 2"}],"event_choices":[{"damage_healed":0.0,"max_hp_gain":5.0,"max_hp_loss":0.0,"gold_gain":0.0,"event_name":"Big Fish","player_choice":"Donut","floor":3.0,"gold_loss":0.0,"damage_taken":0.0},{"damage_healed":0,"gold_gain":0,"player_choice":"0 cards matched","damage_taken":0,"max_hp_gain":0,"max_hp_loss":0,"event_name":"Match and Keep!","floor":20,"gold_loss":0,"cards_obtained":[]}],"is_beta":false,"boss_relics":[{"not_picked":["Black Star","SacredBark"],"picked":"SlaversCollar"}],"items_purged_floors":[21,29],"is_endless":false,"potions_floor_spawned":[5,11,13,14,16,19],"killed_by":"Gremlin Leader","ascension_level":20}}