{"host":"6qo42zgaknezulyg","time":1609406662,"event":{"mods":["2.2 Compatiblity","BaseMod","Colored Map","Highlight Path","Keyboard Shortcuts","Minty Spire (QoL Compilation)","Permanent Neow","Quick Restart","StSLib","SuperFastMode","The Runesmith"],"gold_per_floor":[118,132,152,102,102,134,134,151,225,257,145,145,160,160,160,284,284,299,279,295,308,233,233,332,332,332,53,77,77,100,123,123,243,243,264,285,285,348,122,122,10,0,0,0,24,40,40,58,58,58],"floor_reached":51,"playtime":3604,"items_purged":["Runesmith:Strike_RS","Runesmith:Strike_RS","Runesmith:CraftFirestone"],"score":1077,"play_id":"a74c295b-3dfa-4815-ab62-bdd37c99edfa","local_time":"20201231182422","is_ascension_mode":true,"campfire_choices":[{"floor":7.0,"key":"REST"},{"data":"Runesmith:LithiumIon","floor":12.0,"key":"SMITH"},{"data":"Runesmith:BackupBattery","floor":15.0,"key":"SMITH"},{"floor":23.0,"key":"REST"},{"data":"Runesmith:CraftPrismatica","floor":25.0,"key":"SMITH"},{"floor":29.0,"key":"REST"},{"floor":32.0,"key":"REST"},{"floor":40,"key":"REST"},{"floor":44,"key":"REST"},{"floor":47,"key":"REST"},{"data":"Runesmith:BackupBattery+1","floor":49,"key":"SMITH"}],"circlet_count":0,"master_deck":["AscendersBane","Runesmith:Defend_RS","Runesmith:Defend_RS","Runesmith:Defend_RS","Runesmith:Defend_RS","Runesmith:Fortify","Runesmith:BackupBattery+2","Runesmith:Reinforce","Runesmith:LithiumIon+1","Runesmith:HammerTime","Runesmith:Augment","Runesmith:NanitesCloud","Runesmith:CraftPrismatica+1","Runesmith:FrozenChisel","Runesmith:EarthShield+1","Runesmith:CraftMagma+1","CurseOfTheBell","Runesmith:Accelerate+1","Runesmith:CraftObretio+1","Runesmith:ChaoticBlast+1","Runesmith:HeatedChisel+1","Runesmith:Superposition+1"],"relics":["Velvet Choker","Gambling Chip","Bottled Tornado","Runesmith:AutoHammer","Golden Idol","Runesmith:UraniumAnvil","WingedGreaves","Toxic Egg 2","Nunchaku","Calling Bell","Potion Belt","Molten Egg 2","Peace Pipe","Thread and Needle","Membership Card","Red Mask","Pen Nib"],"acts_visited":["Exordium","TheCity","TheBeyond"],"potions_floor_usage":[33,50,50,50],"damage_taken":[{"damage":8.0,"enemies":"Jaw Worm","floor":1.0,"turns":5.0},{"damage":8.0,"enemies":"Small Slimes","floor":2.0,"turns":5.0},{"damage":0.0,"enemies":"2 Louse","floor":3.0,"turns":4.0},{"damage":24.0,"enemies":"3 Sentries","floor":6.0,"turns":8.0},{"damage":2.0,"enemies":"Exordium Thugs","floor":8.0,"turns":6.0},{"damage":1.0,"enemies":"Lagavulin","floor":10.0,"turns":7.0},{"damage":1.0,"enemies":"Looter","floor":13.0,"turns":3.0},{"damage":22.0,"enemies":"Slime Boss","floor":16.0,"turns":10.0},{"damage":2.0,"enemies":"Chosen","floor":18.0,"turns":5.0},{"damage":18.0,"enemies":"Spheric Guardian","floor":20.0,"turns":4.0},{"damage":11.0,"enemies":"Centurion and Healer","floor":21.0,"turns":5.0},{"damage":11.0,"enemies":"Chosen and Byrds","floor":28.0,"turns":7.0},{"damage":23.0,"enemies":"Snake Plant","floor":31.0,"turns":6.0},{"damage":8,"enemies":"Champ","floor":33,"turns":12},{"damage":23,"enemies":"Orb Walker","floor":35,"turns":6},{"damage":1,"enemies":"3 Shapes","floor":36,"turns":7},{"damage":5,"enemies":"Mind Bloom Boss Battle","floor":38,"turns":11},{"damage":0,"enemies":"Maw","floor":45,"turns":11},{"damage":31,"enemies":"Jaw Worm Horde","floor":46,"turns":7},{"damage":0,"enemies":"Spire Growth","floor":48,"turns":5},{"damage":9,"enemies":"Time Eater","floor":50,"turns":12}],"seed_played":"5325740557181787767","potions_obtained":[{"floor":1.0,"key":"SkillPotion"},{"floor":2.0,"key":"SmokeBomb"},{"floor":10.0,"key":"EntropicBrew"},{"floor":18.0,"key":"SkillPotion"},{"floor":19.0,"key":"EssenceOfSteel"},{"floor":20.0,"key":"Ancient Potion"},{"floor":36,"key":"Regen Potion"},{"floor":45,"key":"SpeedPotion"},{"floor":48,"key":"DuplicationPotion"}],"is_trial":false,"path_per_floor":["M","M","M","?","?","E","R","M","T","E","$","R","M","?","R","B",null,"M","?","M","M","?","R","?","R","T","$","M","R","T","M","R","B",null,"M","M","?","?","$","R","$","?","T","R","M","M","R","M","R","B",null],"character_chosen":"RUNESMITH_CLASS","items_purchased":["Runesmith:NanitesCloud","Toxic Egg 2","Runesmith:FrozenChisel","Membership Card","Runesmith:ChaoticBlast+1","CultistPotion"],"campfire_rested":7,"item_purchase_floors":[11,27,27,39,39,41],"current_hp_per_floor":[55,47,47,47,47,23,44,42,42,41,41,41,40,40,40,18,53,51,51,33,22,22,41,41,41,41,41,30,49,49,26,45,37,58,35,34,34,29,29,48,48,48,48,65,65,34,53,53,53,59],"gold":58,"neow_bonus":"BOSS_RELIC","is_daily":false,"chose_seed":false,"campfire_upgraded":4,"win_rate":0.0,"timestamp":1609406662,"path_taken":["M","M","M","?","?","E","R","M","T","E","$","R","M","?","R","BOSS","M","?","M","?","?","R","?","R","T","?","M","R","?","M","R","BOSS","M","M","?","?","$","R","$","?","T","R","M","M","R","M","R","BOSS"],"items_purchased_type":["Card","Relic","Card","Relic","Card","Potion"],"build_version":"2020-12-22","purchased_purges":3,"victory":true,"max_hp_per_floor":[70,70,70,70,70,70,70,70,70,70,70,70,70,65,65,65,65,65,65,65,65,65,65,65,65,65,65,65,65,65,65,65,65,65,65,65,65,65,65,65,65,65,65,65,65,65,65,65,65,65],"card_choices":[{"not_picked":["Runesmith:CraftVitae","Runesmith:ChiselStab","Runesmith:CraftIncendium"],"picked":"SKIP","floor":1.0},{"not_picked":["Runesmith:StaticCage","Runesmith:RuneHurl"],"picked":"Runesmith:BackupBattery","floor":2.0},{"not_picked":["Runesmith:UnstableHammer","Runesmith:Overpower"],"picked":"Runesmith:Reinforce","floor":3.0},{"not_picked":["Runesmith:Discharge","Runesmith:Empowerment"],"picked":"Runesmith:LithiumIon","floor":6.0},{"not_picked":["Runesmith:Overpower","Runesmith:Repurpose"],"picked":"Runesmith:HammerTime","floor":8.0},{"not_picked":["Runesmith:Overpower","Runesmith:UnstableHammer"],"picked":"Runesmith:Augment","floor":10.0},{"not_picked":["Runesmith:Repurpose","Runesmith:StaticCage","Runesmith:EarthShield"],"picked":"SKIP","floor":13.0},{"not_picked":["Runesmith:LightningRod","Runesmith:DuctTape"],"picked":"Runesmith:CraftPrismatica","floor":16.0},{"not_picked":["Runesmith:Refine","Runesmith:Grindstone+1"],"picked":"Runesmith:HammerThrow+1","floor":18.0},{"not_picked":["Runesmith:Retool","Runesmith:ChiselStab+1","Runesmith:PoweredAnvil"],"picked":"SKIP","floor":20.0},{"not_picked":["Runesmith:Repurpose","Runesmith:MakeshiftArmor","Runesmith:NegativeSpace"],"picked":"SKIP","floor":21.0},{"not_picked":["Runesmith:Grindstone+1","Runesmith:RuneHurl"],"picked":"Runesmith:EarthShield+1","floor":28.0},{"not_picked":["Runesmith:ChiselStab+1","Runesmith:Repurpose+1"],"picked":"Runesmith:CraftMagma+1","floor":31.0},{"not_picked":["Runesmith:ChiselStab+1","Runesmith:Grindstone+1"],"picked":"Runesmith:Accelerate+1","floor":35},{"not_picked":["Runesmith:MakeshiftArmor+1","Runesmith:BackupBattery+1"],"picked":"Runesmith:CraftObretio+1","floor":36},{"not_picked":["Runesmith:Repurpose+1","Runesmith:UnstableHammer+1"],"picked":"Runesmith:HeatedChisel+1","floor":45},{"not_picked":["Runesmith:Malloc+1","Runesmith:RunicBlueprint+1"],"picked":"Runesmith:Superposition+1","floor":46},{"not_picked":["Runesmith:CraftProtectio+1","Runesmith:EnergizedChisel+1","Runesmith:PoweredAnvil+1"],"picked":"SKIP","floor":48}],"player_experience":729301,"relics_obtained":[{"floor":6.0,"key":"Gambling Chip"},{"floor":9.0,"key":"Bottled Tornado"},{"floor":10.0,"key":"Runesmith:AutoHammer"},{"floor":26.0,"key":"WingedGreaves"},{"floor":30.0,"key":"Nunchaku"},{"floor":34,"key":"Potion Belt"},{"floor":34,"key":"Molten Egg 2"},{"floor":34,"key":"Peace Pipe"},{"floor":38,"key":"Thread and Needle"},{"floor":43,"key":"Pen Nib"}],"event_choices":[{"cards_removed":["Runesmith:Strike_RS"],"damage_healed":0.0,"max_hp_gain":0.0,"max_hp_loss":0.0,"gold_gain":0.0,"event_name":"The Cleric","player_choice":"Card Removal","floor":4.0,"gold_loss":50.0,"damage_taken":0.0},{"damage_healed":0.0,"max_hp_gain":0.0,"max_hp_loss":0.0,"gold_gain":0.0,"event_name":"Liars Game","player_choice":"Ignored","floor":5.0,"gold_loss":0.0,"damage_taken":0.0},{"damage_healed":0.0,"max_hp_gain":0.0,"max_hp_loss":5.0,"gold_gain":0.0,"event_name":"Golden Idol","player_choice":"Lose Max HP","floor":14.0,"gold_loss":0.0,"damage_taken":0.0,"relics_obtained":["Golden Idol"]},{"damage_healed":0.0,"max_hp_gain":0.0,"max_hp_loss":0.0,"gold_gain":0.0,"event_name":"The Woman in Blue","player_choice":"Bought 1 Potion","floor":19.0,"gold_loss":0.0,"damage_taken":0.0},{"cards_removed":["Runesmith:Strike_RS"],"damage_healed":0.0,"max_hp_gain":0.0,"max_hp_loss":0.0,"gold_gain":0.0,"event_name":"Beggar","player_choice":"Gave Gold","floor":22.0,"gold_loss":75.0,"damage_taken":0.0},{"damage_healed":0.0,"max_hp_gain":0.0,"max_hp_loss":0.0,"gold_gain":99.0,"event_name":"Nest","player_choice":"Stole From Cult","floor":24.0,"gold_loss":0.0,"damage_taken":0.0},{"cards_removed":["Runesmith:HammerThrow"],"damage_healed":0,"gold_gain":0,"player_choice":"Removed Attack","damage_taken":0,"max_hp_gain":0,"max_hp_loss":0,"event_name":"Falling","floor":37,"gold_loss":0},{"damage_healed":0,"gold_gain":0,"player_choice":"Fight","damage_taken":0,"max_hp_gain":0,"max_hp_loss":0,"event_name":"MindBloom","floor":38,"gold_loss":0},{"damage_healed":0,"gold_gain":0,"player_choice":"Paid","damage_taken":0,"relics_obtained":["Red Mask"],"max_hp_gain":0,"max_hp_loss":0,"event_name":"Tomb of Lord Red Mask","floor":42,"gold_loss":10}],"is_beta":false,"boss_relics":[{"not_picked":["Coffee Dripper","Busted Crown"],"picked":"Runesmith:UraniumAnvil"},{"not_picked":["SacredBark","Fusion Hammer"],"picked":"Calling Bell"}],"items_purged_floors":[11,39,41],"is_endless":false,"potions_floor_spawned":[1,2,10,18,20,31,36,45,48],"ascension_level":11}}