{"host":"3i0tc1zs9k2bo7un","time":1609401643,"event":{"mods":["Act Like it!","Aspiration","BaseMod","Better Synergies","Communication Mod","Gensokyo","Minty Spire (QoL Compilation)","MostiFishMod","Quick Restart","Replay The Spire","StSLib","TestMod","[IsaacMod]ÒÔÈö¼âËþ","¡¾ÒÅÎï¿¨ÅÆ¡¿REMEMod"],"gold_per_floor":[118,48,65,76,2,2,2,2],"floor_reached":7,"playtime":280,"items_purged":[],"score":132,"play_id":"e5009489-dea8-4afe-bfba-f3715a7d852d","local_time":"20201231160043","is_ascension_mode":true,"campfire_choices":[{"data":"MostiFishMod:SparklingWater","floor":6,"key":"SMITH"}],"circlet_count":0,"master_deck":["AscendersBane","Strike_B","Strike_B","Defend_B","Defend_B","Defend_B","Defend_B","Zap","Dualcast","MostiFishMod:Neptune","MostiFishMod:TheEndOfMoonlight","MostiFishMod:SparklingWater+1","MostiFishMod:FantasySummer","MostiFishMod:NightSea","REME_Shoggoth","Self Repair","Double Energy","MostiFishMod:Prepare","Gensokyo:BlemishedSteel"],"relics":["Cracked Core","DaveBox","testmod-TestBox","HushsDoor","KeepersGift","REME_ComplimentaryCards","MoonlightInvasionPlan","SynthV:TestCard","Bag of Marbles"],"acts_visited":["Gensokyo:Gensokyo"],"potions_floor_usage":[7],"damage_taken":[{"damage":0,"enemies":"Gensokyo:Gryphon","floor":1,"turns":1},{"damage":0,"enemies":"Gensokyo:Python","floor":3,"turns":1},{"damage":5,"enemies":"Gensokyo:2_Kodama","floor":4,"turns":2},{"damage":49,"enemies":"Gensokyo:Cirno","floor":7,"turns":7}],"seed_played":"-1415172193005412529","potions_obtained":[{"floor":4,"key":"DistilledChaos"}],"is_trial":false,"path_per_floor":["M","?","M","M","COS","R","E"],"character_chosen":"DEFECT","items_purchased":[],"campfire_rested":0,"item_purchase_floors":[],"current_hp_per_floor":[46,46,46,48,48,48,0,0],"gold":2,"neow_bonus":"TRANSFORM_TWO_CARDS","is_daily":false,"chose_seed":false,"campfire_upgraded":1,"win_rate":0.0,"timestamp":1609401643,"path_taken":["M","?","M","M","COS","R","E"],"items_purchased_type":[],"build_version":"2020-12-22","purchased_purges":0,"victory":false,"max_hp_per_floor":[71,71,71,71,71,71,71,71],"card_choices":[{"not_picked":["FTL","Pulse","Rip and Tear"],"picked":"SKIP","floor":1},{"not_picked":["Barrage","MostiFishMod:ReprogramOld","Panic Button","Rebound"],"picked":"MostiFishMod:Prepare","floor":3},{"not_picked":["Steam","Hologram","Consume","Barrage","BootSequence"],"picked":"SKIP","floor":4}],"player_experience":664920,"relics_obtained":[{"floor":1,"key":"SynthV:TestCard"}],"event_choices":[],"is_beta":false,"boss_relics":[],"items_purged_floors":[],"is_endless":false,"potions_floor_spawned":[4],"killed_by":"Gensokyo:Cirno","ascension_level":20}}