{"host":"t574sm73kex1j5cr","time":1609418036,"event":{"mods":["BaseMod","Downfall","Duelist Mod","Hubris","Infinite Spire","Minty Spire (QoL Compilation)","Replay The Spire","StSLib","Td1madao Mod","The Animator","The Bug Knight","The Cursed"],"gold_per_floor":[124,124,124,49,49,49,49,79,102,102,133,163,163,15,15,170,195,225,250,250,250,320,320,347,347,425,437,524,552,591,543,555,686,723,762,812,824,864,924,936,1006,1018,1055,1174,1211,1235,1235],"floor_reached":46,"playtime":4291,"items_purged":["animator:Strike","animator:Strike"],"score":542,"play_id":"1171fe09-e627-48d5-a64f-4d5992abe49b","local_time":"20201231073356","is_ascension_mode":false,"campfire_choices":[{"data":"hubris:InfiniteBlow+1","floor":6,"key":"SMITH"},{"data":"animator:Chris","floor":10,"key":"SMITH"},{"floor":15,"key":"DIG"},{"data":"infinitespire:SevenWalls","floor":23,"key":"SMITH"},{"data":"animator:GazelDwargon","floor":25,"key":"SMITH"},{"data":"hubris:InfiniteBlow+3","floor":27,"key":"SMITH"},{"data":"hubris:InfiniteBlow+4","floor":32,"key":"SMITH"},{"data":"animator:Biyorigo","floor":40,"key":"SMITH"},{"data":"hubris:InfiniteBlow+6","floor":42,"key":"SMITH"}],"circlet_count":0,"master_deck":["animator:Defend_Fate","animator:Defend","animator:Defend","animator:Defend","animator:Alexander","animator:Rider","animator:Hitei","hubris:InfiniteBlow+7","animator:Chris+1","animator:GazelDwargon+1","animator:Alexander+1","animator:Gilgamesh+9","animator:Yuuichirou+1","infinitespire:SevenWalls+1","Bite","Bite","Bite","Bite","Bite","animator:Rimuru","animator:Nanami+1","animator:KrulTepes","animator:Saber","animator:Togame","animator:Hakurou","animator:Biyorigo+1","animator:TsurugaMeisai","animator:Darkness","ReplayTheSpireMod:Splinters","animator:ShinjiMatou","animator:Mitsurugi","animator:Emonzaemon+1"],"relics":["animator:LivingPicture","animator:TheMissingPiece","animator:PurgingStone","NeowsBlessing","hubris:Towel","Gremlin Food","Oddly Smooth Stone","Medical Kit","Anchor","Replay:Bronze Core","DataDisk","Red Mask","MawBank","Bird Faced Urn","Philosopher\u0027s Stone","Onion Ring","Girya","hubris:Icosahedron"],"acts_visited":["Exordium","TheCity","TheBeyond"],"potions_floor_usage":[16,24,33,38,41,41,41],"damage_taken":[{"damage":0,"enemies":"Small Slimes","floor":1,"turns":1},{"damage":0,"enemies":"3 Sentries","floor":8,"turns":2},{"damage":0,"enemies":"2 Louse","floor":11,"turns":1},{"damage":0,"enemies":"Cultist","floor":12,"turns":5},{"damage":16,"enemies":"Hexaghost","floor":16,"turns":18},{"damage":0,"enemies":"Chosen","floor":18,"turns":6},{"damage":33,"enemies":"Masked Bandits","floor":22,"turns":7},{"damage":12,"enemies":"Shell Parasite","floor":24,"turns":10},{"damage":0,"enemies":"Centurion and Healer","floor":29,"turns":4},{"damage":0,"enemies":"Shelled Parasite and Fungi","floor":30,"turns":5},{"damage":12,"enemies":"Collector","floor":33,"turns":9},{"damage":8,"enemies":"3 Darklings","floor":35,"turns":6},{"damage":0,"enemies":"Orb Walker","floor":36,"turns":4},{"damage":0,"enemies":"Maw","floor":38,"turns":9},{"damage":18,"enemies":"Transient","floor":39,"turns":5},{"damage":6,"enemies":"Reptomancer","floor":41,"turns":3},{"damage":67,"enemies":"Nemesis","floor":46,"turns":7}],"seed_played":"-605953182518283975","potions_obtained":[{"floor":1,"key":"Swift Potion"},{"floor":8,"key":"PowerPotion"},{"floor":11,"key":"sneckomod:MuddlingPotion"},{"floor":22,"key":"Fruit Juice"},{"floor":33,"key":"SteroidPotion"},{"floor":36,"key":"DistilledChaos"},{"floor":38,"key":"Swift Potion"}],"is_trial":false,"path_per_floor":["M","?","?","$","?","R","?","E","T","R","M","M","?","$","R","B",null,"M","AVR","?","T","?","R","M","R","T","R","?","M","M","?","R","B",null,"M","M","?","M","M","R","E","R","T","?","?","E"],"character_chosen":"THE_ANIMATOR","items_purchased":["Medical Kit"],"campfire_rested":0,"item_purchase_floors":[14],"current_hp_per_floor":[66,66,50,50,50,50,50,50,50,50,50,50,50,50,50,34,66,66,66,46,46,24,24,46,46,46,46,41,47,53,53,53,44,54,52,54,54,55,44,44,49,49,49,51,51,0,0],"gold":1235,"neow_bonus":"THREE_ENEMY_KILL","is_daily":false,"chose_seed":false,"campfire_upgraded":8,"win_rate":0.0,"timestamp":1609418036,"path_taken":["M","?","?","$","?","R","?","E","T","R","?","M","?","?","R","BOSS","M","AVR","?","?","?","R","M","R","T","R","?","M","?","?","R","BOSS","M","M","?","?","M","R","E","R","T","?","?","E"],"items_purchased_type":["Relic"],"build_version":"2020-12-22","purchased_purges":2,"victory":false,"max_hp_per_floor":[66,66,66,66,66,66,66,66,66,66,66,66,66,66,66,66,66,66,66,46,46,47,47,53,53,53,53,53,53,53,53,53,54,54,54,54,54,55,55,55,55,55,55,57,57,57,57],"card_choices":[{"not_picked":["animator:Entoma","animator:Yoichi"],"picked":"animator:Hitei","floor":1},{"not_picked":["ReplayTheSpireMod:Black Plague","infinitespire:Starlight"],"picked":"hubris:InfiniteBlow","floor":3},{"not_picked":["animator:Shinoa","animator:Yoichi"],"picked":"animator:Chris","floor":8},{"not_picked":["animator:Megumin","animator:Pride"],"picked":"animator:GazelDwargon","floor":11},{"not_picked":["animator:Hakurou","animator:Verdia"],"picked":"animator:Alexander","floor":12},{"not_picked":["animator:Ainz","animator:Wiz"],"picked":"animator:Gilgamesh","floor":16},{"not_picked":["animator:DolaRiku","animator:RoyMustang"],"picked":"animator:Yuuichirou+1","floor":18},{"not_picked":["animator:Sloth","animator:ElricAlphonse+1"],"picked":"animator:Rimuru","floor":22},{"not_picked":["animator:TukaLunaMarceau","animator:SakuraMatou"],"picked":"animator:Nanami+1","floor":24},{"not_picked":["animator:SakuraMatou","animator:ElricEdward","animator:Arpeggio"],"picked":"SKIP","floor":29},{"not_picked":["animator:IzunaHatsuse","animator:Gluttony"],"picked":"animator:KrulTepes","floor":30},{"not_picked":["animator:Sora","animator:Ainz"],"picked":"animator:Saber","floor":33},{"not_picked":["animator:HiiragiShinya","animator:DolaStephanie+1"],"picked":"animator:Togame","floor":35},{"not_picked":["animator:Konayuki","animator:Rider+1"],"picked":"animator:Hakurou","floor":36},{"not_picked":["animator:PandorasActor+1","animator:Entoma+1"],"picked":"animator:Biyorigo","floor":38},{"not_picked":["animator:YunYun","animator:Souei"],"picked":"animator:TsurugaMeisai","floor":39},{"not_picked":["animator:Azekura","animator:Benimaru"],"picked":"animator:Darkness","floor":41},{"not_picked":["animator:HiiragiShinya","animator:Shion+1"],"picked":"animator:ShinjiMatou","floor":44},{"not_picked":["animator:KrulTepes+1","animator:Verdia"],"picked":"animator:Mitsurugi","floor":44},{"not_picked":["animator:ChlammyZell","animator:Azekura+1"],"picked":"animator:Emonzaemon+1","floor":44}],"player_experience":136953,"relics_obtained":[{"floor":8,"key":"Gremlin Food"},{"floor":9,"key":"Oddly Smooth Stone"},{"floor":15,"key":"Anchor"},{"floor":22,"key":"Red Mask"},{"floor":26,"key":"MawBank"},{"floor":41,"key":"Onion Ring"},{"floor":43,"key":"Girya"}],"event_choices":[{"damage_healed":0,"gold_gain":0,"player_choice":"Forge","damage_taken":0,"max_hp_gain":0,"max_hp_loss":0,"event_name":"Accursed Blacksmith","floor":7,"gold_loss":0,"cards_upgraded":["hubris:InfiniteBlow"]},{"damage_healed":0,"gold_gain":0,"player_choice":"Became a vampire","damage_taken":0,"max_hp_gain":0,"max_hp_loss":20,"event_name":"Vampires","floor":20,"gold_loss":0,"cards_obtained":["Bite","Bite","Bite","Bite","Bite"]},{"damage_healed":0,"gold_gain":0,"player_choice":"Fought Bandits","damage_taken":0,"max_hp_gain":0,"max_hp_loss":0,"event_name":"Masked Bandits","floor":22,"gold_loss":0},{"damage_healed":0,"gold_gain":75,"player_choice":"Touch","damage_taken":5,"max_hp_gain":0,"max_hp_loss":0,"event_name":"FaceTrader","floor":28,"gold_loss":0},{"damage_healed":0,"gold_gain":0,"player_choice":"Obtained Relic","damage_taken":0,"relics_obtained":["Bird Faced Urn"],"max_hp_gain":0,"max_hp_loss":0,"event_name":"Addict","floor":31,"gold_loss":85},{"damage_healed":0,"gold_gain":0,"player_choice":"Upgraded","damage_taken":0,"max_hp_gain":0,"max_hp_loss":0,"event_name":"Upgrade Shrine","floor":37,"gold_loss":0,"cards_upgraded":["hubris:InfiniteBlow"]}],"is_beta":false,"boss_relics":[{"not_picked":["Replay:Grab Bag","Sozu"],"picked":"Replay:Bronze Core"},{"not_picked":["Busted Crown","Fusion Hammer"],"picked":"Philosopher\u0027s Stone"}],"items_purged_floors":[4,19],"is_endless":false,"potions_floor_spawned":[1,8,11,22,33,36,38],"killed_by":"Nemesis","ascension_level":0}}