{"host":"ao8ok4k25npyixk7","time":1609439479,"event":{"mods":["BaseMod","Colored Map","Minty Spire (QoL Compilation)"],"gold_per_floor":[214,233,4,4,19,19,33,64,64,74,85,96,96,96],"floor_reached":13,"playtime":1058,"items_purged":["Strike_G"],"score":151,"play_id":"533cb115-f690-4dd8-990a-24b9a44a5db5","local_time":"20201231193119","is_ascension_mode":true,"campfire_choices":[{"data":"Crippling Poison","floor":6,"key":"SMITH"}],"circlet_count":0,"master_deck":["AscendersBane","Strike_G","Strike_G","Strike_G","Strike_G","Defend_G","Defend_G","Defend_G","Defend_G","Defend_G","Survivor","Neutralize","Crippling Poison+1","Prepared","Poisoned Stab","Setup","Acrobatics","Heel Hook","Acrobatics","Tactician"],"relics":["Ring of the Snake","Frozen Eye","Meat on the Bone","Tough Bandages","CaptainsWheel"],"acts_visited":["Exordium"],"potions_floor_usage":[8,13,13],"damage_taken":[{"damage":7,"enemies":"Small Slimes","floor":1,"turns":4},{"damage":0,"enemies":"Cultist","floor":2,"turns":4},{"damage":0,"enemies":"2 Louse","floor":5,"turns":2},{"damage":0,"enemies":"2 Fungi Beasts","floor":7,"turns":2},{"damage":14,"enemies":"Gremlin Nob","floor":8,"turns":4},{"damage":0,"enemies":"Exordium Thugs","floor":10,"turns":4},{"damage":3,"enemies":"Looter","floor":11,"turns":4},{"damage":3,"enemies":"Blue Slaver","floor":12,"turns":5},{"damage":44,"enemies":"3 Sentries","floor":13,"turns":10}],"seed_played":"3519781164094204930","potions_obtained":[{"floor":1,"key":"LiquidMemories"},{"floor":5,"key":"FearPotion"},{"floor":10,"key":"ColorlessPotion"}],"is_trial":false,"path_per_floor":["M","M","$","?","M","R","M","E","T","M","M","M","E"],"character_chosen":"THE_SILENT","items_purchased":["Frozen Eye"],"campfire_rested":0,"item_purchase_floors":[3],"current_hp_per_floor":[52,52,52,52,52,52,52,38,38,38,35,44,0,0],"gold":96,"neow_bonus":"HUNDRED_GOLD","is_daily":false,"chose_seed":false,"campfire_upgraded":1,"win_rate":0.0,"timestamp":1609439479,"path_taken":["M","M","$","?","M","R","M","E","T","M","?","M","E"],"items_purchased_type":["Relic"],"build_version":"2020-12-22","purchased_purges":1,"victory":false,"max_hp_per_floor":[66,66,66,66,66,66,66,66,66,66,66,66,66,66],"card_choices":[{"not_picked":["Reflex","Flechettes"],"picked":"Crippling Poison","floor":1},{"not_picked":["Expertise","Sucker Punch"],"picked":"Prepared","floor":2},{"not_picked":["Choke","Cloak And Dagger"],"picked":"Poisoned Stab","floor":5},{"not_picked":["Slice","Finisher"],"picked":"Setup","floor":7},{"not_picked":["Setup","Bane"],"picked":"Acrobatics","floor":8},{"not_picked":["Blade Dance","Concentrate"],"picked":"Heel Hook","floor":10},{"not_picked":["PiercingWail","Well Laid Plans"],"picked":"Acrobatics","floor":11},{"not_picked":["Bane","Calculated Gamble"],"picked":"Tactician","floor":12}],"player_experience":242749,"relics_obtained":[{"floor":4,"key":"Meat on the Bone"},{"floor":8,"key":"Tough Bandages"},{"floor":9,"key":"CaptainsWheel"}],"event_choices":[{"damage_healed":0,"gold_gain":0,"player_choice":"Relic","damage_taken":0,"max_hp_gain":0,"max_hp_loss":0,"event_name":"Wheel of Change","floor":4,"gold_loss":0}],"is_beta":false,"boss_relics":[],"items_purged_floors":[3],"is_endless":false,"potions_floor_spawned":[1,5,7,10],"killed_by":"3 Sentries","ascension_level":14}}