{"host":"ie50qk0ts9eskyyo","time":1609379888,"event":{"mods":["BaseMod","Colored Map","Downfall","Highlight Path","Hubris","Infinite Spire","Minty Spire (QoL Compilation)","Replay The Spire","StSLib","The Jungle"],"gold_per_floor":[99,99,99,99,99,99,99,9,35,20,48,65,50,68,81,81,81,81],"floor_reached":16,"playtime":924,"items_purged":["hexamod:Strike"],"score":106,"play_id":"227a0967-3ca1-437a-934e-10ef92b77f31","local_time":"20201230205808","is_ascension_mode":false,"campfire_choices":[{"floor":1,"key":"RECALL"}],"circlet_count":0,"master_deck":["hexamod:Strike","hexamod:Strike","hexamod:Defend","hexamod:Defend","hexamod:Defend","hexamod:Defend","hexamod:Sear","hexamod:Float","hexamod:RainOfEmbers","hexamod:ExtraCrispy","hexamod:CrushingStance","hexamod:SoulSteal","hexamod:PhantomFireball","hexamod:StepThrough","hexamod:Rewind","hexamod:GhostflameInferno"],"relics":["Cracked Core","downfall:HeartsMalice","infinitespire:Cubic Diamond","hubris:CrystalStatue","Gambling Chip","Bag of Marbles"],"acts_visited":["Exordium"],"potions_floor_usage":[11,15,16,16,16],"damage_taken":[{"damage":0,"enemies":"Small Slimes","floor":2,"turns":1},{"damage":0,"enemies":"Jaw Worm","floor":3,"turns":1},{"damage":0,"enemies":"2 Louse","floor":6,"turns":1},{"damage":0,"enemies":"downfall:FleeingMerchant","floor":8,"turns":4},{"damage":13,"enemies":"Lagavulin","floor":9,"turns":4},{"damage":10,"enemies":"downfall:FleeingMerchant","floor":10,"turns":4},{"damage":12,"enemies":"Gremlin Nob","floor":11,"turns":3},{"damage":0,"enemies":"Large Slime","floor":12,"turns":2},{"damage":10,"enemies":"downfall:FleeingMerchant","floor":13,"turns":4},{"damage":13,"enemies":"3 Louse","floor":14,"turns":3},{"damage":4,"enemies":"2 Fungi Beasts","floor":15,"turns":2},{"damage":10,"enemies":"downfall:Ironclad","floor":16,"turns":3}],"seed_played":"-5795809605193261838","potions_obtained":[{"floor":9,"key":"Weak Potion"},{"floor":11,"key":"Venom Potion"},{"floor":12,"key":"Dexterity Potion"},{"floor":14,"key":"Fire Potion"},{"floor":15,"key":"SkillPotion"}],"is_trial":false,"path_per_floor":["R","M","M","?","?","M","T","$","E","$","E","M","$","M","M","B"],"character_chosen":"THE_SPIRIT","items_purchased":[],"campfire_rested":0,"item_purchase_floors":[],"current_hp_per_floor":[70,70,70,70,70,70,70,70,57,47,35,35,25,12,8,0,0,0],"gold":81,"neow_bonus":"THREE_ENEMY_KILL","is_daily":false,"chose_seed":false,"campfire_upgraded":0,"win_rate":0.0,"timestamp":1609379888,"path_taken":["R","M","M","?","?","M","T","$","E","?","E","M","$","M","M","BOSS"],"items_purchased_type":[],"build_version":"2020-12-22","purchased_purges":1,"victory":false,"max_hp_per_floor":[70,70,70,70,70,70,70,70,70,70,70,70,70,70,70,70,70,70],"card_choices":[{"not_picked":["hexamod:ThermalTransfer","hexamod:ShieldOfDarkness"],"picked":"hexamod:RainOfEmbers","floor":2},{"not_picked":["hexamod:SwordOfDarkness","hexamod:SpectersWail"],"picked":"hexamod:ExtraCrispy","floor":3},{"not_picked":["hexamod:InspiringFlames","hexamod:SpectersWail","hexamod:BacktrackSmack"],"picked":"SKIP","floor":6},{"not_picked":["hexamod:GhostflameBarrier","hexamod:InspiringFlames"],"picked":"hexamod:CrushingStance","floor":8},{"not_picked":["hexamod:SpectersWail","hexamod:SecondSeal"],"picked":"hexamod:SoulSteal","floor":9},{"not_picked":["hexamod:CatchUp","hexamod:GhostLash"],"picked":"hexamod:PhantomFireball","floor":10},{"not_picked":["hexamod:SecondSeal","hexamod:GhostOfSpirePresent"],"picked":"hexamod:StepThrough","floor":11},{"not_picked":["hexamod:InspiringFlames","hexamod:ThirdSeal"],"picked":"hexamod:Rewind","floor":12},{"not_picked":["hexamod:Firestarter","hexamod:SpectersWail","hexamod:Rewind"],"picked":"SKIP","floor":13},{"not_picked":["hexamod:SoulSteal","hexamod:BacktrackSmack"],"picked":"hexamod:GhostflameInferno","floor":14},{"not_picked":["hexamod:SpectralAdrenaline","hexamod:Firestarter","hexamod:SecondSeal"],"picked":"SKIP","floor":15}],"player_experience":21476,"relics_obtained":[{"floor":7,"key":"hubris:CrystalStatue"},{"floor":9,"key":"Gambling Chip"},{"floor":11,"key":"Bag of Marbles"}],"event_choices":[],"is_beta":false,"boss_relics":[],"items_purged_floors":[8],"is_endless":false,"potions_floor_spawned":[9,11,12,14,15],"killed_by":"downfall:Ironclad","ascension_level":0}}