{"host":"94aus4jnk6thj94q","time":1609406079,"event":{"mods":["BaseMod","Minty Spire (QoL Compilation)","Quick Restart","StSLib"],"gold_per_floor":[119,134,149,29,29,73,73,104,127,139,165,153,165,202,214,356,368,401,413,438,450,482,494,521,567,579,283,283,31,31,51,51,170,233,252,34,52,52,65,65,89,89,89,107,122,146,28,46,46,46],"floor_reached":49,"playtime":3005,"items_purged":[],"score":471,"play_id":"d6e897fa-68fd-4b24-8327-0e61d67e605c","local_time":"20201231111439","is_ascension_mode":false,"campfire_choices":[{"floor":7.0,"key":"REST"},{"floor":10.0,"key":"REST"},{"floor":15.0,"key":"REST"},{"floor":23.0,"key":"RECALL"},{"floor":28.0,"key":"REST"},{"floor":30.0,"key":"REST"},{"floor":32.0,"key":"REST"},{"floor":42.0,"key":"REST"},{"floor":49,"key":"REST"}],"circlet_count":0,"master_deck":["Strike_B","Strike_B","Strike_B","Strike_B+1","Defend_B","Defend_B","Defend_B","Defend_B","Zap","Dualcast+1","Conserve Battery+1","Cold Snap","Self Repair","White Noise+1","Ball Lightning","Ball Lightning","White Noise","Self Repair","Lockon+1","Redo+1","Defragment","Melter+1","Electrodynamics","Blizzard","Storm+1"],"relics":["FrozenCore","NeowsBlessing","Golden Idol","War Paint","Happy Flower","MawBank","Bag of Marbles","HandDrill","Bronze Scales","Mercury Hourglass","Tiny House","Runic Capacitor","The Courier","ClockworkSouvenir"],"acts_visited":["Exordium","TheCity","TheBeyond"],"potions_floor_usage":[],"damage_taken":[{"damage":0.0,"enemies":"Jaw Worm","floor":1.0,"turns":1.0},{"damage":0.0,"enemies":"Small Slimes","floor":2.0,"turns":1.0},{"damage":0.0,"enemies":"2 Louse","floor":3.0,"turns":1.0},{"damage":45.0,"enemies":"Lagavulin","floor":6.0,"turns":9.0},{"damage":33.0,"enemies":"3 Sentries","floor":8.0,"turns":6.0},{"damage":12.0,"enemies":"Gremlin Gang","floor":11.0,"turns":4.0},{"damage":2.0,"enemies":"2 Fungi Beasts","floor":14.0,"turns":3.0},{"damage":31.0,"enemies":"Hexaghost","floor":16.0,"turns":11.0},{"damage":7.0,"enemies":"Shell Parasite","floor":18.0,"turns":5.0},{"damage":8.0,"enemies":"Spheric Guardian","floor":20.0,"turns":6.0},{"damage":14.0,"enemies":"Snake Plant","floor":22.0,"turns":6.0},{"damage":16.0,"enemies":"Centurion and Healer","floor":24.0,"turns":9.0},{"damage":64.0,"enemies":"Slavers","floor":25.0,"turns":4.0},{"damage":6.0,"enemies":"3 Cultists","floor":31.0,"turns":5.0},{"damage":27.0,"enemies":"Automaton","floor":33.0,"turns":10.0},{"damage":4.0,"enemies":"Orb Walker","floor":35.0,"turns":4.0},{"damage":16.0,"enemies":"3 Darklings","floor":37.0,"turns":6.0},{"damage":43.0,"enemies":"Spire Growth","floor":39.0,"turns":5.0},{"damage":23.0,"enemies":"Maw","floor":41.0,"turns":7.0},{"damage":29.0,"enemies":"Jaw Worm Horde","floor":44.0,"turns":4.0},{"damage":3.0,"enemies":"Transient","floor":45.0,"turns":5.0},{"damage":46.0,"enemies":"Writhing Mass","floor":46.0,"turns":4.0},{"damage":16.0,"enemies":"Spire Growth","floor":48.0,"turns":5.0}],"seed_played":"-1834604787471767599","potions_obtained":[{"floor":2.0,"key":"LiquidBronze"},{"floor":3.0,"key":"Explosive Potion"},{"floor":14.0,"key":"Dexterity Potion"},{"floor":18.0,"key":"DistilledChaos"},{"floor":24.0,"key":"PowerPotion"},{"floor":25.0,"key":"Regen Potion"},{"floor":34.0,"key":"Dexterity Potion"},{"floor":37.0,"key":"SpeedPotion"},{"floor":45.0,"key":"FearPotion"},{"floor":46.0,"key":"SteroidPotion"}],"is_trial":false,"path_per_floor":["M","M","M","$","?","E","R","E","T","R","M","?","?","M","R","B",null,"M","$","M","?","M","R","M","E","T","$","R","$","R","M","R","B",null,"M","$","M","$","M","?","M","R","T","M","M","M","$","M","R"],"character_chosen":"DEFECT","items_purchased":["Self Repair","White Noise","HandDrill","Bronze Scales","Mercury Hourglass","Defragment","Runic Capacitor","ClockworkSouvenir"],"campfire_rested":8,"item_purchase_floors":[4,4,27,27,29,36,36,47],"current_hp_per_floor":[75,75,75,75,75,37,59,33,33,55,50,50,50,55,75,44,75,75,75,75,75,75,75,73,30,30,30,52,52,74,68,75,55,80,80,80,78,78,58,58,42,66,66,51,62,23,23,21,45,45],"gold":46,"neow_bonus":"THREE_ENEMY_KILL","is_daily":false,"chose_seed":false,"campfire_upgraded":0,"win_rate":0.0,"timestamp":1609406079,"path_taken":["M","M","M","$","?","E","R","E","T","R","M","?","?","M","R","BOSS","M","$","?","?","M","R","M","E","T","?","R","$","R","M","R","BOSS","M","$","M","$","M","?","M","R","T","?","M","M","?","M","R"],"items_purchased_type":["Card","Card","Relic","Relic","Relic","Card","Relic","Relic"],"build_version":"2020-12-22","purchased_purges":0,"victory":false,"max_hp_per_floor":[75,75,75,75,75,75,75,75,75,75,75,75,75,75,75,75,75,75,75,75,75,75,75,75,75,75,75,75,75,75,75,75,75,80,80,80,80,80,80,80,80,80,80,80,80,80,80,80,80,80],"card_choices":[{"not_picked":["Cold Snap","Force Field"],"picked":"Conserve Battery","floor":1.0},{"not_picked":["Compile Driver","Go for the Eyes","Barrage"],"picked":"SKIP","floor":2.0},{"not_picked":["Lockon","Streamline"],"picked":"Cold Snap","floor":3.0},{"not_picked":["Scrape","Lockon"],"picked":"Ball Lightning","floor":6.0},{"not_picked":["Fusion","Aggregate"],"picked":"Ball Lightning","floor":8.0},{"not_picked":["Darkness","Stack"],"picked":"White Noise","floor":11.0},{"not_picked":["Beam Cell","Amplify"],"picked":"Self Repair","floor":14.0},{"not_picked":["Coolheaded","Hologram","Storm"],"picked":"SKIP","floor":18.0},{"not_picked":["Streamline+1","Leap","Stack"],"picked":"SKIP","floor":20.0},{"not_picked":["Go for the Eyes","Beam Cell","Leap+1"],"picked":"SKIP","floor":22.0},{"not_picked":["Hologram","Blizzard+1"],"picked":"Lockon+1","floor":24.0},{"not_picked":["Steam","Cold Snap"],"picked":"Redo+1","floor":25.0},{"not_picked":["Electrodynamics","Streamline","Rebound"],"picked":"SKIP","floor":31.0},{"not_picked":["Tempest+1","Rebound+1","Go for the Eyes"],"picked":"SKIP","floor":35.0},{"not_picked":["Turbo+1","Blizzard"],"picked":"Melter+1","floor":37.0},{"not_picked":["Hologram","Steam"],"picked":"Electrodynamics","floor":39.0},{"not_picked":["Streamline+1","Redo+1","Hologram+1"],"picked":"SKIP","floor":41.0},{"not_picked":["Chill+1","Sweeping Beam","Go for the Eyes+1"],"picked":"SKIP","floor":44.0},{"not_picked":["Coolheaded+1","Recycle"],"picked":"Blizzard","floor":45.0},{"not_picked":["Rebound+1","Reinforced Body+1","Loop"],"picked":"SKIP","floor":46.0},{"not_picked":["Redo+1","Compile Driver"],"picked":"Storm+1","floor":48.0}],"player_experience":5660456,"relics_obtained":[{"floor":6.0,"key":"War Paint"},{"floor":8.0,"key":"Happy Flower"},{"floor":9.0,"key":"MawBank"},{"floor":25.0,"key":"Bag of Marbles"},{"floor":43.0,"key":"The Courier"}],"event_choices":[{"damage_healed":0.0,"max_hp_gain":0.0,"max_hp_loss":0.0,"gold_gain":0.0,"event_name":"Golden Idol","player_choice":"Take Wound","floor":5.0,"gold_loss":0.0,"damage_taken":0.0,"relics_obtained":["Golden Idol"],"cards_obtained":["Injury"]},{"damage_healed":0.0,"max_hp_gain":0.0,"max_hp_loss":0.0,"gold_gain":0.0,"event_name":"World of Goop","player_choice":"Left Gold","floor":12.0,"gold_loss":24.0,"damage_taken":0.0},{"damage_healed":0.0,"max_hp_gain":0.0,"max_hp_loss":0.0,"gold_gain":0.0,"event_name":"Upgrade Shrine","player_choice":"Upgraded","floor":13.0,"gold_loss":0.0,"damage_taken":0.0,"cards_upgraded":["White Noise"]},{"damage_healed":0.0,"max_hp_gain":0.0,"max_hp_loss":0.0,"gold_gain":0.0,"event_name":"Ghosts","player_choice":"Ignored","floor":21.0,"gold_loss":0.0,"damage_taken":0.0},{"cards_removed":["Injury"],"damage_healed":0.0,"max_hp_gain":0.0,"max_hp_loss":0.0,"gold_gain":0.0,"event_name":"Fountain of Cleansing","player_choice":"Removed Curses","floor":40.0,"gold_loss":0.0,"damage_taken":0.0}],"is_beta":false,"boss_relics":[{"not_picked":["Fusion Hammer","Ectoplasm"],"picked":"FrozenCore"},{"not_picked":["Philosopher\u0027s Stone","Runic Dome"],"picked":"Tiny House"}],"items_purged_floors":[],"is_endless":false,"potions_floor_spawned":[2,3,14,18,24,25,37,45,46],"ascension_level":0}}