{"host":"w3x3n9s6mrz4xpf0","time":1609396104,"event":{"mods":["BaseMod","Minty Spire (QoL Compilation)","StSLib","SuperFastMode"],"gold_per_floor":[367,11,11,11,61,110,10,48,125,142,17,55,55,125,125,125,125],"floor_reached":16,"playtime":435,"items_purged":["Strike_R","Strike_R","Strike_R"],"score":189,"play_id":"e693905c-28c4-4318-a8b2-49537d70c17e","local_time":"20201231152824","is_ascension_mode":true,"campfire_choices":[{"data":"HandOfGreed","floor":13,"key":"SMITH"},{"data":"Rage","floor":15,"key":"SMITH"}],"circlet_count":0,"master_deck":["AscendersBane","Strike_R","Defend_R","Defend_R","Defend_R","Defend_R","Bash","Rage+1","HandOfGreed+1","Fire Breathing","Shrug It Off","Immolate","Second Wind"],"relics":["Burning Blood","Nunchaku","Bottled Tornado"],"acts_visited":["Exordium"],"potions_floor_usage":[14,16],"damage_taken":[{"damage":9,"enemies":"2 Louse","floor":1,"turns":3},{"damage":16,"enemies":"Small Slimes","floor":5,"turns":6},{"damage":35,"enemies":"Gremlin Nob","floor":6,"turns":5},{"damage":1,"enemies":"Cultist","floor":8,"turns":4},{"damage":12,"enemies":"Red Slaver","floor":10,"turns":4},{"damage":16,"enemies":"Large Slime","floor":12,"turns":6},{"damage":3,"enemies":"2 Fungi Beasts","floor":14,"turns":3},{"damage":20,"enemies":"Hexaghost","floor":16,"turns":7}],"seed_played":"8073165854650573128","potions_obtained":[{"floor":5,"key":"PowerPotion"},{"floor":6,"key":"LiquidMemories"}],"is_trial":false,"path_per_floor":["M","$","?","?","M","E","$","M","T","M","$","M","R","M","R","B"],"character_chosen":"IRONCLAD","items_purchased":["HandOfGreed","Fire Breathing"],"campfire_rested":0,"item_purchase_floors":[2,2],"current_hp_per_floor":[65,65,70,63,53,24,24,29,29,23,23,13,13,16,16,0,0],"gold":125,"neow_bonus":"TWO_FIFTY_GOLD","is_daily":false,"chose_seed":false,"campfire_upgraded":2,"win_rate":0.0,"timestamp":1609396104,"path_taken":["M","$","?","?","M","E","$","M","T","M","$","M","R","M","R","BOSS"],"items_purchased_type":["Card","Card"],"build_version":"2020-12-22","purchased_purges":3,"victory":false,"max_hp_per_floor":[68,68,73,73,73,73,73,73,73,73,73,73,73,73,73,73,73],"card_choices":[{"not_picked":["Anger","Clash"],"picked":"Rage","floor":1},{"not_picked":["Searing Blow","Clash"],"picked":"Shrug It Off","floor":5},{"not_picked":["Flex","Wild Strike"],"picked":"Immolate","floor":6},{"not_picked":["Perfected Strike","Rampage","Heavy Blade"],"picked":"SKIP","floor":8},{"not_picked":["Clothesline","Reckless Charge","Twin Strike"],"picked":"SKIP","floor":10},{"not_picked":["Wild Strike","Havoc"],"picked":"Second Wind","floor":12},{"not_picked":["Headbutt","Wild Strike","Twin Strike"],"picked":"SKIP","floor":14}],"player_experience":74618,"relics_obtained":[{"floor":6,"key":"Nunchaku"},{"floor":9,"key":"Bottled Tornado"}],"event_choices":[{"damage_healed":0,"gold_gain":0,"player_choice":"Donut","damage_taken":0,"max_hp_gain":5,"max_hp_loss":0,"event_name":"Big Fish","floor":3,"gold_loss":0},{"cards_removed":["Strike_R"],"damage_healed":0,"gold_gain":0,"player_choice":"Card Removal","damage_taken":7,"max_hp_gain":0,"max_hp_loss":0,"event_name":"Golden Wing","floor":4,"gold_loss":0}],"is_beta":false,"boss_relics":[],"items_purged_floors":[2,7,11],"is_endless":false,"potions_floor_spawned":[5,6,12],"killed_by":"Hexaghost","ascension_level":17}}