{"host":"l0x1ky9qxkxk6ywx","time":1609389820,"event":{"mods":["Act Like it!","Aspiration","Astrologer","BaseMod","CapriCore","Gensokyo","GifTheSpireLib","Hubris","Marisa????????","Minty Spire (QoL Compilation)","Permanent Neow","Rare Cards Sparkle","Remilia??????","Replay The Spire","StSLib","The Administrix","The Animator","The Bladedancer","The Bug Knight","The Cursed","The Hierophant","The Immortal","The Marked","The Mystic","The Runesmith","The Servant 0.9.4"],"gold_per_floor":[117,117,117,135,135,135,210,210,229,269,269,313,313,313,347,329,329,315,315],"floor_reached":18,"playtime":21209,"items_purged":[],"score":102,"play_id":"0a85ab76-2a68-4fac-a4dc-2266633bba17","local_time":"20201230224340","is_ascension_mode":false,"campfire_choices":[{"floor":8,"key":"REST"},{"data":"hierophant:Doubloon","floor":13,"key":"SMITH"},{"data":"hierophant:ChurchCoffers","floor":17,"key":"SMITH"}],"circlet_count":0,"master_deck":["hierophant:Strike_Hierophant","hierophant:Strike_Hierophant","hierophant:Strike_Hierophant","hierophant:Strike_Hierophant","hierophant:Punish","hierophant:Defend_Hierophant","hierophant:Defend_Hierophant","hierophant:Defend_Hierophant","hierophant:Defend_Hierophant","hierophant:ChurchCoffers+1","hierophant:MorningPrayer","hierophant:Endure","hierophant:Zeal","hierophant:RustyCrate","hierophant:Doubloon","hierophant:Doubloon+1","hierophant:RepressedViolence","hierophant:MorningPrayer","hierophant:ThreeLashes","hierophant:Encroach"],"relics":["hierophant:PropheticMaskRelic","Oddly Smooth Stone","HollowMod:LifeEnderRelic","Odd Mushroom"],"acts_visited":["Exordium"],"potions_floor_usage":[18,18],"damage_taken":[{"damage":4,"enemies":"Cultist","floor":1,"turns":4},{"damage":1,"enemies":"Small Slimes","floor":4,"turns":3},{"damage":0,"enemies":"2 Louse","floor":9,"turns":2},{"damage":0,"enemies":"2 Fungi Beasts","floor":10,"turns":4},{"damage":3,"enemies":"The Mushroom Lair","floor":12,"turns":7},{"damage":0,"enemies":"3 Louse","floor":15,"turns":4},{"damage":3,"enemies":"Looter","floor":16,"turns":4},{"damage":64,"enemies":"Hexaghost","floor":18,"turns":12}],"seed_played":"-3561130515862837961","potions_obtained":[{"floor":1,"key":"Venom Potion"},{"floor":16,"key":"Toxic Potion"}],"is_trial":false,"path_per_floor":["M","?","?","M","PTL","PTL","?","R","M","M","T","?","R","?","M","M","R","B"],"character_chosen":"HIEROPHANT","items_purchased":[],"campfire_rested":1,"item_purchase_floors":[],"current_hp_per_floor":[71,53,53,52,52,52,45,67,67,67,67,64,64,64,64,61,61,0,0],"gold":315,"neow_bonus":"THREE_CARDS","is_daily":false,"chose_seed":false,"campfire_upgraded":2,"win_rate":0.0,"timestamp":1609389820,"path_taken":["M","?","?","M","PTL","PTL","?","R","?","M","T","?","R","?","M","M","R","BOSS"],"items_purchased_type":[],"build_version":"2020-12-22","purchased_purges":0,"victory":false,"max_hp_per_floor":[75,75,75,75,75,75,75,75,75,75,75,75,75,75,75,75,75,75,75],"card_choices":[{"not_picked":["hierophant:FieryStrike","hierophant:Zeal"],"picked":"hierophant:MorningPrayer","floor":0},{"not_picked":["hierophant:Flagellation","hierophant:AuricBeam"],"picked":"hierophant:Endure","floor":1},{"not_picked":["hierophant:Remorse","hierophant:Exaltation"],"picked":"hierophant:Zeal","floor":4},{"not_picked":["hierophant:HolyVerse","hierophant:PassingBell"],"picked":"hierophant:RustyCrate","floor":9},{"not_picked":["hierophant:Zeal","hierophant:Sermon"],"picked":"hierophant:RepressedViolence","floor":10},{"not_picked":["hierophant:Sermon","hierophant:SealAway"],"picked":"hierophant:MorningPrayer","floor":12},{"not_picked":["hierophant:Flagellation","hierophant:HolyVerse"],"picked":"hierophant:ThreeLashes","floor":15},{"not_picked":["hierophant:FlamingChariot","hierophant:Sermon"],"picked":"hierophant:Encroach","floor":16}],"player_experience":173231,"relics_obtained":[{"floor":11,"key":"HollowMod:LifeEnderRelic"},{"floor":12,"key":"Odd Mushroom"}],"event_choices":[{"damage_healed":0,"gold_gain":0,"player_choice":"Success","damage_taken":18,"relics_obtained":["Oddly Smooth Stone"],"max_hp_gain":0,"max_hp_loss":0,"event_name":"Scrap Ooze","floor":2,"gold_loss":0},{"damage_healed":0,"gold_gain":0,"player_choice":"Ignored","damage_taken":0,"max_hp_gain":0,"max_hp_loss":0,"event_name":"Golden Idol","floor":3,"gold_loss":0},{"damage_healed":0,"gold_gain":75,"player_choice":"Touch","damage_taken":7,"max_hp_gain":0,"max_hp_loss":0,"event_name":"FaceTrader","floor":7,"gold_loss":0},{"damage_healed":0,"gold_gain":0,"player_choice":"Fought Mushrooms","damage_taken":0,"max_hp_gain":0,"max_hp_loss":0,"event_name":"Mushrooms","floor":12,"gold_loss":0},{"damage_healed":0,"gold_gain":0,"player_choice":"Ignored","damage_taken":0,"max_hp_gain":0,"max_hp_loss":0,"event_name":"Liars Game","floor":14,"gold_loss":0}],"is_beta":false,"boss_relics":[],"items_purged_floors":[],"is_endless":false,"potions_floor_spawned":[1,16],"killed_by":"Hexaghost","ascension_level":0}}