{"host":"xnrw1j8ho83czkv7","time":1609438972,"event":{"mods":["AchievementEnabler","BaseMod","Colored Map","Colored Powertips","Minty Spire (QoL Compilation)","Quick Restart","StSLib"],"gold_per_floor":[115,115,43,43,218,247,247,247,273,14,42,56,56,66,66,165,165,181,106,117,67,86,86,161,173,173,173,203,203,302,112,112,214,214,229,6,23,23,23,23,38,38,86,86,105,155,155,174,174,174,174],"floor_reached":50,"playtime":2011,"items_purged":["Strike_B","Strike_B","Defend_B","Sweeping Beam+1"],"score":614,"play_id":"bf4a4c23-e90a-4c6d-bfb0-a03fdbe33a78","local_time":"20201231182252","is_ascension_mode":false,"campfire_choices":[{"data":"Zap","floor":7.0,"key":"SMITH"},{"data":"Darkness","floor":15.0,"key":"SMITH"},{"data":"Dualcast","floor":23,"key":"SMITH"},{"data":"Defragment","floor":27,"key":"SMITH"},{"data":"Coolheaded","floor":29,"key":"SMITH"},{"data":"Doom and Gloom","floor":32,"key":"SMITH"},{"data":"Madness","floor":40,"key":"SMITH"},{"data":"Electrodynamics","floor":42,"key":"SMITH"},{"data":"Defend_B","floor":44,"key":"SMITH"},{"data":"Defend_B","floor":49,"key":"SMITH"}],"circlet_count":0,"master_deck":["Defend_B+1","Defend_B+1","Defend_B+1","Zap+1","Dualcast+1","Coolheaded+1","Darkness+1","Defragment+1","Steam+1","Chill+1","Electrodynamics+1","Madness+1","Madness","Madness"],"relics":["Cracked Core","NeowsBlessing","PreservedInsect","Vajra","Membership Card","Anchor","Potion Belt","Sozu","Omamori","Shuriken","Sundial","Inserter","Calipers","Strawberry","CaptainsWheel"],"acts_visited":["Exordium","TheCity","TheBeyond"],"potions_floor_usage":[33,50,50],"damage_taken":[{"damage":0.0,"enemies":"Jaw Worm","floor":1.0,"turns":1.0},{"damage":0.0,"enemies":"Lagavulin","floor":6.0,"turns":1.0},{"damage":0.0,"enemies":"Gremlin Nob","floor":11.0,"turns":1.0},{"damage":2.0,"enemies":"2 Louse","floor":12.0,"turns":2.0},{"damage":5.0,"enemies":"Small Slimes","floor":14.0,"turns":2.0},{"damage":0.0,"enemies":"Slime Boss","floor":16.0,"turns":5.0},{"damage":7,"enemies":"3 Byrds","floor":18,"turns":4},{"damage":22,"enemies":"2 Thieves","floor":20,"turns":3},{"damage":0,"enemies":"Shelled Parasite and Fungi","floor":22,"turns":5},{"damage":2,"enemies":"Sentry and Sphere","floor":25,"turns":3},{"damage":22,"enemies":"Book of Stabbing","floor":28,"turns":4},{"damage":6,"enemies":"Collector","floor":33,"turns":8},{"damage":4,"enemies":"3 Shapes","floor":35,"turns":3},{"damage":0,"enemies":"3 Darklings","floor":37,"turns":3},{"damage":0,"enemies":"Jaw Worm Horde","floor":41,"turns":3},{"damage":17,"enemies":"Transient","floor":45,"turns":5},{"damage":0,"enemies":"Mind Bloom Boss Battle","floor":46,"turns":5},{"damage":0,"enemies":"4 Shapes","floor":48,"turns":4},{"damage":45,"enemies":"Time Eater","floor":50,"turns":8}],"seed_played":"-713733418097513354","potions_obtained":[{"floor":6.0,"key":"Energy Potion"},{"floor":12.0,"key":"SkillPotion"},{"floor":14.0,"key":"PowerPotion"},{"floor":16.0,"key":"DuplicationPotion"}],"is_trial":false,"path_per_floor":["M","?","$","?","?","E","R","?","T","$","E","M","?","M","R","B",null,"M","?","M","$","M","R","?","M","T","R","E","R","?","$","R","B",null,"M","$","M","?","?","R","M","R","T","R","M","?","?","M","R","B"],"character_chosen":"DEFECT","items_purchased":["Doom and Gloom","Membership Card","Anchor","Sundial","Calipers"],"campfire_rested":0,"item_purchase_floors":[3,10,10,31,36],"current_hp_per_floor":[75,80,80,73,73,73,73,73,73,73,73,71,55,50,50,50,80,73,73,51,51,51,51,43,41,41,41,19,19,19,19,19,13,80,76,76,76,76,66,66,66,66,73,73,56,56,45,45,45,0,0],"gold":174,"neow_bonus":"THREE_ENEMY_KILL","is_daily":false,"chose_seed":false,"campfire_upgraded":10,"win_rate":0.0,"timestamp":1609438972,"path_taken":["M","?","$","?","?","E","R","?","T","?","E","?","?","M","R","BOSS","M","?","M","$","M","R","?","?","T","R","E","R","?","$","R","BOSS","M","$","M","?","?","R","M","R","T","R","M","?","?","M","R","BOSS"],"items_purchased_type":["Card","Relic","Relic","Relic","Relic"],"build_version":"2020-12-22","purchased_purges":4,"victory":false,"max_hp_per_floor":[75,80,80,80,80,80,80,80,80,80,80,80,80,80,80,80,80,80,80,80,80,80,80,80,80,80,80,80,80,80,80,80,80,80,80,80,80,80,80,80,80,80,87,87,87,87,87,87,87,87,87],"card_choices":[{"not_picked":["Reprogram","Compile Driver"],"picked":"Sweeping Beam","floor":1.0},{"not_picked":["Gash","Compile Driver"],"picked":"Coolheaded","floor":6.0},{"not_picked":["Buffer","Rip and Tear"],"picked":"Darkness","floor":11.0},{"not_picked":["Double Energy","Redo","Gash"],"picked":"SKIP","floor":12.0},{"not_picked":["Go for the Eyes","Streamline"],"picked":"Defragment","floor":14.0},{"not_picked":["Cold Snap","Barrage","FTL+1"],"picked":"SKIP","floor":18},{"not_picked":["Cold Snap","Gash"],"picked":"Steam+1","floor":20},{"not_picked":["Lockon","Compile Driver","Blizzard"],"picked":"SKIP","floor":22},{"not_picked":["Cold Snap","BootSequence","FTL+1"],"picked":"SKIP","floor":25},{"not_picked":["All For One","Compile Driver"],"picked":"Chill+1","floor":28},{"not_picked":["Amplify","Creative AI"],"picked":"Electrodynamics","floor":33},{"not_picked":["Cold Snap+1","Sweeping Beam+1","Reprogram+1"],"picked":"SKIP","floor":35},{"not_picked":["Stack","Streamline","Compile Driver+1"],"picked":"SKIP","floor":37},{"not_picked":["Bandage Up","Dark Shackles"],"picked":"Madness","floor":39},{"not_picked":["Auto Shields","Heatsinks+1","Hello World"],"picked":"SKIP","floor":41},{"not_picked":["Melter+1","Conserve Battery","Coolheaded+1"],"picked":"SKIP","floor":45},{"not_picked":["Tempest","Streamline+1","Go for the Eyes+1"],"picked":"SKIP","floor":48}],"player_experience":10891,"relics_obtained":[{"floor":6.0,"key":"PreservedInsect"},{"floor":9.0,"key":"Vajra"},{"floor":11.0,"key":"Potion Belt"},{"floor":26,"key":"Omamori"},{"floor":28,"key":"Shuriken"},{"floor":43,"key":"Strawberry"},{"floor":46,"key":"CaptainsWheel"}],"event_choices":[{"damage_healed":0.0,"max_hp_gain":5.0,"max_hp_loss":0.0,"gold_gain":0.0,"event_name":"Big Fish","player_choice":"Donut","floor":2.0,"gold_loss":0.0,"damage_taken":0.0},{"cards_removed":["Strike_B"],"damage_healed":0.0,"max_hp_gain":0.0,"max_hp_loss":0.0,"gold_gain":0.0,"event_name":"Golden Wing","player_choice":"Card Removal","floor":4.0,"gold_loss":0.0,"damage_taken":7.0},{"damage_healed":0.0,"max_hp_gain":0.0,"max_hp_loss":0.0,"gold_gain":175.0,"event_name":"Liars Game","player_choice":"AGREE","floor":5.0,"gold_loss":0.0,"damage_taken":0.0,"cards_obtained":["Doubt"]},{"cards_removed":["Doubt"],"damage_healed":0.0,"max_hp_gain":0.0,"max_hp_loss":0.0,"gold_gain":0.0,"event_name":"Living Wall","player_choice":"Forget","floor":8.0,"gold_loss":0.0,"damage_taken":0.0},{"damage_healed":0.0,"max_hp_gain":0.0,"max_hp_loss":0.0,"gold_gain":0.0,"event_name":"Shining Light","player_choice":"Entered Light","floor":13.0,"gold_loss":0.0,"damage_taken":16.0,"cards_upgraded":["Defend_B","Sweeping Beam"]},{"cards_removed":["Strike_B"],"damage_healed":0,"gold_gain":0,"player_choice":"Gave Gold","damage_taken":0,"max_hp_gain":0,"max_hp_loss":0,"event_name":"Beggar","floor":19,"gold_loss":75},{"damage_healed":0,"gold_gain":75,"player_choice":"Touch","damage_taken":8,"max_hp_gain":0,"max_hp_loss":0,"event_name":"FaceTrader","floor":24,"gold_loss":0},{"damage_healed":0,"gold_gain":99,"player_choice":"Stole From Cult","damage_taken":0,"max_hp_gain":0,"max_hp_loss":0,"event_name":"Nest","floor":30,"gold_loss":0},{"cards_removed":["Doom and Gloom"],"damage_healed":0,"gold_gain":0,"player_choice":"Removed Attack","damage_taken":0,"max_hp_gain":0,"max_hp_loss":0,"event_name":"Falling","floor":38,"gold_loss":0},{"damage_healed":0,"gold_gain":0,"player_choice":"Memory 3","damage_taken":10,"max_hp_gain":0,"max_hp_loss":0,"event_name":"SensoryStone","floor":39,"gold_loss":0},{"damage_healed":0,"gold_gain":0,"player_choice":"Fight","damage_taken":0,"max_hp_gain":0,"max_hp_loss":0,"event_name":"MindBloom","floor":46,"gold_loss":0},{"damage_healed":0,"gold_gain":0,"player_choice":"Embrace Madness","damage_taken":11,"max_hp_gain":0,"max_hp_loss":0,"event_name":"Winding Halls","floor":47,"gold_loss":0,"cards_obtained":["Madness","Madness"]}],"is_beta":false,"boss_relics":[{"not_picked":["Nuclear Battery","Busted Crown"],"picked":"Sozu"},{"not_picked":["Coffee Dripper","Snecko Eye"],"picked":"Inserter"}],"items_purged_floors":[10,21,31,36],"is_endless":false,"potions_floor_spawned":[6,12,14,16,22,33,41,45,46],"killed_by":"Time Eater","ascension_level":0}}