{"host":"2qv44oxt58ptq59r","time":1609433976,"event":{"mods":["AchievementEnabler","BaseMod","Colored Powertips","Highlight Path","Minty Spire (QoL Compilation)","Permanent Neow","StSLib"],"gold_per_floor":[113,113,130,40,56,56,83,83,83,83,10,20,20,33,33,130,130,113,128,31,41,52,52,52,52,52,52,64,64,81,95,95,95,95],"floor_reached":33,"playtime":12550,"items_purged":[],"score":249,"play_id":"fd630451-533f-4928-9069-9a5f3efb3168","local_time":"20201231165936","is_ascension_mode":false,"campfire_choices":[{"data":"Metallicize","floor":6.0,"key":"SMITH"},{"data":"Metallicize","floor":8.0,"key":"SMITH"},{"data":"Clothesline","floor":10.0,"key":"SMITH"},{"data":"Body Slam","floor":13.0,"key":"SMITH"},{"data":"Metallicize","floor":15.0,"key":"SMITH"},{"data":"Headbutt","floor":23.0,"key":"SMITH"},{"data":"Inflame","floor":25.0,"key":"SMITH"},{"data":"Feel No Pain","floor":27.0,"key":"SMITH"},{"floor":32,"key":"REST"}],"circlet_count":0,"master_deck":["Strike_R","Strike_R+1","Strike_R+1","Defend_R","Defend_R","Defend_R","Defend_R","Bash+1","Heavy Blade","Metallicize+1","Panacea","Metallicize+1","Clothesline+1","Body Slam+1","Metallicize+1","Inflame+1","Heavy Blade","Feel No Pain+1","Headbutt+1","Inflame+1","Battle Trance","Uppercut"],"relics":["Burning Blood","Whetstone","Bottled Tornado","Empty Cage","Art of War"],"acts_visited":["Exordium","TheCity"],"potions_floor_usage":[31,32],"damage_taken":[{"damage":0.0,"enemies":"2 Louse","floor":1.0,"turns":3.0},{"damage":6.0,"enemies":"Cultist","floor":3.0,"turns":3.0},{"damage":1.0,"enemies":"Jaw Worm","floor":5.0,"turns":4.0},{"damage":6.0,"enemies":"Lagavulin","floor":7.0,"turns":10.0},{"damage":10.0,"enemies":"2 Fungi Beasts","floor":12.0,"turns":4.0},{"damage":7.0,"enemies":"Large Slime","floor":14.0,"turns":7.0},{"damage":18.0,"enemies":"The Guardian","floor":16.0,"turns":16.0},{"damage":16.0,"enemies":"2 Thieves","floor":18.0,"turns":4.0},{"damage":9.0,"enemies":"Chosen","floor":19.0,"turns":7.0},{"damage":7.0,"enemies":"Snake Plant","floor":21.0,"turns":6.0},{"damage":18.0,"enemies":"Chosen and Byrds","floor":22.0,"turns":9.0},{"damage":10.0,"enemies":"Shelled Parasite and Fungi","floor":28.0,"turns":5.0},{"damage":20.0,"enemies":"Colosseum Slavers","floor":29.0,"turns":5.0},{"damage":25,"enemies":"Sentry and Sphere","floor":30,"turns":8},{"damage":12,"enemies":"Snecko","floor":31,"turns":6},{"damage":52,"enemies":"Collector","floor":33,"turns":10}],"seed_played":"1194832226816541538","potions_obtained":[{"floor":3.0,"key":"EssenceOfSteel"},{"floor":5.0,"key":"Ancient Potion"},{"floor":12.0,"key":"LiquidMemories"},{"floor":21.0,"key":"ElixirPotion"},{"floor":28.0,"key":"Energy Potion"},{"floor":30,"key":"Energy Potion"},{"floor":31,"key":"BloodPotion"}],"is_trial":false,"path_per_floor":["M","?","M","$","M","R","E","R","T","R","$","M","R","M","R","B",null,"M","M","$","M","M","R","?","R","T","R","M","?","M","M","R","B"],"character_chosen":"IRONCLAD","items_purchased":["Panacea","Regen Potion","Inflame","Heavy Blade"],"campfire_rested":1,"item_purchase_floors":[4,11,20,20],"current_hp_per_floor":[80,80,80,80,80,80,80,80,80,80,80,76,76,80,80,68,80,70,67,67,66,54,54,54,54,54,54,50,36,17,11,51,0,0],"gold":95,"neow_bonus":"RANDOM_COMMON_RELIC","is_daily":false,"chose_seed":false,"campfire_upgraded":8,"win_rate":0.0,"timestamp":1609433976,"path_taken":["M","?","M","$","M","R","E","R","T","R","$","M","R","M","R","BOSS","M","M","$","M","M","R","?","R","T","R","M","?","M","M","R","BOSS"],"items_purchased_type":["Card","Potion","Card","Card"],"build_version":"2020-12-22","purchased_purges":0,"victory":false,"max_hp_per_floor":[80,80,80,80,80,80,80,80,80,80,80,80,80,80,80,80,80,80,80,80,80,80,80,80,80,80,80,80,80,80,80,80,80,80],"card_choices":[{"not_picked":["Wild Strike","Perfected Strike"],"picked":"Heavy Blade","floor":1.0},{"not_picked":["Havoc","Anger"],"picked":"Metallicize","floor":3.0},{"not_picked":["Second Wind","Thunderclap"],"picked":"Metallicize","floor":5.0},{"not_picked":["Power Through","Heavy Blade"],"picked":"Clothesline","floor":7.0},{"not_picked":["Power Through","Thunderclap"],"picked":"Body Slam","floor":12.0},{"not_picked":["Disarm","Dual Wield"],"picked":"Metallicize","floor":14.0},{"not_picked":["Havoc","Sever Soul+1","Flex+1"],"picked":"SKIP","floor":18.0},{"not_picked":["Sever Soul","Reckless Charge","Armaments"],"picked":"SKIP","floor":19.0},{"not_picked":["Body Slam","Evolve"],"picked":"Feel No Pain","floor":21.0},{"not_picked":["Anger","Dark Embrace"],"picked":"Headbutt","floor":22.0},{"not_picked":["Body Slam","Twin Strike"],"picked":"Inflame+1","floor":28.0},{"not_picked":["Cleave","Second Wind"],"picked":"Battle Trance","floor":30},{"not_picked":["Brutality","Twin Strike"],"picked":"Uppercut","floor":31}],"player_experience":5106211,"relics_obtained":[{"floor":7.0,"key":"Bottled Tornado"},{"floor":26.0,"key":"Art of War"}],"event_choices":[{"damage_healed":0.0,"max_hp_gain":0.0,"max_hp_loss":0.0,"gold_gain":0.0,"event_name":"Living Wall","player_choice":"Grow","floor":2.0,"gold_loss":0.0,"damage_taken":0.0,"cards_upgraded":["Bash"]},{"damage_healed":0.0,"max_hp_gain":0.0,"max_hp_loss":0.0,"gold_gain":0.0,"event_name":"Cursed Tome","player_choice":"Ignored","floor":24.0,"gold_loss":0.0,"damage_taken":0.0},{"damage_healed":0.0,"max_hp_gain":0.0,"max_hp_loss":0.0,"gold_gain":0.0,"event_name":"Colosseum","player_choice":"Fight","floor":29.0,"gold_loss":0.0,"damage_taken":0.0},{"damage_healed":0.0,"max_hp_gain":0.0,"max_hp_loss":0.0,"gold_gain":0.0,"event_name":"Colosseum","player_choice":"Fled From Nobs","floor":29.0,"gold_loss":0.0,"damage_taken":0.0}],"is_beta":false,"boss_relics":[{"not_picked":["Velvet Choker","Runic Pyramid"],"picked":"Empty Cage"}],"items_purged_floors":[],"is_endless":false,"potions_floor_spawned":[3,5,12,21,28,30,31],"killed_by":"Collector","ascension_level":0}}