{"host":"ttx8tv95o5vka1nm","time":1609392804,"event":{"mods":["BaseMod","Colored Map","Downfall","Infinite Spire","Minty Spire (QoL Compilation)","Replay The Spire","Shop Mod","StSLib","The Jungle"],"gold_per_floor":[99,110,110,128,148,160,160,192,192,226,237,237,70,80,94,94,94],"floor_reached":16,"playtime":1889,"items_purged":["sneckomod:Defend"],"score":114,"play_id":"f554e457-c2fc-40e0-8a6c-decaa44d17a5","local_time":"20201231153324","is_ascension_mode":false,"campfire_choices":[{"data":"sneckomod:Strike","floor":1,"key":"PURGE"},{"data":"sneckomod:UnknownRareAttack","floor":9,"key":"SMITH"}],"circlet_count":0,"master_deck":["sneckomod:Strike","sneckomod:Strike","sneckomod:Defend","sneckomod:Defend","sneckomod:TailWhip","sneckomod:SnekBite","sneckomod:Unknown+1","sneckomod:Unknown","sneckomod:IronFang","sneckomod:UnknownClassINFINITE_BLACK","sneckomod:DiceBlock","sneckomod:UnknownRareAttack+1","sneckomod:UnknownClassGUARDIAN+1","sneckomod:DiceCrush","sneckomod:UnknownBlock","sneckomod:Nope","sneckomod:CheapStock","sneckomod:WideSting"],"relics":["sneckomod:SneckoSoul","Replay:Bottled Steam","Turnip","infinitespire:BottledMercury"],"acts_visited":["Exordium"],"potions_floor_usage":[11,16],"damage_taken":[{"damage":1,"enemies":"Small Slimes","floor":2,"turns":3},{"damage":0,"enemies":"Cultist","floor":4,"turns":4},{"damage":5,"enemies":"Jaw Worm","floor":5,"turns":6},{"damage":11,"enemies":"Exordium Wildlife","floor":6,"turns":5},{"damage":28,"enemies":"Gremlin Nob","floor":8,"turns":5},{"damage":2,"enemies":"Replay:BlueRogue","floor":10,"turns":6},{"damage":3,"enemies":"Lots of Slimes","floor":11,"turns":2},{"damage":0,"enemies":"downfall:FleeingMerchant","floor":13,"turns":4},{"damage":0,"enemies":"Gremlin Gang","floor":14,"turns":3},{"damage":14,"enemies":"3 Louse","floor":15,"turns":3},{"damage":46,"enemies":"downfall:Defect","floor":16,"turns":5}],"seed_played":"-2995202667210624434","potions_obtained":[{"floor":6,"key":"Explosive Potion"},{"floor":8,"key":"champ:CounterPotion"},{"floor":15,"key":"Strength Potion"}],"is_trial":false,"path_per_floor":["R_BF","M","?","M","M","M","T","E","R","E","M","?","$","M","M","B"],"character_chosen":"THE_SNECKO","items_purchased":["sneckomod:CheapStock"],"campfire_rested":0,"item_purchase_floors":[13],"current_hp_per_floor":[99,98,98,99,94,84,84,57,57,55,53,53,53,59,45,0,0],"gold":94,"neow_bonus":"TEN_PERCENT_HP_BONUS","is_daily":false,"chose_seed":false,"campfire_upgraded":1,"win_rate":0.0,"timestamp":1609392804,"path_taken":["R_BF","M","?","M","M","?","T","E","R","E","M","?","$","?","M","BOSS"],"items_purchased_type":["Card"],"build_version":"2020-12-22","purchased_purges":1,"victory":false,"max_hp_per_floor":[99,99,99,100,100,101,101,102,102,102,103,103,103,103,103,103,103],"card_choices":[{"not_picked":["sneckomod:UnknownCommonSkill","sneckomod:UnknownBlock"],"picked":"sneckomod:IronFang","floor":2},{"not_picked":["sneckomod:WideSting","sneckomod:UnknownBlock"],"picked":"sneckomod:UnknownClassINFINITE_BLACK","floor":4},{"not_picked":["sneckomod:IronFang","sneckomod:UnknownStrike"],"picked":"sneckomod:DiceBlock","floor":5},{"not_picked":["sneckomod:QuickBite","sneckomod:IronFang"],"picked":"sneckomod:UnknownRareAttack","floor":6},{"not_picked":["sneckomod:DiceBoulder","sneckomod:DefensiveFlair"],"picked":"sneckomod:UnknownClassGUARDIAN","floor":8},{"not_picked":["sneckomod:RainOfDice","sneckomod:SoulDraw"],"picked":"sneckomod:DiceCrush","floor":10},{"not_picked":["sneckomod:QuickMove","sneckomod:IronFang"],"picked":"sneckomod:UnknownBlock","floor":11},{"not_picked":["sneckomod:DefensiveFlair","sneckomod:DiceCrush"],"picked":"sneckomod:Nope","floor":13},{"not_picked":["sneckomod:IronFang","sneckomod:UnknownBlock","sneckomod:QuickMove"],"picked":"SKIP","floor":14},{"not_picked":["sneckomod:DiceCrush","sneckomod:UnknownClassGREEN"],"picked":"sneckomod:WideSting","floor":15}],"player_experience":558835,"relics_obtained":[{"floor":7,"key":"Replay:Bottled Steam"},{"floor":8,"key":"Turnip"},{"floor":10,"key":"infinitespire:BottledMercury"}],"event_choices":[{"damage_healed":0,"gold_gain":0,"player_choice":"Forge","damage_taken":0,"max_hp_gain":0,"max_hp_loss":0,"event_name":"Accursed Blacksmith","floor":3,"gold_loss":0,"cards_upgraded":["sneckomod:Unknown"]},{"damage_healed":0,"gold_gain":0,"player_choice":"Upgraded","damage_taken":0,"max_hp_gain":0,"max_hp_loss":0,"event_name":"Upgrade Shrine","floor":12,"gold_loss":0,"cards_upgraded":["sneckomod:UnknownClassGUARDIAN"]}],"is_beta":false,"boss_relics":[],"items_purged_floors":[13],"is_endless":false,"potions_floor_spawned":[6,8,15],"killed_by":"downfall:Defect","ascension_level":0}}