{"host":"l68ey5cc6843p92k","time":1609441228,"event":{"mods":["Act Like it!","Arknights The Spire","Aspiration","BaseMod","Friendly Minions","Hallownest","Infinite Spire","Kiyohime????","Minty Spire (QoL Compilation)","Permanent Neow","Rare Cards Sparkle","Replay The Spire","Shop Mod","StSLib","The Bug Knight","The Servant 0.9.4","slay the spire mod where everything is the same but ironclad has a cowboy hat"],"gold_per_floor":[119,119,151,171,184,195,207,207,231,246,246,296,5,15,15,118,118,138,148,1,19,19,19,19],"floor_reached":23,"playtime":2102,"items_purged":[],"score":185,"play_id":"aa225a37-fede-4372-b04f-86799c3c4445","local_time":"20210101030028","is_ascension_mode":false,"campfire_choices":[{"data":"ats:Ambush","floor":8,"key":"SMITH"},{"data":"ats:Closed Bolt Burst Fire","floor":11,"key":"SMITH"},{"data":"ats:Ignite","floor":15,"key":"SMITH"}],"circlet_count":0,"master_deck":["ats:Strike C","ats:Strike G","ats:Strike S","ats:Strike V","ats:Armor Crushing Shot","ats:Defend+1","ats:Defend","ats:Defend","ats:Defend+1","ats:Emotion Absorption","ats:Closed Bolt Burst Fire+1","ats:Shell Defense","ats:Shell Defense","ats:Directed Diagnosis","ats:Ambush+1","ats:Apocalypse","ats:Charging Defense","ats:Sunburst","ats:Ignite+1","ats:Explosion Area Strengthen","ats:Apocalypse","ats:Explosion Area Strengthen","ats:Calcification","ats:Red Shift","ats:Assault Order","ats:Apocalypse"],"relics":["ats:Sanity","aspiration:Nostalgia","PureWater","Smiling Mask","HollowMod:PaleOreRelic","Pen Nib","War Paint","aspiration:PoetsPen_weak","Juzu Bracelet"],"acts_visited":["Exordium","TheCity"],"potions_floor_usage":[7,7,16,16,16,21],"damage_taken":[{"damage":0,"enemies":"2 Louse","floor":1,"turns":3},{"damage":0,"enemies":"Small Slimes","floor":4,"turns":4},{"damage":6,"enemies":"infinitespire:Voidling","floor":5,"turns":7},{"damage":6,"enemies":"Gremlin Gang","floor":6,"turns":7},{"damage":35,"enemies":"Exordium Wildlife","floor":7,"turns":9},{"damage":11,"enemies":"Lots of Slimes","floor":10,"turns":6},{"damage":7,"enemies":"HollowMod:HuskWarrior","floor":14,"turns":5},{"damage":59,"enemies":"The Guardian","floor":16,"turns":14},{"damage":15,"enemies":"3 Byrds","floor":18,"turns":5},{"damage":15,"enemies":"Centurion and Healer","floor":19,"turns":5},{"damage":29,"enemies":"Cultist and Chosen","floor":21,"turns":7},{"damage":61,"enemies":"Nightmare","floor":23,"turns":7}],"seed_played":"-6870471952821115204","potions_obtained":[{"floor":1,"key":"ColorlessPotion"},{"floor":3,"key":"FearPotion"},{"floor":6,"key":"PowerPotion"},{"floor":7,"key":"Regen Potion"},{"floor":14,"key":"LifebloodPotion"},{"floor":19,"key":"Swift Potion"}],"is_trial":false,"path_per_floor":["M","?","?","M","M","M","M","R","T","M","R","T","$","M","R","B",null,"M","M","$","M","$","NM"],"character_chosen":"DOCTOR_CLASS","items_purchased":["War Paint","ats:Ignite","ats:Explosion Area Strengthen","ats:Apocalypse","Juzu Bracelet"],"campfire_rested":0,"item_purchase_floors":[13,13,13,13,20],"current_hp_per_floor":[72,72,54,58,59,65,72,72,72,71,71,71,71,65,65,54,72,60,56,56,36,36,0,0],"gold":19,"neow_bonus":"NOSTALGIA","is_daily":false,"chose_seed":false,"campfire_upgraded":3,"win_rate":0.0,"timestamp":1609441228,"path_taken":["M","?","?","M","?","?","?","R","T","M","R","?","?","M","R","BOSS","M","M","$","M","?","NM"],"items_purchased_type":["Relic","Card","Card","Card","Relic"],"build_version":"2020-12-22","purchased_purges":0,"victory":false,"max_hp_per_floor":[72,72,72,72,72,72,72,72,72,72,72,72,72,72,72,72,72,72,72,72,72,72,72,72],"card_choices":[{"not_picked":["ats:Poison Spread","ats:Hammer On"],"picked":"ats:Closed Bolt Burst Fire","floor":1},{"not_picked":["ats:Hammer On","ats:Explosion Area Strengthen"],"picked":"ats:Shell Defense","floor":3},{"not_picked":["ats:Explosion Area Strengthen","ats:Poison Spread"],"picked":"ats:Shell Defense","floor":3},{"not_picked":["ats:Composite Medical Shells","ats:Childhood Dance"],"picked":"ats:Directed Diagnosis","floor":4},{"not_picked":["ats:Beaten Up","ats:Healing Drone"],"picked":"ats:Ambush","floor":5},{"not_picked":["ats:Directed Diagnosis","ats:Revitalization"],"picked":"ats:Apocalypse","floor":6},{"not_picked":["ats:Leaping Hammer","ats:Healing Drone"],"picked":"ats:Charging Defense","floor":7},{"not_picked":["ats:Childhood Dance","ats:Demon Strength"],"picked":"ats:Sunburst","floor":10},{"not_picked":["ats:Revitalization","ats:Spore Proliferation"],"picked":"ats:Explosion Area Strengthen","floor":14},{"not_picked":["ats:Dogmatic Field","ats:Disruption Kick"],"picked":"ats:Calcification","floor":16},{"not_picked":["ats:Thorns","ats:Leaping Hammer+1"],"picked":"ats:Red Shift","floor":18},{"not_picked":["ats:Consecutive Shot Auto","ats:Revitalization"],"picked":"ats:Assault Order","floor":19},{"not_picked":["ats:Cat Scratch","ats:Composite Medical Shells+1"],"picked":"ats:Apocalypse","floor":21}],"player_experience":54336,"relics_obtained":[{"floor":3,"key":"Smiling Mask"},{"floor":9,"key":"HollowMod:PaleOreRelic"},{"floor":12,"key":"Pen Nib"}],"event_choices":[{"damage_healed":0,"gold_gain":0,"player_choice":"Ignored","damage_taken":0,"max_hp_gain":0,"max_hp_loss":0,"event_name":"Golden Wing","floor":2,"gold_loss":0}],"is_beta":false,"boss_relics":[{"not_picked":["Honey Jar","Abe\u0027s Treasure"],"picked":"aspiration:PoetsPen_weak"}],"items_purged_floors":[],"is_endless":false,"potions_floor_spawned":[1,6,7,14,19],"killed_by":"Nightmare","ascension_level":0}}