{"host":"co1ulnwz1h4zjs22","time":1609449049,"event":{"mods":["Act Like it!","Aspiration","BaseMod","Bestiary","BetterRewards","Colored Powertips","Conspire","Curses Come First","Energized Spire","Friendly Minions","GifTheSpireLib","Googly Eyes","Hubris","Jorbs\u0027s Wanderer Trilogy","Minty Spire (QoL Compilation)","Replay The Spire","Shop Mod","StSLib","The Dragon Tamer","The Forsaken","The IronCluck","The Marked","Waifu the Spire","everything is the same but u backflip on backflip","slay the spire mod where everything is the same but ironclad has a cowboy hat"],"gold_per_floor":[116,116,131,131,56,87,113,113,113,125,142,142,154,171,171,269,269,289,289,263,263,263],"floor_reached":21,"playtime":1836,"items_purged":["theForsaken:PlagueCurse"],"score":181,"play_id":"0116c2cc-cabe-4e6d-b261-69fa976a046f","local_time":"20201231161049","is_ascension_mode":false,"campfire_choices":[{"data":"theForsaken:Smite","floor":8,"key":"SMITH"},{"data":"theForsaken:Penitence","floor":12,"key":"SMITH"},{"floor":15,"key":"REST"}],"circlet_count":0,"master_deck":["theForsaken:TheForsaken_Strike","theForsaken:TheForsaken_Strike","theForsaken:TheForsaken_Strike","theForsaken:TheForsaken_Strike","theForsaken:TheForsaken_Defend","theForsaken:TheForsaken_Defend","theForsaken:TheForsaken_Defend","theForsaken:TheForsaken_Defend","theForsaken:Smite+1","theForsaken:Penitence+1","theForsaken:ShieldBash","theForsaken:PowerUp","theForsaken:RainingSunlight","theForsaken:Devotion","theForsaken:QuickAttack","theForsaken:Tranquility","Shame","theForsaken:RainingSunlight+1"],"relics":["theForsaken:JudgementScales","theForsaken:PlagueMask","Ornamental Fan","Bronze Scales","Replay:Wax Seal","Unceasing Top","hubris:BlackHole"],"acts_visited":["Exordium","TheCity"],"potions_floor_usage":[6,16],"damage_taken":[{"damage":0,"enemies":"Small Slimes","floor":1,"turns":5},{"damage":5,"enemies":"Jaw Worm","floor":3,"turns":5},{"damage":41,"enemies":"3 Sentries","floor":6,"turns":14},{"damage":0,"enemies":"conspire:RoseBush","floor":10,"turns":5},{"damage":11,"enemies":"Blue Slaver","floor":11,"turns":5},{"damage":0,"enemies":"Exordium Wildlife","floor":13,"turns":4},{"damage":10,"enemies":"Looter","floor":14,"turns":2},{"damage":45,"enemies":"Slime Boss","floor":16,"turns":14},{"damage":4,"enemies":"3 Byrds","floor":18,"turns":4},{"damage":16,"enemies":"2 Thieves","floor":20,"turns":5},{"damage":0,"enemies":"Snecko","floor":21,"turns":2}],"seed_played":"8925688382951004395","potions_obtained":[{"floor":3,"key":"Elixir"},{"floor":10,"key":"SteroidPotion"},{"floor":13,"key":"AttackPotion"},{"floor":16,"key":"conspire:TimeTravelPotion"}],"is_trial":false,"path_per_floor":["M","?","M","T","$","E","T","R","T","M","M","R","M","M","R","B",null,"M","?","M","M"],"character_chosen":"THE_FORSAKEN","items_purchased":[],"campfire_rested":1,"item_purchase_floors":[],"current_hp_per_floor":[71,71,69,69,69,34,34,34,34,34,28,28,28,21,42,24,71,67,67,55,60,60],"gold":263,"neow_bonus":"TEN_PERCENT_HP_BONUS","is_daily":false,"chose_seed":false,"campfire_upgraded":2,"win_rate":0.0,"timestamp":1609449049,"path_taken":["M","?","M","?","?","E","?","R","T","?","M","R","M","M","R","BOSS","M","?","M","M"],"items_purchased_type":[],"build_version":"2020-12-22","purchased_purges":1,"victory":false,"max_hp_per_floor":[71,71,71,71,71,71,71,71,71,71,71,71,71,71,71,71,71,71,71,71,71,71],"card_choices":[{"not_picked":["theForsaken:Eulogy","theForsaken:FuryStrikes"],"picked":"theForsaken:ShieldBash","floor":1},{"not_picked":["theForsaken:NobleSacrifice","theForsaken:Parry"],"picked":"theForsaken:PowerUp","floor":3},{"not_picked":["theForsaken:CorruptedForm","theForsaken:Backlash","theForsaken:FuryStrikes"],"picked":"SKIP","floor":6},{"not_picked":["theForsaken:CreepingInfection","theForsaken:ShieldCharge"],"picked":"theForsaken:RainingSunlight","floor":10},{"not_picked":["theForsaken:HymnOfPatience","theForsaken:ChargeAttack","theForsaken:BottledPlague"],"picked":"SKIP","floor":11},{"not_picked":["theForsaken:Preservation","theForsaken:Thunderbolt"],"picked":"theForsaken:Devotion","floor":13},{"not_picked":["theForsaken:Preservation","theForsaken:Prudence"],"picked":"theForsaken:QuickAttack","floor":14},{"not_picked":["theForsaken:NobleSacrifice","theForsaken:DarkBargain"],"picked":"theForsaken:Tranquility","floor":18},{"not_picked":["theForsaken:Preservation","theForsaken:CowardsBrand"],"picked":"theForsaken:RainingSunlight+1","floor":20}],"player_experience":388016,"relics_obtained":[{"floor":4,"key":"Ornamental Fan"},{"floor":6,"key":"Bronze Scales"},{"floor":7,"key":"Replay:Wax Seal"},{"floor":9,"key":"Unceasing Top"}],"event_choices":[{"damage_healed":0,"gold_gain":0,"player_choice":"Obtain Plague Curse","damage_taken":0,"max_hp_gain":0,"max_hp_loss":0,"event_name":"Plague Doctor","floor":2,"gold_loss":0,"cards_obtained":["theForsaken:PlagueCurse"]}],"is_beta":false,"boss_relics":[{"not_picked":["Philosopher\u0027s Stone","aspiration:RunicSpoon"],"picked":"hubris:BlackHole"}],"items_purged_floors":[5],"is_endless":false,"potions_floor_spawned":[3,10,13,16],"killed_by":"Snecko","ascension_level":0}}