{"host":"4np54w3ai1r5lqo1","time":1609389512,"event":{"mods":["BaseMod","Colored Map","Minty Spire (QoL Compilation)","Quick Restart"],"gold_per_floor":[10,27,27,105,105,105,140,156,156,156,204,217,217,237,237,335,335,346,346,362,146,146,181,84,84,84,84,48,76,90,106,106,202,202,217,217,232,0,0,33,33,53,131,131,163,163,163,181,181,181],"floor_reached":51,"playtime":2273,"items_purged":["Predator"],"score":1124,"play_id":"21006729-20e9-4939-b056-b06eaaca945a","local_time":"20201231023831","is_ascension_mode":true,"campfire_choices":[{"data":"Escape Plan","floor":6.0,"key":"SMITH"},{"data":"Terror","floor":10.0,"key":"SMITH"},{"data":"Calculated Gamble","floor":13.0,"key":"SMITH"},{"floor":15.0,"key":"REST"},{"floor":27.0,"key":"REST"},{"floor":32.0,"key":"REST"},{"data":"Burst","floor":41.0,"key":"SMITH"},{"data":"Escape Plan","floor":44.0,"key":"SMITH"},{"data":"PiercingWail","floor":49,"key":"SMITH"}],"circlet_count":0,"master_deck":["AscendersBane","Defend_G+1","Defend_G+1","Defend_G+1","Survivor","Neutralize","Calculated Gamble+1","Escape Plan+1","Noxious Fumes","Bane+1","Terror+1","Corpse Explosion","Footwork+1","Tools of the Trade+1","Bouncing Flask+1","Deadly Poison+1","Blade Dance+1","Cloak And Dagger","Bouncing Flask","Tactician","Well Laid Plans+1","Prepared","PiercingWail+1","Flechettes","Escape Plan+1","PiercingWail+1","Burst+1","CurseOfTheBell","Footwork+1","Footwork+1","Backflip+1","Leg Sweep+1","Impatience","Cloak And Dagger+1"],"relics":["Ring of the Snake","Frozen Egg 2","Nunchaku","Pen Nib","Astrolabe","TwistedFunnel","Mercury Hourglass","White Beast Statue","Tiny Chest","Calling Bell","Centennial Puzzle","Shuriken","Tingsha","DollysMirror","Art of War","Gremlin Horn","Bottled Flame","HornCleat"],"acts_visited":["Exordium","TheCity","TheBeyond"],"potions_floor_usage":[50],"damage_taken":[{"damage":4.0,"enemies":"2 Louse","floor":1.0,"turns":3.0},{"damage":4.0,"enemies":"Small Slimes","floor":2.0,"turns":4.0},{"damage":23.0,"enemies":"Lagavulin","floor":7.0,"turns":8.0},{"damage":0.0,"enemies":"Cultist","floor":8.0,"turns":2.0},{"damage":0.0,"enemies":"Looter","floor":12.0,"turns":3.0},{"damage":0.0,"enemies":"2 Fungi Beasts","floor":14.0,"turns":2.0},{"damage":39.0,"enemies":"Slime Boss","floor":16.0,"turns":8.0},{"damage":16.0,"enemies":"Spheric Guardian","floor":18.0,"turns":4.0},{"damage":0.0,"enemies":"Chosen","floor":20.0,"turns":3.0},{"damage":37.0,"enemies":"Book of Stabbing","floor":23.0,"turns":5.0},{"damage":9.0,"enemies":"Slavers","floor":29.0,"turns":4.0},{"damage":7.0,"enemies":"Shelled Parasite and Fungi","floor":30.0,"turns":4.0},{"damage":0.0,"enemies":"Centurion and Healer","floor":31.0,"turns":4.0},{"damage":23.0,"enemies":"Automaton","floor":33.0,"turns":10.0},{"damage":10.0,"enemies":"3 Darklings","floor":35.0,"turns":3.0},{"damage":18.0,"enemies":"Orb Walker","floor":37.0,"turns":4.0},{"damage":7.0,"enemies":"Giant Head","floor":40.0,"turns":8.0},{"damage":24.0,"enemies":"Maw","floor":42.0,"turns":7.0},{"damage":0.0,"enemies":"Nemesis","floor":45.0,"turns":7.0},{"damage":0,"enemies":"3 Darklings","floor":48,"turns":5},{"damage":18,"enemies":"Awakened One","floor":50,"turns":16}],"seed_played":"-139010715484921301","potions_obtained":[{"floor":1.0,"key":"Weak Potion"},{"floor":14.0,"key":"Block Potion"},{"floor":16.0,"key":"Fruit Juice"},{"floor":18.0,"key":"Strength Potion"},{"floor":23.0,"key":"SkillPotion"},{"floor":29.0,"key":"Dexterity Potion"},{"floor":30.0,"key":"CunningPotion"},{"floor":31.0,"key":"Swift Potion"},{"floor":33.0,"key":"SmokeBomb"},{"floor":35.0,"key":"Regen Potion"},{"floor":37.0,"key":"Regen Potion"},{"floor":40.0,"key":"Strength Potion"},{"floor":42.0,"key":"Poison Potion"},{"floor":45.0,"key":"BlessingOfTheForge"},{"floor":48,"key":"Swift Potion"}],"is_trial":false,"path_per_floor":["M","M","?","?","?","R","E","M","T","R","T","M","R","M","R","B",null,"M","?","M","$","?","E","$","?","T","R","$","E","M","M","R","B",null,"M","?","M","$","?","E","R","M","T","R","E","?","T","M","R","B",null],"character_chosen":"THE_SILENT","items_purchased":["TwistedFunnel","Well Laid Plans+1","PiercingWail","Flechettes","DistilledChaos","DollysMirror"],"campfire_rested":3,"item_purchase_floors":[21,21,24,28,38,38],"current_hp_per_floor":[59,55,55,55,55,55,32,32,32,32,32,32,32,32,53,14,56,40,40,40,40,40,8,8,8,8,30,30,21,14,14,36,13,60,50,50,32,32,32,72,72,48,48,48,48,48,48,48,48,30],"gold":181,"neow_bonus":"TRANSFORM_TWO_CARDS","is_daily":false,"chose_seed":false,"campfire_upgraded":6,"win_rate":0.0,"timestamp":1609389511,"path_taken":["M","M","?","?","?","R","E","M","T","R","?","M","R","M","R","BOSS","M","?","M","$","?","E","$","?","T","R","?","E","M","M","R","BOSS","M","?","M","$","?","E","R","M","T","R","E","?","?","?","R","BOSS"],"items_purchased_type":["Relic","Card","Card","Card","Potion","Relic"],"build_version":"2020-12-22","purchased_purges":1,"victory":true,"max_hp_per_floor":[70,70,70,70,70,70,70,70,70,70,70,70,70,70,70,70,70,70,70,70,70,70,75,75,75,75,75,75,75,75,75,75,75,75,75,75,75,75,75,75,75,75,75,75,75,75,75,75,75,75],"card_choices":[{"not_picked":["Slice","Quick Slash"],"picked":"Noxious Fumes","floor":1.0},{"not_picked":["Acrobatics","Backstab"],"picked":"Bane","floor":2.0},{"not_picked":["Cloak And Dagger","Deadly Poison"],"picked":"Terror","floor":7.0},{"not_picked":["Poisoned Stab","Dagger Throw"],"picked":"Corpse Explosion","floor":8.0},{"not_picked":["Blade Dance","Cloak And Dagger"],"picked":"Predator","floor":12.0},{"not_picked":["Deadly Poison","Sucker Punch"],"picked":"Footwork+1","floor":14.0},{"not_picked":["A Thousand Cuts+1","Die Die Die"],"picked":"Tools of the Trade+1","floor":16.0},{"not_picked":["Quick Slash","Blade Dance"],"picked":"Cloak And Dagger","floor":18.0},{"not_picked":["Bane","PiercingWail+1"],"picked":"Tactician","floor":20.0},{"not_picked":["Outmaneuver","All Out Attack"],"picked":"Prepared","floor":23.0},{"not_picked":["Distraction","Finisher"],"picked":"Escape Plan","floor":29.0},{"not_picked":["Endless Agony","Dagger Spray"],"picked":"PiercingWail+1","floor":30.0},{"not_picked":["Bouncing Flask","All Out Attack","Well Laid Plans+1"],"picked":"SKIP","floor":31.0},{"not_picked":["Glass Knife","Die Die Die"],"picked":"Burst","floor":33.0},{"not_picked":["Flying Knee+1","Slice+1","Prepared"],"picked":"SKIP","floor":35.0},{"not_picked":["PiercingWail","Distraction","Infinite Blades+1"],"picked":"SKIP","floor":37.0},{"not_picked":["All Out Attack+1","Poisoned Stab"],"picked":"Footwork+1","floor":40.0},{"not_picked":["Flying Knee","Deflect+1"],"picked":"Backflip+1","floor":42.0},{"not_picked":["Infinite Blades+1","Heel Hook+1"],"picked":"Leg Sweep+1","floor":45.0},{"not_picked":["Discovery","Swift Strike"],"picked":"Impatience","floor":46.0},{"not_picked":["All Out Attack","Underhanded Strike"],"picked":"Cloak And Dagger+1","floor":48}],"player_experience":467987,"relics_obtained":[{"floor":7.0,"key":"Frozen Egg 2"},{"floor":9.0,"key":"Nunchaku"},{"floor":11.0,"key":"Pen Nib"},{"floor":23.0,"key":"Mercury Hourglass"},{"floor":26.0,"key":"White Beast Statue"},{"floor":29.0,"key":"Tiny Chest"},{"floor":34.0,"key":"Centennial Puzzle"},{"floor":34.0,"key":"Shuriken"},{"floor":34.0,"key":"Tingsha"},{"floor":40.0,"key":"Art of War"},{"floor":43.0,"key":"Gremlin Horn"},{"floor":45.0,"key":"Bottled Flame"},{"floor":47.0,"key":"HornCleat"}],"event_choices":[{"damage_healed":0.0,"max_hp_gain":0.0,"max_hp_loss":0.0,"gold_gain":0.0,"event_name":"Living Wall","player_choice":"Grow","floor":3.0,"gold_loss":0.0,"damage_taken":0.0,"cards_upgraded":["Bane"]},{"damage_healed":0.0,"max_hp_gain":0.0,"max_hp_loss":0.0,"gold_gain":78.0,"event_name":"Golden Wing","player_choice":"Gained Gold","floor":4.0,"gold_loss":0.0,"damage_taken":0.0},{"damage_healed":0.0,"max_hp_gain":0.0,"max_hp_loss":0.0,"gold_gain":0.0,"event_name":"Liars Game","player_choice":"Ignored","floor":5.0,"gold_loss":0.0,"damage_taken":0.0},{"damage_healed":0.0,"max_hp_gain":0.0,"max_hp_loss":0.0,"gold_gain":0.0,"cards_transformed":["Strike_G","Strike_G"],"event_name":"Drug Dealer","player_choice":"Became Test Subject","floor":19.0,"gold_loss":0.0,"damage_taken":0.0,"cards_obtained":["Bouncing Flask","Glass Knife"]},{"damage_healed":0.0,"max_hp_gain":0.0,"max_hp_loss":0.0,"gold_gain":0.0,"event_name":"Back to Basics","player_choice":"Simplicity","floor":22.0,"gold_loss":0.0,"damage_taken":0.0,"cards_upgraded":["Defend_G","Defend_G","Defend_G"]},{"damage_healed":0.0,"max_hp_gain":0.0,"max_hp_loss":0.0,"gold_gain":0.0,"event_name":"Vampires","player_choice":"Ignored","floor":25.0,"gold_loss":0.0,"damage_taken":0.0},{"damage_healed":0.0,"max_hp_gain":0.0,"max_hp_loss":0.0,"gold_gain":0.0,"event_name":"Tomb of Lord Red Mask","player_choice":"Ignored","floor":36.0,"gold_loss":0.0,"damage_taken":0.0},{"cards_removed":["Glass Knife"],"damage_healed":0.0,"max_hp_gain":0.0,"max_hp_loss":0.0,"gold_gain":0.0,"event_name":"Falling","player_choice":"Removed Attack","floor":39.0,"gold_loss":0.0,"damage_taken":0.0},{"damage_healed":0.0,"max_hp_gain":0.0,"max_hp_loss":0.0,"gold_gain":0.0,"event_name":"SensoryStone","player_choice":"Memory 1","floor":46.0,"gold_loss":0.0,"damage_taken":0.0}],"is_beta":false,"boss_relics":[{"not_picked":["SlaversCollar","Ring of the Serpent"],"picked":"Astrolabe"},{"not_picked":["Snecko Eye","SacredBark"],"picked":"Calling Bell"}],"items_purged_floors":[24],"is_endless":false,"potions_floor_spawned":[1,14,16,18,23,29,30,31,33,35,37,40,42,45,48],"ascension_level":10}}