{"host":"cbu6enf2xtq4r7r3","time":1609418661,"event":{"mods":["2.2 Compatiblity","AlwaysNeverKeys","BaseMod","Better Altar","Better Match","Better Note","Better Sensory Stone","Better Skull","Better Third Choice","Colored Map","Colored Powertips","Defuse TimeMaze Blight","Emptier Cage","Minty Spire (QoL Compilation)","Permanent Neow","Quick Restart","Random Character Button","Relic Sorter","Reorder Act Four","Shop Mod","StSLib"],"gold_per_floor":[362,374,393,65,80,80,106,106,131,145,168,198,198,238,238,344,344,357,357,385,214,229,264,264,298,298,307,307,351,266,141,141,250,250,277,277,18,37,57,57,89,115,142,176,224,224,254,2,2,2,2,6,6,43,43],"floor_reached":56,"playtime":4819,"items_purged":["Strike_G","Bane","Strike_G+1"],"score":1647,"play_id":"8806f11e-407b-44bc-9bda-10586be4d14f","local_time":"20201231134421","is_ascension_mode":true,"campfire_choices":[{"data":"Noxious Fumes","floor":6,"key":"SMITH"},{"data":"Cloak And Dagger","floor":8,"key":"SMITH"},{"data":"Crippling Poison","floor":13,"key":"SMITH"},{"data":"Burst","floor":15,"key":"SMITH"},{"data":"Crippling Poison","floor":24,"key":"SMITH"},{"data":"Footwork","floor":28,"key":"SMITH"},{"data":"Neutralize","floor":32,"key":"SMITH"},{"data":"Adrenaline","floor":40,"key":"SMITH"},{"data":"Deflect","floor":49,"key":"SMITH"},{"data":"Adrenaline","floor":53,"key":"SMITH"}],"circlet_count":0,"master_deck":["Strike_G+1","Strike_G+1","Strike_G+1","Defend_G+1","Defend_G+1","Defend_G+1","Defend_G+1","Defend_G+1","Survivor+1","Deflect+1","Heel Hook","Noxious Fumes+1","Cloak And Dagger+1","PiercingWail","Crippling Poison+1","Burst+1","Burst+1","Footwork+1","Crippling Poison+1","Flash of Steel","PiercingWail","Adrenaline+1","Blur+1","Deflect+1","Backflip+1","Adrenaline+1","PiercingWail","Dodge and Roll"],"relics":["Ring of the Serpent","Mercury Hourglass","Snake Skull","Nunchaku","Odd Mushroom","Strawberry","CeramicFish","Coffee Dripper","Red Mask","Bird Faced Urn","Happy Flower","Sundial","Bottled Flame","Bronze Scales","Kunai","White Beast Statue","Centennial Puzzle","War Paint","Tingsha","Art of War","Shuriken","Paper Crane"],"acts_visited":["Exordium","TheCity","TheBeyond","TheEnding"],"potions_floor_usage":[5,11,12,16,25,29,33,44,45,55,55,55],"damage_taken":[{"damage":0,"enemies":"Small Slimes","floor":1,"turns":3},{"damage":0,"enemies":"2 Louse","floor":2,"turns":3},{"damage":0,"enemies":"Jaw Worm","floor":3,"turns":3},{"damage":0,"enemies":"Gremlin Gang","floor":5,"turns":4},{"damage":15,"enemies":"Gremlin Nob","floor":7,"turns":4},{"damage":0,"enemies":"Blue Slaver","floor":10,"turns":3},{"damage":0,"enemies":"The Mushroom Lair","floor":11,"turns":3},{"damage":3,"enemies":"3 Sentries","floor":12,"turns":4},{"damage":3,"enemies":"Lagavulin","floor":14,"turns":5},{"damage":26,"enemies":"Hexaghost","floor":16,"turns":8},{"damage":0,"enemies":"2 Thieves","floor":18,"turns":4},{"damage":6,"enemies":"Masked Bandits","floor":20,"turns":4},{"damage":0,"enemies":"Spheric Guardian","floor":22,"turns":3},{"damage":0,"enemies":"Gremlin Leader","floor":23,"turns":6},{"damage":0,"enemies":"Book of Stabbing","floor":25,"turns":7},{"damage":0,"enemies":"Gremlin Leader","floor":29,"turns":6},{"damage":0,"enemies":"Collector","floor":33,"turns":8},{"damage":0,"enemies":"3 Shapes","floor":35,"turns":3},{"damage":0,"enemies":"Orb Walker","floor":38,"turns":3},{"damage":0,"enemies":"Jaw Worm Horde","floor":39,"turns":4},{"damage":0,"enemies":"Reptomancer","floor":41,"turns":5},{"damage":0,"enemies":"Maw","floor":42,"turns":9},{"damage":0,"enemies":"Nemesis","floor":44,"turns":7},{"damage":0,"enemies":"2 Orb Walkers","floor":45,"turns":4},{"damage":0,"enemies":"Giant Head","floor":47,"turns":8},{"damage":0,"enemies":"Awakened One","floor":50,"turns":15},{"damage":0,"enemies":"Shield and Spear","floor":54,"turns":6},{"damage":18,"enemies":"The Heart","floor":55,"turns":8}],"seed_played":"4412844899960172688","potions_obtained":[{"floor":3,"key":"CunningPotion"},{"floor":7,"key":"SmokeBomb"},{"floor":10,"key":"AttackPotion"},{"floor":11,"key":"Explosive Potion"},{"floor":12,"key":"CunningPotion"},{"floor":20,"key":"Dexterity Potion"},{"floor":22,"key":"PowerPotion"},{"floor":23,"key":"DistilledChaos"},{"floor":25,"key":"LiquidBronze"},{"floor":38,"key":"SkillPotion"},{"floor":42,"key":"Strength Potion"},{"floor":44,"key":"AttackPotion"},{"floor":45,"key":"EssenceOfSteel"}],"is_trial":false,"path_per_floor":["M","M","M","$","M","R","E","R","T","M","?","E","R","E","R","B",null,"M","?","?","$","M","E","R","E","T","?","R","E","?","$","R","B",null,"M","?","$","M","M","R","E","M","T","E","?","?","E","$","R","B",null,"$","R","E","B",null],"character_chosen":"THE_SILENT","items_purchased":["Mercury Hourglass","Footwork","Kunai","Deflect","Shuriken","PowerPotion"],"campfire_rested":0,"item_purchase_floors":[4,21,37,37,48,52],"current_hp_per_floor":[63,63,63,63,63,63,48,48,48,48,48,52,52,49,49,23,70,70,70,64,64,64,64,64,68,68,68,68,70,70,70,70,70,70,70,70,70,70,70,70,70,70,70,70,70,70,70,70,70,70,70,70,70,70,55],"gold":43,"neow_bonus":"TWO_FIFTY_GOLD","is_daily":false,"chose_seed":false,"campfire_upgraded":10,"win_rate":0.0,"timestamp":1609418661,"path_taken":["M","M","M","$","M","R","E","R","T","M","?","E","R","E","R","BOSS","M","?","?","$","M","E","R","E","T","?","R","E","?","$","R","BOSS","M","?","$","M","M","R","E","?","T","E","?","?","E","$","R","BOSS","$","R","E","BOSS"],"items_purchased_type":["Relic","Card","Relic","Card","Relic","Potion"],"build_version":"2020-12-22","purchased_purges":3,"victory":true,"max_hp_per_floor":[63,63,63,63,63,63,63,63,63,63,63,70,70,70,70,70,70,70,70,70,70,70,70,70,70,70,70,70,70,70,70,70,70,70,70,70,70,70,70,70,70,70,70,70,70,70,70,70,70,70,70,70,70,70,70],"card_choices":[{"not_picked":["Outmaneuver","Terror"],"picked":"Deflect","floor":1},{"not_picked":["Terror","Endless Agony"],"picked":"Heel Hook","floor":2},{"not_picked":["Deadly Poison","Glass Knife"],"picked":"Noxious Fumes","floor":3},{"not_picked":["Flying Knee","Acrobatics"],"picked":"Bane","floor":5},{"not_picked":["Blur","All Out Attack"],"picked":"Cloak And Dagger","floor":7},{"not_picked":["Cloak And Dagger","Backstab"],"picked":"PiercingWail","floor":10},{"not_picked":["Corpse Explosion","Quick Slash"],"picked":"Crippling Poison","floor":11},{"not_picked":["Deadly Poison","Slice","Dagger Spray"],"picked":"SKIP","floor":12},{"not_picked":["Prepared","Dagger Throw"],"picked":"Burst","floor":14},{"not_picked":["Malaise","A Thousand Cuts"],"picked":"Burst","floor":16},{"not_picked":["Underhanded Strike+1","Cloak And Dagger+1","Slice"],"picked":"SKIP","floor":18},{"not_picked":["Expertise+1","Underhanded Strike","Cloak And Dagger"],"picked":"SKIP","floor":22},{"not_picked":["Dagger Spray","Masterful Stab+1"],"picked":"Crippling Poison","floor":23},{"not_picked":["Well Laid Plans","Prepared+1","Footwork"],"picked":"SKIP","floor":25},{"not_picked":["Madness","Swift Strike"],"picked":"Flash of Steel","floor":27},{"not_picked":["Underhanded Strike","Endless Agony"],"picked":"PiercingWail","floor":29},{"not_picked":["Grand Finale","Glass Knife"],"picked":"Adrenaline","floor":33},{"not_picked":["Noxious Fumes","Accuracy"],"picked":"Blur+1","floor":35},{"not_picked":["Riddle With Holes+1","Choke+1","Slice+1"],"picked":"SKIP","floor":38},{"not_picked":["Dagger Spray+1","Deadly Poison"],"picked":"Backflip+1","floor":39},{"not_picked":["Deflect","Sucker Punch","Flying Knee"],"picked":"SKIP","floor":41},{"not_picked":["Deflect","Concentrate"],"picked":"Adrenaline","floor":42},{"not_picked":["Dagger Spray","Bane"],"picked":"PiercingWail","floor":44},{"not_picked":["Underhanded Strike+1","Noxious Fumes","Reflex+1"],"picked":"SKIP","floor":47},{"not_picked":["Blur","Poisoned Stab+1"],"picked":"Dodge and Roll","floor":54}],"player_experience":57423,"relics_obtained":[{"floor":7,"key":"Snake Skull"},{"floor":9,"key":"Nunchaku"},{"floor":11,"key":"Odd Mushroom"},{"floor":12,"key":"Strawberry"},{"floor":14,"key":"CeramicFish"},{"floor":20,"key":"Red Mask"},{"floor":23,"key":"Bird Faced Urn"},{"floor":25,"key":"Happy Flower"},{"floor":26,"key":"Sundial"},{"floor":29,"key":"Bottled Flame"},{"floor":41,"key":"White Beast Statue"},{"floor":43,"key":"Centennial Puzzle"},{"floor":44,"key":"War Paint"},{"floor":45,"key":"Tingsha"},{"floor":47,"key":"Art of War"},{"floor":54,"key":"Paper Crane"}],"event_choices":[{"damage_healed":0,"gold_gain":0,"player_choice":"Fought Mushrooms","damage_taken":0,"max_hp_gain":0,"max_hp_loss":0,"event_name":"Mushrooms","floor":11,"gold_loss":0},{"damage_healed":0,"gold_gain":0,"player_choice":"Simplicity","damage_taken":0,"max_hp_gain":0,"max_hp_loss":9,"event_name":"betterThird:BetterWriting","floor":19,"gold_loss":0},{"damage_healed":0,"gold_gain":0,"player_choice":"Fought Bandits","damage_taken":0,"max_hp_gain":0,"max_hp_loss":0,"event_name":"Masked Bandits","floor":20,"gold_loss":0},{"damage_healed":0,"gold_gain":2,"player_choice":"1","damage_taken":0,"max_hp_gain":0,"max_hp_loss":0,"event_name":"betterStone:BetterStone","floor":27,"gold_loss":0},{"damage_healed":0,"gold_gain":0,"player_choice":"Obtained Relic","damage_taken":0,"relics_obtained":["Bronze Scales"],"max_hp_gain":0,"max_hp_loss":0,"event_name":"Addict","floor":30,"gold_loss":85},{"damage_healed":0,"gold_gain":0,"player_choice":"Upgraded","damage_taken":0,"max_hp_gain":0,"max_hp_loss":0,"event_name":"Upgrade Shrine","floor":36,"gold_loss":0,"cards_upgraded":["Burst"]},{"damage_healed":0,"gold_gain":0,"player_choice":"Fight","damage_taken":0,"max_hp_gain":0,"max_hp_loss":0,"event_name":"Mysterious Sphere","floor":45,"gold_loss":0},{"cards_removed":["Neutralize"],"damage_healed":0,"gold_gain":0,"player_choice":"Removed Attack","damage_taken":0,"max_hp_gain":0,"max_hp_loss":0,"event_name":"Falling","floor":46,"gold_loss":0}],"is_beta":false,"boss_relics":[{"not_picked":["Fusion Hammer","Empty Cage"],"picked":"Coffee Dripper"},{"not_picked":["Pandora\u0027s Box","Cursed Key"],"picked":"Ring of the Serpent"}],"items_purged_floors":[4,21,31],"is_endless":false,"potions_floor_spawned":[3,7,10,11,12,20,22,23,25,38,42,44,45,47,54],"ascension_level":1}}