{"host":"aewhn2fld106mlky","time":1609436744,"event":{"mods":["Act Like it!","BaseMod","Downfall","GungeonMod","Koishi","KomeijiMod","Minty Spire (QoL Compilation)","Quick Restart","Relic Stats","Spicy Shops","StSLib","The Jungle","The Mystic"],"gold_per_floor":[113,113,127,139,172,172,57,57,57,67,81,103,118,118,118,118,118],"floor_reached":16,"playtime":557,"items_purged":[],"score":94,"play_id":"2562d500-f335-446d-9d0e-9ef44ec1de74","local_time":"20210101014544","is_ascension_mode":false,"campfire_choices":[{"data":"DemoMod:PotionOfGunFriendShip","floor":6,"key":"SMITH"},{"floor":8,"key":"REST"},{"floor":15,"key":"REST"}],"circlet_count":0,"master_deck":["DemoMod:Strike_Huntress","DemoMod:Strike_Huntress","DemoMod:Strike_Huntress","DemoMod:Defend_Huntress","DemoMod:Defend_Huntress","DemoMod:Defend_Huntress","DemoMod:Defend_Huntress","DemoMod:Roll","DemoMod:ManualReload","DemoMod:RustySidearm","DemoMod:CrossBow","DemoMod:PotionOfGunFriendShip+1","DemoMod:Slinger","DemoMod:MegaHand","DemoMod:ShadowBullets"],"relics":["DemoMod:Dog","WingedGreaves","CultistMask","DemoMod:GnawedKey","Blood Vial","Odd Mushroom"],"acts_visited":["Exordium"],"potions_floor_usage":[10,12,14,16],"damage_taken":[{"damage":12,"enemies":"Cultist","floor":1,"turns":6},{"damage":0,"enemies":"Small Slimes","floor":3,"turns":3},{"damage":0,"enemies":"2 Louse","floor":4,"turns":3},{"damage":13,"enemies":"Red Slaver","floor":5,"turns":5},{"damage":7,"enemies":"3 Louse","floor":10,"turns":3},{"damage":11,"enemies":"Gremlin Gang","floor":11,"turns":5},{"damage":15,"enemies":"The Mushroom Lair","floor":12,"turns":4},{"damage":1,"enemies":"Blue Slaver","floor":13,"turns":2},{"damage":52,"enemies":"The Guardian","floor":16,"turns":8}],"seed_played":"5164858997179263636","potions_obtained":[{"floor":1,"key":"BlessingOfTheForge"},{"floor":1,"key":"Dexterity Potion"},{"floor":5,"key":"Fire Potion"},{"floor":12,"key":"Dexterity Potion"},{"floor":13,"key":"SpeedPotion"},{"floor":14,"key":"Fruit Juice"},{"floor":14,"key":"ColorlessPotion"}],"is_trial":false,"path_per_floor":["M","?","M","M","M","R","$","R","T","M","M","?","M","?","R","B"],"character_chosen":"HUNTRESS","items_purchased":["DemoMod:GnawedKey"],"campfire_rested":2,"item_purchase_floors":[7],"current_hp_per_floor":[37,37,37,37,24,24,24,45,45,40,31,18,19,24,46,0,0],"gold":118,"neow_bonus":"ONE_RARE_RELIC","is_daily":false,"chose_seed":false,"campfire_upgraded":1,"win_rate":0.0,"timestamp":1609436744,"path_taken":["M","?","M","M","M","R","$","R","T","M","?","?","M","?","R","BOSS"],"items_purchased_type":["Relic"],"build_version":"2020-12-22","purchased_purges":0,"victory":false,"max_hp_per_floor":[70,70,70,70,70,70,70,70,70,70,70,70,70,75,75,75,75],"relic_stats":{"Blood Vial":10,"counters":[9,39],"obtain_stats":[{"Blood Vial":9,"DemoMod:Dog":0,"WingedGreaves":0,"DemoMod:GlassGuonStoneRelic":1,"CultistMask":2,"DemoMod:GnawedKey":7,"Odd Mushroom":12},{"Blood Vial":4,"DemoMod:Dog":0,"WingedGreaves":0,"DemoMod:GlassGuonStoneRelic":1,"CultistMask":1,"DemoMod:GnawedKey":4,"Odd Mushroom":7},{"Blood Vial":17,"DemoMod:Dog":0,"WingedGreaves":0,"DemoMod:GlassGuonStoneRelic":6,"CultistMask":6,"DemoMod:GnawedKey":17,"Odd Mushroom":29}]},"card_choices":[{"not_picked":["DemoMod:GunstockTap","DemoMod:ConditionalReflex","DemoMod:StickyCrossBow"],"picked":"SKIP","floor":1},{"not_picked":["DemoMod:FastSwitch","DemoMod:Ejector"],"picked":"DemoMod:PotionOfGunFriendShip","floor":3},{"not_picked":["DemoMod:ConditionalReflex","DemoMod:GunstockTap"],"picked":"DemoMod:Slinger","floor":4},{"not_picked":["DemoMod:GunShield","DemoMod:MachoBrace"],"picked":"DemoMod:MegaHand","floor":5},{"not_picked":["DemoMod:RadGun","DemoMod:PotionOfGunFriendShip","DemoMod:PracticeMakesPerfect"],"picked":"SKIP","floor":10},{"not_picked":["DemoMod:FeignSurrender","DemoMod:FortunesFavor"],"picked":"DemoMod:ShadowBullets","floor":11},{"not_picked":["DemoMod:HardPowerCard","DemoMod:Unmoved","DemoMod:ConditionalReflex"],"picked":"SKIP","floor":13}],"player_experience":35086,"relics_obtained":[{"floor":9,"key":"Blood Vial"},{"floor":12,"key":"Odd Mushroom"}],"event_choices":[{"damage_healed":0,"gold_gain":0,"player_choice":"Trade","damage_taken":0,"relics_obtained":["CultistMask"],"max_hp_gain":0,"max_hp_loss":0,"event_name":"FaceTrader","floor":2,"gold_loss":0},{"damage_healed":0,"gold_gain":0,"player_choice":"Fought Mushrooms","damage_taken":0,"max_hp_gain":0,"max_hp_loss":0,"event_name":"Mushrooms","floor":12,"gold_loss":0},{"damage_healed":0,"gold_gain":0,"player_choice":"Got Potions","damage_taken":0,"max_hp_gain":0,"max_hp_loss":0,"event_name":"Lab","floor":14,"gold_loss":0}],"is_beta":false,"boss_relics":[],"items_purged_floors":[],"is_endless":false,"potions_floor_spawned":[1,1,5,12,13],"killed_by":"The Guardian","ascension_level":0}}