{"host":"12lnwhc48gjtaggg","time":1609420174,"event":{"mods":["Aspiration","BaseMod","BetterRewards","Gold Saver","GungeonMod","Infinite Spire","Minty Spire (QoL Compilation)","Remove Card Discount Mod","Shop Mod","StSLib","Trackpad","[IsaacMod]????"],"gold_per_floor":[328,328,347,28,90,90,16,16,16,16,16,27,60,80,80,180,180,192,172,172,187,204,232,244,276,356,368,394,406,436,448,460,577,589,616,336,336,351,370,399,399,413,490,506,520,531,566,566,566,566],"floor_reached":51,"playtime":3459,"items_purged":["infinitespire:Pacifist","Doubt","Armaments","Wild Strike","Strike_R","Strike_R","Double Tap","Strike_R"],"score":815,"play_id":"3661a5ef-d902-4c21-b33f-e96a269662b5","local_time":"20201231130934","is_ascension_mode":true,"campfire_choices":[{"data":"Immolate","floor":6,"key":"SMITH"},{"data":"Evolve","floor":10,"key":"SMITH"},{"data":"infinitespire:Execution","floor":15,"key":"SMITH"},{"floor":24,"key":"REST"},{"data":"Double Tap","floor":27,"key":"SMITH"},{"data":"Bash","floor":32,"key":"SMITH"},{"floor":41,"key":"REST"},{"floor":49,"key":"REST"}],"circlet_count":0,"master_deck":["Strike_R","Strike_R","Defend_R","Defend_R","Defend_R","Defend_R","Bash+1","Bloodletting","Cleave","Immolate+1","Evolve+1","infinitespire:Execution+1","Carnage","Offering","Double Tap+1","Immolate","Disarm","Inflame+1","Uppercut+1","Thunderclap","Shrug It Off"],"relics":["Burning Blood","HushsDoor","BFFS","Mummified Hand","Blue Candle","Boot","Busted Crown","aspiration:SeaSaltIceCream","aspiration:Nostalgia","PureWater","MawBank","trackpad:GuardianSpirit","MutagenicStrength","Sozu","Membership Card","trackpad:BottledShadow","ForgetMeNow","D6","BookOfRevelations"],"acts_visited":["Exordium","TheCity","TheBeyond"],"potions_floor_usage":[13,23,23,25,40,50],"damage_taken":[{"damage":0,"enemies":"Cultist","floor":1,"turns":2},{"damage":7,"enemies":"Small Slimes","floor":3,"turns":3},{"damage":0,"enemies":"2 Louse","floor":12,"turns":1},{"damage":36,"enemies":"Gremlin Nob","floor":13,"turns":5},{"damage":4,"enemies":"Exordium Wildlife","floor":14,"turns":1},{"damage":41,"enemies":"Slime Boss","floor":16,"turns":7},{"damage":13,"enemies":"Shell Parasite","floor":18,"turns":3},{"damage":6,"enemies":"Spheric Guardian","floor":21,"turns":2},{"damage":16,"enemies":"Snake Plant","floor":22,"turns":2},{"damage":25,"enemies":"Book of Stabbing","floor":23,"turns":5},{"damage":18,"enemies":"3 Cultists","floor":25,"turns":4},{"damage":7,"enemies":"Snecko","floor":28,"turns":2},{"damage":31,"enemies":"Snake Plant","floor":30,"turns":4},{"damage":39,"enemies":"Collector","floor":33,"turns":4},{"damage":0,"enemies":"3 Shapes","floor":35,"turns":3},{"damage":10,"enemies":"3 Darklings","floor":38,"turns":3},{"damage":13,"enemies":"Writhing Mass","floor":39,"turns":3},{"damage":34,"enemies":"Reptomancer","floor":40,"turns":4},{"damage":18,"enemies":"4 Shapes","floor":42,"turns":2},{"damage":29,"enemies":"Maw","floor":44,"turns":4},{"damage":6,"enemies":"Transient","floor":45,"turns":5},{"damage":6,"enemies":"Sphere and 2 Shapes","floor":46,"turns":1},{"damage":6,"enemies":"Nemesis","floor":47,"turns":3},{"damage":86,"enemies":"Donu and Deca","floor":50,"turns":7}],"seed_played":"941777477526683537","potions_obtained":[{"floor":3,"key":"Explosive Potion"},{"floor":12,"key":"Strength Potion"},{"floor":16,"key":"LiquidBronze"},{"floor":19,"key":"HeartOfIron"},{"floor":23,"key":"ColorlessPotion"},{"floor":25,"key":"GamblersBrew"}],"is_trial":false,"path_per_floor":["M","$","M","$","?","R","$","?","T","R","?","M","E","M","R","B",null,"M","?","AVR","M","M","E","R","M","T","R","M","?","M","?","R","B",null,"M","$","?","M","M","E","R","M","T","M","M","M","E","?","R","B",null],"character_chosen":"IRONCLAD","items_purchased":["Immolate","Mummified Hand","Evolve","Double Tap","Immolate","Membership Card","trackpad:BottledShadow","Thunderclap"],"campfire_rested":3,"item_purchase_floors":[4,4,7,17,17,36,36,36],"current_hp_per_floor":[80,80,79,79,79,79,79,79,79,79,79,80,50,52,52,17,72,65,65,65,65,55,36,57,45,45,45,44,44,19,43,43,10,72,72,72,72,68,61,33,54,42,42,19,19,19,19,19,40,10],"gold":566,"neow_bonus":"HUNDRED_GOLD","is_daily":false,"chose_seed":false,"campfire_upgraded":5,"win_rate":0.0,"timestamp":1609420174,"path_taken":["M","$","?","$","?","R","$","?","T","R","?","?","E","?","R","BOSS","M","?","AVR","M","M","E","R","M","T","R","M","?","M","?","R","BOSS","M","$","?","?","M","E","R","M","T","M","M","M","E","?","R","BOSS"],"items_purchased_type":["Card","Relic","Card","Card","Card","Relic","Relic","Card"],"build_version":"2020-12-22","purchased_purges":8,"victory":true,"max_hp_per_floor":[80,80,80,80,80,80,80,80,80,80,80,80,80,80,80,80,72,72,72,72,72,72,72,72,72,72,72,72,72,72,72,72,72,72,72,72,72,72,72,72,72,72,72,72,72,72,72,72,72,72],"card_choices":[{"not_picked":[],"picked":"Bomb","floor":0},{"not_picked":["Second Wind","Body Slam"],"picked":"Bloodletting","floor":1},{"not_picked":["Wild Strike","Headbutt"],"picked":"Cleave","floor":3},{"not_picked":["infinitespire:Menacing","infinitespire:Collect"],"picked":"infinitespire:Execution","floor":11},{"not_picked":["Heavy Blade","Warcry","Cleave"],"picked":"SKIP","floor":12},{"not_picked":["Exhume","Second Wind"],"picked":"Carnage","floor":13},{"not_picked":["Rage","Searing Blow"],"picked":"Wild Strike","floor":14},{"not_picked":["Bludgeon","Brutality"],"picked":"Offering","floor":16},{"not_picked":["Clash"],"picked":"SKIP","floor":18},{"not_picked":[],"picked":"Armaments","floor":21},{"not_picked":[],"picked":"Disarm","floor":22},{"not_picked":["Heavy Blade"],"picked":"SKIP","floor":23},{"not_picked":["Fire Breathing"],"picked":"SKIP","floor":25},{"not_picked":[],"picked":"Inflame+1","floor":28},{"not_picked":[],"picked":"Uppercut+1","floor":30},{"not_picked":[],"picked":"Double Tap","floor":33},{"not_picked":["Clothesline"],"picked":"SKIP","floor":35},{"not_picked":["Pommel Strike"],"picked":"SKIP","floor":38},{"not_picked":[],"picked":"Shrug It Off","floor":39},{"not_picked":["Fire Breathing"],"picked":"SKIP","floor":40},{"not_picked":["Clothesline+1"],"picked":"SKIP","floor":42},{"not_picked":["Wild Strike"],"picked":"SKIP","floor":44},{"not_picked":["Heavy Blade+1"],"picked":"SKIP","floor":45},{"not_picked":["Warcry"],"picked":"SKIP","floor":46},{"not_picked":["Cleave"],"picked":"SKIP","floor":47}],"player_experience":352930,"relics_obtained":[{"floor":8,"key":"Blue Candle"},{"floor":13,"key":"Boot"},{"floor":23,"key":"MawBank"},{"floor":26,"key":"trackpad:GuardianSpirit"},{"floor":40,"key":"ForgetMeNow"},{"floor":43,"key":"D6"},{"floor":47,"key":"BookOfRevelations"}],"event_choices":[{"damage_healed":0,"gold_gain":62,"player_choice":"Gained Gold","damage_taken":0,"max_hp_gain":0,"max_hp_loss":0,"event_name":"Golden Wing","floor":5,"gold_loss":0},{"damage_healed":0,"gold_gain":0,"player_choice":"Bought 1 Potion","damage_taken":0,"max_hp_gain":0,"max_hp_loss":0,"event_name":"The Woman in Blue","floor":19,"gold_loss":0},{"damage_healed":0,"gold_gain":0,"player_choice":"Inject Mutagens","damage_taken":0,"relics_obtained":["MutagenicStrength"],"max_hp_gain":0,"max_hp_loss":0,"event_name":"Drug Dealer","floor":29,"gold_loss":0},{"damage_healed":24,"gold_gain":0,"player_choice":"Heal","damage_taken":0,"max_hp_gain":0,"max_hp_loss":0,"event_name":"The Library","floor":31,"gold_loss":0},{"damage_healed":0,"gold_gain":0,"player_choice":"Ignored","damage_taken":0,"max_hp_gain":0,"max_hp_loss":0,"event_name":"Mysterious Sphere","floor":37,"gold_loss":0}],"is_beta":false,"boss_relics":[{"not_picked":["Black Star","ChampionBelt"],"picked":"Busted Crown"},{"not_picked":[]},{"not_picked":["Cursed Key","Empty Cage"],"picked":"Sozu"},{"not_picked":[]}],"items_purged_floors":[36,36,36,36,36,36,36,36],"is_endless":false,"potions_floor_spawned":[3,12,16,22,23,25,33,35,44,45,46],"ascension_level":1}}