{"host":"idhn3x725u206pbu","time":1609413549,"event":{"mods":["AchievementEnabler","BaseMod","Bestiary","Better Altar","Better Match","Better Note","Better Sensory Stone","Better Skull","Better Third Choice","BetterRewards","Colored Map","Energized Spire","Hubris","Infinite Spire","Minty Spire (QoL Compilation)","Permanent Neow","Quick Restart","Relic Stats","Replay The Spire","Spicy Shops","StSLib","The Jungle","UnlockEverythingMod","¡¾ÒÅÎï¿¨ÅÆ¡¿REMEMod"],"gold_per_floor":[110,60,70,70,86,112,112,112,112,143,143,159,9,21,21,126,126,140,140,140,189,209,234,249,249,249,249,189,189,38,55,55,156,106,124,124,224,241,241,273,273,273,273,285,331,331,361,361,361,374,374,472,472,472],"floor_reached":53,"playtime":3376,"items_purged":[],"score":793,"play_id":"f29ac1a0-cdc5-4e62-be1d-363504b15885","local_time":"20201231191909","is_ascension_mode":false,"campfire_choices":[{"data":"Limit Break","floor":11,"key":"SMITH"},{"data":"Bash","floor":15,"key":"SMITH"},{"data":"Double Tap","floor":25,"key":"SMITH"},{"floor":32,"key":"REST"},{"floor":41,"key":"REST"},{"floor":49,"key":"REST"},{"data":"Power Through","floor":51,"key":"SMITH"}],"circlet_count":0,"master_deck":["Strike_R","Strike_R","Strike_R","Strike_R","Defend_R+1","Defend_R","Defend_R","Defend_R","Bash+1","Headbutt","Sword Boomerang","Shrug It Off+1","Flame Barrier+1","Limit Break+1","Twin Strike","Double Tap+1","Spot Weakness+1","Limit Break+1","Whirlwind","Flex+1","hubris:ReadiedAction+1","Power Through+1","Strike_R","Battle Trance","True Grit+1","Body Slam+1","Feed","Parasite"],"relics":["Burning Blood","REME_ComplimentaryCards","infinitespire:WardingShard","hubris:GlazedTorus","Replay:Ringing Soul","Vajra","hubris:VirtuousBlindfold","War Paint","Nilry\u0027s Codex","Sling","energizedSpire:HugeHouse","hubris:Icosahedron","hubris:TenFootPole","Prayer Wheel","Sozu"],"acts_visited":["Exordium","TheCity","TheBeyond","Exordium"],"potions_floor_usage":[21],"damage_taken":[{"damage":15,"enemies":"Jaw Worm","floor":1,"turns":4},{"damage":7,"enemies":"2 Louse","floor":3,"turns":3},{"damage":0,"enemies":"Small Slimes","floor":5,"turns":2},{"damage":18,"enemies":"Replay:BlueRogue","floor":6,"turns":9},{"damage":43,"enemies":"Gremlin Nob","floor":10,"turns":6},{"damage":6,"enemies":"Red Slaver","floor":12,"turns":5},{"damage":0,"enemies":"Exordium Wildlife","floor":14,"turns":2},{"damage":53,"enemies":"The Guardian","floor":16,"turns":9},{"damage":12,"enemies":"Shell Parasite","floor":18,"turns":4},{"damage":3,"enemies":"Chosen","floor":21,"turns":3},{"damage":5,"enemies":"Centurion and Healer","floor":22,"turns":4},{"damage":12,"enemies":"REME_1_Revenger","floor":23,"turns":4},{"damage":28,"enemies":"3 Cultists","floor":24,"turns":4},{"damage":3,"enemies":"Snake Plant","floor":31,"turns":2},{"damage":31,"enemies":"Automaton","floor":33,"turns":8},{"damage":5,"enemies":"3 Darklings","floor":35,"turns":3},{"damage":0,"enemies":"Orb Walker","floor":38,"turns":4},{"damage":105,"enemies":"Nightmare","floor":40,"turns":6},{"damage":5,"enemies":"3 Darklings","floor":44,"turns":4},{"damage":26,"enemies":"R_Hoarder","floor":47,"turns":5},{"damage":0,"enemies":"Writhing Mass","floor":50,"turns":4},{"damage":64,"enemies":"Time Eater","floor":52,"turns":6}],"seed_played":"8962930822759286574","potions_obtained":[{"floor":6,"key":"LiquidBronze"},{"floor":10,"key":"BlessingOfTheForge"},{"floor":14,"key":"REME_GoldPotion"},{"floor":23,"key":"AttackPotion"},{"floor":39,"key":"Adrenaline Potion"}],"is_trial":false,"path_per_floor":["M","?","M","$","M","E","?","?","T","E","R","M","$","M","R","B",null,"M","?","?","M","M","E","M","R","T","?","?","?","$","M","R","B",null,"M","?","?","M","?","NM","R","PTL","PTL","M","T","?","E","?","R","M","R_BF","B",null],"character_chosen":"IRONCLAD","items_purchased":["Vajra","Sling"],"campfire_rested":3,"item_purchase_floors":[13,30],"current_hp_per_floor":[71,71,70,70,76,64,64,80,80,52,52,61,61,67,67,39,89,86,86,89,95,99,96,82,82,82,66,66,66,66,72,104,79,105,108,108,108,108,108,9,41,41,41,45,45,76,59,59,94,103,103,45,120,120],"gold":472,"neow_bonus":"RANDOM_COLORLESS","is_daily":false,"chose_seed":false,"campfire_upgraded":4,"win_rate":0.0,"timestamp":1609413549,"path_taken":["M","?","M","$","M","E","?","?","T","E","R","M","$","?","R","BOSS","M","?","?","?","M","E","M","R","T","?","?","?","$","M","R","BOSS","M","?","?","?","?","NM","R","PTL","PTL","?","T","?","E","?","R","M","R_BF","BOSS"],"items_purchased_type":["Relic","Relic"],"build_version":"2020-12-22","purchased_purges":0,"victory":false,"max_hp_per_floor":[80,80,80,80,80,80,80,80,80,83,83,86,86,86,86,89,89,92,92,95,98,101,104,104,104,104,104,104,104,104,107,107,107,105,108,108,108,108,108,108,108,108,108,111,111,114,117,117,117,120,120,120,120,120],"relic_stats":{"Sozu":0,"counters":[22,101],"Prayer Wheel":1,"War Paint":["Defend_R","Shrug It Off"],"obtain_stats":[{"Nilry\u0027s Codex":27,"Vajra":13,"hubris:VirtuousBlindfold":17,"War Paint":23,"Sling":30,"Burning Blood":0,"Sozu":53,"Replay:Ringing Soul":10,"hubris:Icosahedron":36,"infinitespire:WardingShard":6,"Prayer Wheel":47,"energizedSpire:HugeHouse":34,"hubris:TenFootPole":45,"REME_ComplimentaryCards":0,"hubris:GlazedTorus":9},{"Nilry\u0027s Codex":13,"Vajra":6,"hubris:VirtuousBlindfold":8,"War Paint":12,"Sling":13,"Burning Blood":0,"Sozu":22,"Replay:Ringing Soul":5,"hubris:Icosahedron":16,"infinitespire:WardingShard":4,"Prayer Wheel":20,"energizedSpire:HugeHouse":15,"hubris:TenFootPole":19,"REME_ComplimentaryCards":0,"hubris:GlazedTorus":4},{"Nilry\u0027s Codex":59,"Vajra":29,"hubris:VirtuousBlindfold":40,"War Paint":55,"Sling":59,"Burning Blood":0,"Sozu":101,"Replay:Ringing Soul":24,"hubris:Icosahedron":72,"infinitespire:WardingShard":18,"Prayer Wheel":91,"energizedSpire:HugeHouse":69,"hubris:TenFootPole":86,"REME_ComplimentaryCards":0,"hubris:GlazedTorus":18}],"Burning Blood":125},"card_choices":[{"not_picked":["Impatience","Madness"],"picked":"Dramatic Entrance","floor":0},{"not_picked":["Wild Strike","Warcry"],"picked":"Headbutt","floor":1},{"not_picked":["Headbutt","ReplayTheSpireMod:Strike From Hell"],"picked":"Sword Boomerang","floor":3},{"not_picked":["ReplayTheSpireMod:Corrosion Curse","Havoc"],"picked":"Shrug It Off","floor":5},{"not_picked":["Armaments","ReplayTheSpireMod:Corrosion Curse"],"picked":"Flame Barrier","floor":6},{"not_picked":["True Grit","ReplayTheSpireMod:Strike From Hell"],"picked":"Limit Break","floor":10},{"not_picked":["Clothesline","Power Through"],"picked":"Twin Strike","floor":12},{"not_picked":["ReplayReversal","Abandon","Metallicize"],"picked":"SKIP","floor":14},{"not_picked":["Hemogenesis","Reaper"],"picked":"Double Tap","floor":16},{"not_picked":["Armaments","ReplayTheSpireMod:Stacked+1"],"picked":"Spot Weakness+1","floor":18},{"not_picked":["Twin Strike","ReplayTheSpireMod:Muscle Training"],"picked":"Whirlwind","floor":21},{"not_picked":["Anger+1","True Grit"],"picked":"Flex+1","floor":22},{"not_picked":["Combust","Pummel"],"picked":"hubris:ReadiedAction+1","floor":23},{"not_picked":["Whirlwind","Armaments","Anger"],"picked":"SKIP","floor":24},{"not_picked":["Massacre","Iron Wave"],"picked":"Power Through","floor":31},{"not_picked":["Replay:Undeath\u0027s Touch","ReplayTheSpireMod:Strike From Hell+1"],"picked":"True Grit+1","floor":35},{"not_picked":["Body Slam","hubris:SharpeningStone+1","Thunderclap+1"],"picked":"SKIP","floor":38},{"not_picked":["Wild Strike+1","Perfected Strike","ReplayTheSpireMod:Muscle Training"],"picked":"SKIP","floor":40},{"not_picked":["infinitespire:OneForAll","Anger"],"picked":"Body Slam+1","floor":44},{"not_picked":["Abandon+1","Warcry+1"],"picked":"Feed","floor":47},{"not_picked":["Rage","Thunderclap","Armaments+1"],"picked":"SKIP","floor":50},{"not_picked":["Warcry","Fire Breathing","Thunderclap"],"picked":"SKIP","floor":50}],"player_experience":85355,"relics_obtained":[{"floor":6,"key":"infinitespire:WardingShard"},{"floor":9,"key":"hubris:GlazedTorus"},{"floor":10,"key":"Replay:Ringing Soul"},{"floor":23,"key":"War Paint"},{"floor":27,"key":"Nilry\u0027s Codex"},{"floor":45,"key":"hubris:TenFootPole"},{"floor":47,"key":"Prayer Wheel"}],"event_choices":[{"cards_removed":["Strike_R"],"damage_healed":0,"gold_gain":0,"player_choice":"Card Removal","damage_taken":0,"max_hp_gain":0,"max_hp_loss":0,"event_name":"The Cleric","floor":2,"gold_loss":50},{"cards_removed":["Dramatic Entrance"],"damage_healed":16,"gold_gain":0,"player_choice":"Offered Uncommon","damage_taken":0,"max_hp_gain":0,"max_hp_loss":0,"event_name":"Bonfire Elementals","floor":8,"gold_loss":0},{"cards_removed":["Limit Break"],"damage_healed":0,"gold_gain":0,"player_choice":"Give","damage_taken":0,"max_hp_gain":0,"max_hp_loss":0,"event_name":"betterNote:BetterNote","floor":19,"gold_loss":0,"cards_obtained":["Brutality"]},{"damage_healed":0,"gold_gain":0,"player_choice":"Copied","damage_taken":0,"max_hp_gain":0,"max_hp_loss":0,"event_name":"Duplicator","floor":20,"gold_loss":0,"cards_obtained":["Limit Break"]},{"damage_healed":0,"gold_gain":0,"player_choice":"Obtained Book","damage_taken":16,"max_hp_gain":0,"max_hp_loss":0,"event_name":"Cursed Tome","floor":27,"gold_loss":0},{"damage_healed":0,"gold_gain":0,"player_choice":"Forge","damage_taken":0,"max_hp_gain":0,"max_hp_loss":0,"event_name":"Accursed Blacksmith","floor":29,"gold_loss":0,"cards_upgraded":["Flame Barrier"]},{"damage_healed":0,"gold_gain":100,"player_choice":"Pray","damage_taken":0,"max_hp_gain":0,"max_hp_loss":0,"event_name":"Golden Shrine","floor":37,"gold_loss":0},{"damage_healed":0,"gold_gain":0,"player_choice":"Got Potions","damage_taken":0,"max_hp_gain":0,"max_hp_loss":0,"event_name":"Lab","floor":39,"gold_loss":0},{"damage_healed":28,"gold_gain":0,"player_choice":"Writhe","damage_taken":0,"max_hp_gain":0,"max_hp_loss":0,"event_name":"Winding Halls","floor":46,"gold_loss":0,"cards_obtained":["Writhe"]},{"cards_removed":["Writhe"],"damage_healed":0,"gold_gain":0,"player_choice":"Removed Curses","damage_taken":0,"max_hp_gain":0,"max_hp_loss":0,"event_name":"Fountain of Cleansing","floor":48,"gold_loss":0}],"is_beta":false,"boss_relics":[{"not_picked":["hubris:Stopwatch","hubris:BlackHole"],"picked":"hubris:VirtuousBlindfold"},{"not_picked":["Replay:Fungal Core","hubris:HollowSoul"],"picked":"energizedSpire:HugeHouse"},{"not_picked":["Ooze Armor","SacredBark"],"picked":"Sozu"}],"items_purged_floors":[],"is_endless":true,"potions_floor_spawned":[6,10,14,16,18,23,24,44,47,52],"ascension_level":0}}