{"host":"j45ucdvl5ntpx4kf","time":1609375359,"event":{"mods":["AchievementEnabler","BaseMod","Bestiary","Colored Map","Colored Powertips","Downfall","Minty Spire (QoL Compilation)","StSLib"],"gold_per_floor":[114,133,98,98,111,143,21,21,44,44,56,85,85,49,49,49,49],"floor_reached":16,"playtime":419,"items_purged":["Strike_P"],"score":124,"play_id":"b4531c00-1b45-47bb-98be-4aa47dcd8a94","local_time":"20201230194239","is_ascension_mode":true,"campfire_choices":[{"data":"Eruption","floor":8,"key":"SMITH"},{"floor":15,"key":"REST"}],"circlet_count":0,"master_deck":["Strike_P","Strike_P","Strike_P","Defend_P","Defend_P","Defend_P","Defend_P","Eruption+1","Vigilance","FearNoEvil","Conclude","BowlingBash","Consecrate","Halt","Alpha+1","CarveReality"],"relics":["VioletLotus","Pen Nib","Potion Belt","Tiny Chest"],"acts_visited":["Exordium"],"potions_floor_usage":[16],"damage_taken":[{"damage":12,"enemies":"Cultist","floor":1,"turns":3},{"damage":5,"enemies":"2 Louse","floor":2,"turns":4},{"damage":3,"enemies":"Small Slimes","floor":5,"turns":2},{"damage":16,"enemies":"Gremlin Nob","floor":6,"turns":3},{"damage":13,"enemies":"Blue Slaver","floor":11,"turns":2},{"damage":32,"enemies":"Lagavulin","floor":12,"turns":6},{"damage":44,"enemies":"Slime Boss","floor":16,"turns":5}],"seed_played":"-8266967654372268702","potions_obtained":[{"floor":5,"key":"Block Potion"},{"floor":6,"key":"Fire Potion"},{"floor":11,"key":"LiquidMemories"},{"floor":12,"key":"SmokeBomb"}],"is_trial":false,"path_per_floor":["M","M","$","?","M","E","$","R","T","$","M","E","?","$","R","B"],"character_chosen":"WATCHER","items_purchased":["Conclude","Consecrate","CarveReality"],"campfire_rested":1,"item_purchase_floors":[3,7,14],"current_hp_per_floor":[60,55,55,72,69,53,53,53,53,53,40,8,8,8,29,0,0],"gold":49,"neow_bonus":"BOSS_RELIC","is_daily":false,"chose_seed":false,"campfire_upgraded":1,"win_rate":0.0,"timestamp":1609375359,"path_taken":["M","?","$","?","M","E","$","R","T","?","M","E","?","$","R","BOSS"],"items_purchased_type":["Card","Card","Card"],"build_version":"2020-12-22","purchased_purges":1,"victory":false,"max_hp_per_floor":[72,72,72,72,72,72,72,72,72,72,72,72,72,72,72,72,72],"card_choices":[{"not_picked":["ThirdEye","Prostrate","EmptyFist"],"picked":"SKIP","floor":1},{"not_picked":["Indignation","ForeignInfluence"],"picked":"FearNoEvil","floor":2},{"not_picked":["CutThroughFate","ReachHeaven"],"picked":"BowlingBash","floor":5},{"not_picked":["EmptyBody","EmptyFist","Collect"],"picked":"SKIP","floor":6},{"not_picked":["Adaptation","InnerPeace"],"picked":"Halt","floor":11},{"not_picked":["Study","Swivel"],"picked":"Alpha","floor":12}],"player_experience":162977,"relics_obtained":[{"floor":6,"key":"Pen Nib"},{"floor":9,"key":"Potion Belt"},{"floor":12,"key":"Tiny Chest"}],"event_choices":[{"damage_healed":17,"gold_gain":0,"player_choice":"Full Heal","damage_taken":0,"max_hp_gain":0,"max_hp_loss":0,"event_name":"Wheel of Change","floor":4,"gold_loss":0},{"damage_healed":0,"gold_gain":0,"player_choice":"Grow","damage_taken":0,"max_hp_gain":0,"max_hp_loss":0,"event_name":"Living Wall","floor":13,"gold_loss":0,"cards_upgraded":["Alpha"]}],"is_beta":false,"boss_relics":[],"items_purged_floors":[7],"is_endless":false,"potions_floor_spawned":[5,6,11,12],"killed_by":"Slime Boss","ascension_level":3}}