{"host":"359hz4210ybch7ku","time":1609376087,"event":{"mods":["BaseMod","Block Reminder","Colored Map","Colored Powertips","Highlight Path","Minty Spire (QoL Compilation)","Slay the Relics Exporter","StSLib"],"gold_per_floor":[110,122,135,135,135,173,209,221,233,289,251,263,275,300,312,453,465,495,507,542,572,599,611,661,698,737,749,761,812,824,836,848,860,860],"floor_reached":33,"playtime":2832,"items_purged":[],"score":397,"play_id":"3cbb718e-77c7-434d-aa53-3984a9a768a3","local_time":"20201230165447","is_ascension_mode":false,"campfire_choices":[{"data":"ForeignInfluence","floor":13,"key":"SMITH"},{"data":"Halt","floor":15,"key":"SMITH"},{"data":"Judgement","floor":23,"key":"SMITH"},{"floor":27,"key":"REST"},{"data":"LessonLearned","floor":32,"key":"SMITH"}],"circlet_count":0,"master_deck":["Strike_P","Strike_P","Strike_P","Strike_P","Defend_P","Defend_P","Defend_P","Eruption+1","Vigilance","Nirvana","Halt+1","FearNoEvil","ForeignInfluence+1","Indignation","Vengeance+1","Establishment+1","Judgement+1","FlurryOfBlows","CutThroughFate","SandsOfTime","LessonLearned+1","Crescendo","CutThroughFate+1","Crescendo+1"],"relics":["PureWater","Golden Idol","MawBank","Ornamental Fan","Matryoshka","VioletLotus","Anchor","Strawberry","Vajra","Darkstone Periapt"],"acts_visited":["TheCity"],"potions_floor_usage":[6,6,16,22,25,28,28,33],"damage_taken":[{"damage":0,"enemies":"Cultist","floor":1,"turns":2},{"damage":0,"enemies":"2 Louse","floor":2,"turns":1},{"damage":0,"enemies":"Small Slimes","floor":3,"turns":4},{"damage":2,"enemies":"Lagavulin","floor":6,"turns":5},{"damage":7,"enemies":"2 Fungi Beasts","floor":7,"turns":3},{"damage":7,"enemies":"Gremlin Nob","floor":10,"turns":3},{"damage":0,"enemies":"Large Slime","floor":14,"turns":3},{"damage":35,"enemies":"Slime Boss","floor":16,"turns":9},{"damage":0,"enemies":"Chosen","floor":18,"turns":3},{"damage":0,"enemies":"Spheric Guardian","floor":20,"turns":3},{"damage":10,"enemies":"Cultist and Chosen","floor":21,"turns":4},{"damage":9,"enemies":"Snecko","floor":22,"turns":4},{"damage":30,"enemies":"Book of Stabbing","floor":24,"turns":4},{"damage":14,"enemies":"Centurion and Healer","floor":25,"turns":4},{"damage":11,"enemies":"Shelled Parasite and Fungi","floor":28,"turns":3},{"damage":8,"enemies":"Gremlin Leader","floor":29,"turns":4},{"damage":85,"enemies":"Automaton","floor":33,"turns":6}],"seed_played":"-6472019658915025405","potions_obtained":[{"floor":1,"key":"Block Potion"},{"floor":2,"key":"DuplicationPotion"},{"floor":12,"key":"SmokeBomb"},{"floor":12,"key":"SmokeBomb"},{"floor":12,"key":"AttackPotion"},{"floor":14,"key":"Block Potion"},{"floor":20,"key":"DistilledChaos"},{"floor":22,"key":"SpeedPotion"},{"floor":25,"key":"ColorlessPotion"},{"floor":29,"key":"SpeedPotion"}],"is_trial":false,"path_per_floor":["M","M","M","?","?","E","M","$","T","E","?","?","R","M","R","B",null,"M","$","M","M","M","R","E","M","T","R","M","E","?","?","R","B"],"character_chosen":"WATCHER","items_purchased":[],"campfire_rested":1,"item_purchase_floors":[],"current_hp_per_floor":[72,72,72,65,65,63,56,56,56,49,49,49,49,49,49,14,72,72,72,72,62,53,53,23,9,16,39,28,20,46,46,46,0,0],"gold":860,"neow_bonus":"UPGRADE_CARD","is_daily":false,"chose_seed":false,"campfire_upgraded":4,"win_rate":0.0,"timestamp":1609376087,"path_taken":["M","M","M","?","?","E","M","$","T","E","?","?","R","M","R","BOSS","M","$","?","M","M","R","E","M","T","R","M","E","?","?","R","BOSS"],"items_purchased_type":[],"build_version":"2020-12-22","purchased_purges":0,"victory":false,"max_hp_per_floor":[72,72,72,72,72,72,72,72,72,72,72,72,72,72,72,72,72,72,72,72,72,72,72,72,72,79,79,79,79,79,79,79,79,79],"card_choices":[{"not_picked":["ThirdEye","BowlingBash"],"picked":"Nirvana","floor":1},{"not_picked":["PathToVictory","CrushJoints"],"picked":"Halt","floor":2},{"not_picked":["WheelKick","Crescendo"],"picked":"FearNoEvil","floor":3},{"not_picked":["Perseverance","EmptyFist"],"picked":"ForeignInfluence","floor":6},{"not_picked":["Evaluate","BowlingBash"],"picked":"Indignation","floor":7},{"not_picked":["CrushJoints","Worship"],"picked":"Vengeance","floor":10},{"not_picked":["Prostrate","EmptyBody"],"picked":"Establishment","floor":14},{"not_picked":["MasterReality","Devotion"],"picked":"Judgement","floor":16},{"not_picked":["TalkToTheHand+1","Evaluate"],"picked":"FlurryOfBlows","floor":18},{"not_picked":["Prostrate","FlurryOfBlows"],"picked":"CutThroughFate","floor":20},{"not_picked":["FlyingSleeves","Indignation"],"picked":"SandsOfTime","floor":21},{"not_picked":["CrushJoints+1","WaveOfTheHand"],"picked":"LessonLearned","floor":22},{"not_picked":["BowlingBash","Tantrum+1"],"picked":"Crescendo","floor":24},{"not_picked":["SignatureMove+1","FollowUp+1"],"picked":"CutThroughFate+1","floor":25},{"not_picked":["WaveOfTheHand","Worship"],"picked":"Crescendo+1","floor":29}],"player_experience":78763,"relics_obtained":[{"floor":6,"key":"MawBank"},{"floor":9,"key":"Ornamental Fan"},{"floor":10,"key":"Matryoshka"},{"floor":24,"key":"Anchor"},{"floor":26,"key":"Strawberry"},{"floor":26,"key":"Vajra"},{"floor":29,"key":"Darkstone Periapt"}],"event_choices":[{"cards_removed":["Defend_P"],"damage_healed":0,"gold_gain":0,"player_choice":"Card Removal","damage_taken":7,"max_hp_gain":0,"max_hp_loss":0,"event_name":"Golden Wing","floor":4,"gold_loss":0},{"damage_healed":0,"gold_gain":0,"player_choice":"Take Wound","damage_taken":0,"relics_obtained":["Golden Idol"],"max_hp_gain":0,"max_hp_loss":0,"event_name":"Golden Idol","floor":5,"gold_loss":0,"cards_obtained":["Injury"]},{"cards_removed":["Injury"],"damage_healed":0,"gold_gain":0,"player_choice":"Card Removal","damage_taken":0,"max_hp_gain":0,"max_hp_loss":0,"event_name":"The Cleric","floor":11,"gold_loss":50},{"damage_healed":0,"gold_gain":0,"player_choice":"Got Potions","damage_taken":0,"max_hp_gain":0,"max_hp_loss":0,"event_name":"Lab","floor":12,"gold_loss":0},{"damage_healed":26,"gold_gain":0,"player_choice":"Heal","damage_taken":0,"max_hp_gain":0,"max_hp_loss":0,"event_name":"The Library","floor":30,"gold_loss":0},{"damage_healed":0,"gold_gain":0,"player_choice":"Ignored","damage_taken":0,"max_hp_gain":0,"max_hp_loss":0,"event_name":"Vampires","floor":31,"gold_loss":0}],"is_beta":false,"boss_relics":[{"not_picked":["Runic Dome","Fusion Hammer"],"picked":"VioletLotus"}],"items_purged_floors":[],"is_endless":false,"potions_floor_spawned":[1,2,14,20,22,25,29],"killed_by":"Automaton","ascension_level":0}}