{"host":"erwxnntsfyc3037l","time":1609413458,"event":{"mods":["AchievementEnabler","BaseMod","Colored Powertips","Downfall","Hermit","Hubris","Minty Spire (QoL Compilation)","Replay The Spire","StSLib","The Cursed"],"gold_per_floor":[99,99,99,1,1,1,1,16,16,1,26,37,53,76,91,91,91,91],"floor_reached":16,"playtime":4592,"items_purged":[],"score":98,"play_id":"e176ffc0-2ad2-4644-bf96-7816539fde7f","local_time":"20201231141738","is_ascension_mode":false,"campfire_choices":[{"floor":1,"key":"DIG"},{"floor":6,"key":"RECALL"},{"data":"Slimebound:Split","floor":9,"key":"SMITH"}],"circlet_count":0,"master_deck":["Slimebound:Strike_Slimebound","Slimebound:Strike_Slimebound","Slimebound:Strike_Slimebound","Slimebound:Tackle","Slimebound:Defend_Slimebound","Slimebound:Defend_Slimebound","Slimebound:Defend_Slimebound","Slimebound:Defend_Slimebound","Slimebound:Split+1","Slimebound:CorrosiveSpit","Slimebound:FinishingTackle","Slimebound:Nibble","Slimebound:SplitBruiser","Slimebound:SlimeSpikes","Slimebound:SamplingLick","Slimebound:LeechingTouch","Slimebound:ItLooksTasty","Slimebound:SplitAcid","Slimebound:FormOfPuddle"],"relics":["Slimebound:AbsorbEndCombat","downfall:HeartsMalice","Peace Pipe","downfall:BrokenWingStatue","Happy Flower","Replay:Rubber Ducky"],"acts_visited":["Exordium"],"potions_floor_usage":[16,16,16],"damage_taken":[{"damage":0,"enemies":"2 Louse","floor":2,"turns":1},{"damage":0,"enemies":"downfall:FleeingMerchant","floor":4,"turns":1},{"damage":0,"enemies":"Jaw Worm","floor":5,"turns":1},{"damage":17,"enemies":"Small Slimes","floor":8,"turns":2},{"damage":19,"enemies":"downfall:FleeingMerchant","floor":10,"turns":4},{"damage":42,"enemies":"Lagavulin","floor":11,"turns":4},{"damage":28,"enemies":"Exordium Thugs","floor":12,"turns":3},{"damage":14,"enemies":"Blue Slaver","floor":13,"turns":3},{"damage":8,"enemies":"3 Louse","floor":15,"turns":3},{"damage":35,"enemies":"downfall:Ironclad","floor":16,"turns":3}],"seed_played":"-5288200579891804846","potions_obtained":[{"floor":8,"key":"Guardian:BlockOnCardUsePotion"},{"floor":12,"key":"champ:CounterPotion"}],"is_trial":false,"path_per_floor":["R","M","?","$","M","R","T","M","R","$","E","M","M","T","M","B"],"character_chosen":"SLIMEBOUND","items_purchased":["Slimebound:ThreeZeroPotion"],"campfire_rested":0,"item_purchase_floors":[4],"current_hp_per_floor":[60,60,60,60,60,60,60,50,50,55,33,21,23,23,27,0,0,0],"gold":91,"neow_bonus":"THREE_ENEMY_KILL","is_daily":false,"chose_seed":false,"campfire_upgraded":1,"win_rate":0.0,"timestamp":1609413458,"path_taken":["R","M","?","$","M","R","T","M","R","$","E","M","M","?","M","BOSS"],"items_purchased_type":["Potion"],"build_version":"2020-12-22","purchased_purges":0,"victory":false,"max_hp_per_floor":[60,60,60,60,60,60,60,60,60,60,60,60,60,60,60,60,60,60],"card_choices":[{"not_picked":["Slimebound:Dissolve","Slimebound:Schlurp"],"picked":"Slimebound:FinishingTackle","floor":2},{"not_picked":["Slimebound:SplitMire","Slimebound:Repurpose"],"picked":"Slimebound:Nibble","floor":4},{"not_picked":["Slimebound:FinishingTackle","Slimebound:SplitLeeching"],"picked":"Slimebound:SplitBruiser","floor":5},{"not_picked":["Slimebound:ForwardTackle","Slimebound:SamplingLick"],"picked":"Slimebound:SlimeSpikes","floor":8},{"not_picked":["Slimebound:HauntingLick","Slimebound:Gluttony"],"picked":"Slimebound:SamplingLick","floor":10},{"not_picked":["Slimebound:AcidTongue","Slimebound:Schlurp"],"picked":"Slimebound:LeechingTouch","floor":11},{"not_picked":["Slimebound:SlimeSpikes","Slimebound:ViciousTackle"],"picked":"Slimebound:ItLooksTasty","floor":12},{"not_picked":["Slimebound:Replication","Slimebound:SpikyOuterGoop"],"picked":"Slimebound:SplitAcid","floor":13},{"not_picked":["Slimebound:LeechingTouch","Slimebound:SplitLeeching"],"picked":"Slimebound:FormOfPuddle","floor":15}],"player_experience":11107,"relics_obtained":[{"floor":1,"key":"Peace Pipe"},{"floor":11,"key":"Happy Flower"},{"floor":14,"key":"Replay:Rubber Ducky"}],"event_choices":[],"is_beta":false,"boss_relics":[],"items_purged_floors":[],"is_endless":false,"potions_floor_spawned":[8,12,15],"killed_by":"downfall:Ironclad","ascension_level":0}}