{"host":"wonp23fsqqcu31ie","time":1609414896,"event":{"mods":["2.2 Compatiblity","AchievementEnabler","Aspiration","BaseMod","Bestiary","Better Altar","Better Match","Better Sensory Stone","Better Skull","Better Third Choice","BetterRewards","Block Reminder","Colored Map","Colored Powertips","Conspire","Curses Come First","DeckTracker","Displayed Cursed Tome","Downfall","Hermit","Highlight Path","Hubris","Marisa????????","Minty Spire (QoL Compilation)","Permanent Neow","Quick Restart","Rare Cards Sparkle","Relic Stats","Replay The Spire","Robot Space Explorer","Shade Mod","Shop Mod","StSLib","SuperFastMode","The Animator","The Cursed","The Gatherer","The Marked","The Necromancer","The Runesmith","The Servant 0.9.4"],"gold_per_floor":[109,124,124,199,214,249,260,260,283,300,265,299,379,396,396,501,501,517,76,76,123,133,133,153,5,29,29,29,56,68,84,84,188,188,208,208,208,182,200,200,212,227,227,259,259,259],"floor_reached":45,"playtime":1396,"items_purged":[],"score":570,"play_id":"d5536cb4-0719-48e2-9fc5-d8d77256b7e2","local_time":"20201231224136","is_ascension_mode":false,"campfire_choices":[{"floor":8,"key":"REST"},{"floor":15,"key":"REST"},{"floor":23,"key":"RECALL"},{"data":"theMarked:AttractMetal","floor":28,"key":"SMITH"},{"floor":32,"key":"REST"},{"data":"sneckomod:RainOfDice","floor":40,"key":"SMITH"}],"circlet_count":0,"master_deck":["theMarked:Defend","theMarked:Defend","theMarked:Defend","theMarked:Defend","theMarked:SoldierOfQuellstein","Turbo","theMarked:ComboAttacks","BootSequence","Pot Of Greed","Pot Of Greed","ReplayRNGCard","theMarked:Generate","theMarked:AttractMetal","Redo","theMarked:Parkour","theMarked:BindingBlade","theMarked:GodGivenPower+1","expansioncontent:StudyTheSpire","theMarked:AttractMetal+1","ReplayTheSpireMod:GoodbyeWorld","Sentinel+1","Pot Of Greed","Bite","Bite","Bite","Bite","Bite","Shade:SpectralStrikes+1","sneckomod:RainOfDice+1","Thunderclap","theMarked:MagicAdept","animator:KomachiOnozuka","theMarked:EmpowerWeapon","Guardian:ArmoredProtocol+1","Pot Of Greed","theMarked:RepellingDischarge+1"],"relics":["theMarked:ArtifactOfAir","m_SpellCore","Grinning Jar","Tiny Chest","HornCleat","Ring of Chaos","MerchantsRug","Bag of Marbles","PrismaticShard","Orichalcum","hubris:EmptyBottle","hexamod:BolsterEngine","Letter Opener","conspire:SlowCooker","hubris:Towel","Pantograph","Replay:Rubber Ducky"],"acts_visited":["Exordium","TheCity","TheBeyond"],"potions_floor_usage":[6,7,16,16,18,31,31,33,33,33,33,35,41,42,44,44,44,44],"damage_taken":[{"damage":1,"enemies":"2 Louse","floor":1,"turns":2},{"damage":3,"enemies":"Jaw Worm","floor":2,"turns":3},{"damage":9,"enemies":"Small Slimes","floor":5,"turns":5},{"damage":41,"enemies":"Lagavulin","floor":6,"turns":7},{"damage":0,"enemies":"2 Fungi Beasts","floor":7,"turns":3},{"damage":8,"enemies":"Exordium Thugs","floor":10,"turns":4},{"damage":18,"enemies":"3 Sentries","floor":12,"turns":8},{"damage":0,"enemies":"Red Slaver","floor":14,"turns":4},{"damage":15,"enemies":"Hexaghost","floor":16,"turns":7},{"damage":0,"enemies":"3 Byrds","floor":18,"turns":6},{"damage":0,"enemies":"Chosen","floor":22,"turns":4},{"damage":20,"enemies":"Snake Plant","floor":24,"turns":6},{"damage":30,"enemies":"Book of Stabbing","floor":29,"turns":5},{"damage":6,"enemies":"Shelled Parasite and Fungi","floor":30,"turns":4},{"damage":0,"enemies":"Snecko","floor":31,"turns":2},{"damage":0,"enemies":"conspire:MysteriousRune","floor":33,"turns":4},{"damage":21,"enemies":"3 Shapes","floor":35,"turns":3},{"damage":0,"enemies":"Orb Walker","floor":39,"turns":3},{"damage":21,"enemies":"Spire Growth","floor":41,"turns":4},{"damage":9,"enemies":"4 Shapes","floor":42,"turns":4},{"damage":5,"enemies":"conspire:MimicChest","floor":44,"turns":5},{"damage":16,"enemies":"3 Darklings","floor":45,"turns":3}],"seed_played":"-8449468140395845256","potions_obtained":[{"floor":5,"key":"SkillPotion"},{"floor":6,"key":"SkillPotion"},{"floor":12,"key":"Adrenaline Potion"},{"floor":14,"key":"Venom Potion"},{"floor":16,"key":"LifebloodPotion"},{"floor":18,"key":"AttackPotion"},{"floor":24,"key":"Regen Potion"},{"floor":29,"key":"Toxic Potion"},{"floor":35,"key":"EntropicBrew"},{"floor":39,"key":"LiquidMemories"}],"is_trial":false,"path_per_floor":["M","M","?","?","M","E","M","R","T","M","?","E","?","M","R","B",null,"M","$","?","T","M","R","M","$","T","?","R","E","M","M","R","B",null,"M","T","?","$","M","R","M","M","T","?","M"],"character_chosen":"THE_DEFAULT","items_purchased":["MerchantsRug","Bag of Marbles","expansioncontent:StudyTheSpire","hubris:EmptyBottle","theMarked:EmpowerWeapon"],"campfire_rested":3,"item_purchase_floors":[19,19,19,25,38],"current_hp_per_floor":[69,66,66,55,46,5,5,26,26,18,35,17,17,17,38,23,70,70,70,62,62,62,62,42,42,42,42,42,16,18,28,42,46,49,32,32,32,32,32,32,17,10,10,9,0,0],"gold":259,"neow_bonus":"NOSTALGIA","is_daily":false,"chose_seed":false,"campfire_upgraded":2,"win_rate":0.0,"timestamp":1609414896,"path_taken":["M","M","?","?","M","E","M","R","T","M","?","E","?","M","R","BOSS","M","$","?","?","M","R","?","?","T","?","R","E","M","M","R","BOSS","M","?","?","$","M","R","M","M","T","?","?"],"items_purchased_type":["Relic","Relic","Card","Relic","Card"],"build_version":"2020-12-22","purchased_purges":0,"victory":false,"max_hp_per_floor":[70,70,70,70,70,70,70,70,70,70,70,70,70,70,70,70,70,70,70,70,70,70,70,70,70,70,49,49,49,49,49,49,49,49,49,49,49,49,49,49,49,49,49,49,49,49],"relic_stats":{"counters":[22,96],"Pantograph":0,"Tiny Chest":2,"Letter Opener":[95],"Orichalcum":[18],"obtain_stats":[{"MerchantsRug":19,"aspiration:Nostalgia":0,"Ring of Chaos":17,"conspire:SlowCooker":34,"Letter Opener":29,"Orichalcum":21,"hubris:EmptyBottle":25,"hubris:Towel":37,"PrismaticShard":20,"Replay:Rubber Ducky":44,"theMarked:ArtifactOfAir":0,"m_SpellCore":0,"HornCleat":12,"Pantograph":43,"Tiny Chest":9,"Bag of Marbles":19,"Grinning Jar":6,"hexamod:BolsterEngine":26},{"MerchantsRug":10,"aspiration:Nostalgia":0,"Ring of Chaos":9,"conspire:SlowCooker":16,"Letter Opener":13,"Orichalcum":10,"hubris:EmptyBottle":12,"hubris:Towel":17,"PrismaticShard":10,"Replay:Rubber Ducky":21,"theMarked:ArtifactOfAir":0,"m_SpellCore":0,"HornCleat":7,"Pantograph":20,"Tiny Chest":5,"Bag of Marbles":10,"Grinning Jar":4,"hexamod:BolsterEngine":12},{"MerchantsRug":49,"aspiration:Nostalgia":0,"Ring of Chaos":43,"conspire:SlowCooker":74,"Letter Opener":64,"Orichalcum":49,"hubris:EmptyBottle":59,"hubris:Towel":77,"PrismaticShard":49,"Replay:Rubber Ducky":93,"theMarked:ArtifactOfAir":0,"m_SpellCore":0,"HornCleat":32,"Pantograph":88,"Tiny Chest":20,"Bag of Marbles":49,"Grinning Jar":17,"hexamod:BolsterEngine":59}]},"card_choices":[{"not_picked":["Capacitor","Gash"],"picked":"Turbo","floor":1},{"not_picked":["Steam Power","theMarked:Reabsorb"],"picked":"theMarked:ComboAttacks","floor":2},{"not_picked":["Stack","theMarked:HeightenedSenses"],"picked":"BootSequence","floor":5},{"not_picked":["theMarked:Generate","theMarked:WastefulAttack"],"picked":"ReplayRNGCard","floor":6},{"not_picked":["theMarked:Seal","Reprogram"],"picked":"theMarked:Generate","floor":7},{"not_picked":["Rebound","theMarked:EnhancedHearing"],"picked":"theMarked:AttractMetal","floor":10},{"not_picked":["theMarked:Frustration","Turbo"],"picked":"Redo","floor":12},{"not_picked":["theMarked:ComboAttacks","Recycle"],"picked":"theMarked:Parkour","floor":14},{"not_picked":["ReplayRNGCard","theMarked:MuscleMemory"],"picked":"theMarked:BindingBlade","floor":16},{"not_picked":["theMarked:WastefulDefense","theMarked:Electrify"],"picked":"theMarked:GodGivenPower+1","floor":18},{"not_picked":["theMarked:EnhanceMovement","theMarked:DeterminationOfTheMarked"],"picked":"theMarked:AttractMetal","floor":20},{"not_picked":["animator:Verdia","Static Discharge"],"picked":"ReplayTheSpireMod:GoodbyeWorld","floor":22},{"not_picked":["Guardian:PrismaticBeam","animator:Noda"],"picked":"Sentinel+1","floor":24},{"not_picked":["theMarked:ComboAttacks","ReplayTheSpireMod:GoodbyeWorld"],"picked":"Shade:SpectralStrikes+1","floor":29},{"not_picked":["animator:Shimakaze","OpenUniverse+1"],"picked":"sneckomod:RainOfDice","floor":30},{"not_picked":["hermit:Roulette","Shade:FleshToFlesh+1"],"picked":"Thunderclap","floor":31},{"not_picked":["animator:KotarouTennouji","Shade:Coordination"],"picked":"theMarked:MagicAdept","floor":33},{"not_picked":["Shade:LyeBath","Shade:AncientSpear+1"],"picked":"animator:KomachiOnozuka","floor":35},{"not_picked":["Flying Knee","Shade:FreshBones+1","Alleviate"],"picked":"SKIP","floor":39},{"not_picked":["Double Energy","animator:ShinjiMatou"],"picked":"Guardian:ArmoredProtocol+1","floor":41},{"not_picked":["Slimebound:DivideAndConquer+1","animator:Jibril"],"picked":"theMarked:RepellingDischarge+1","floor":42}],"player_experience":427106,"relics_obtained":[{"floor":6,"key":"Grinning Jar"},{"floor":9,"key":"Tiny Chest"},{"floor":12,"key":"HornCleat"},{"floor":20,"key":"PrismaticShard"},{"floor":21,"key":"Orichalcum"},{"floor":26,"key":"hexamod:BolsterEngine"},{"floor":29,"key":"Letter Opener"},{"floor":43,"key":"Pantograph"},{"floor":44,"key":"Replay:Rubber Ducky"}],"event_choices":[{"damage_healed":0,"gold_gain":0,"player_choice":"Leave","damage_taken":0,"max_hp_gain":0,"max_hp_loss":0,"event_name":"conspire:Investor","floor":3,"gold_loss":0},{"damage_healed":0,"gold_gain":75,"player_choice":"Gold","damage_taken":11,"max_hp_gain":0,"max_hp_loss":0,"event_name":"betterThird:BetterGoop","floor":4,"gold_loss":0},{"damage_healed":17,"gold_gain":0,"player_choice":"Healed","damage_taken":0,"max_hp_gain":0,"max_hp_loss":0,"event_name":"The Cleric","floor":11,"gold_loss":35},{"damage_healed":0,"gold_gain":0,"player_choice":"Became a vampire","damage_taken":0,"max_hp_gain":0,"max_hp_loss":21,"event_name":"Vampires","floor":27,"gold_loss":0,"cards_obtained":["Bite","Bite","Bite","Bite","Bite"]}],"is_beta":false,"boss_relics":[{"not_picked":["hubris:ScarierMask","SlaversCollar"],"picked":"Ring of Chaos"},{"not_picked":["ChewingGum","hubris:Stopwatch"],"picked":"conspire:SlowCooker"}],"items_purged_floors":[],"is_endless":false,"potions_floor_spawned":[5,6,12,14,16,18,24,29,30,35,39],"killed_by":"3 Darklings","ascension_level":0}}