{"host":"e01qxv2vk3u3irmz","time":1609422566,"event":{"mods":["Act Like it!","BaseMod","Colored Powertips","Downfall","Gensokyo","Lobotomy","Marisa£®ÏF”Í°°ƒß¿Ì…≥£©","Minty Spire (QoL Compilation)","Replay The Spire","StSLib"],"gold_per_floor":[119,119,119,119,119,133,229,240,254,287,362,202,222,222,9998524,9997532,9997532,9997628,9997628,9997641,9997657,9997657,9996808,9996808,9996808,9996826,9996845,9996895,9996926,9996926,9996939,9996007,9996007,9996007,9996110,9996110,9996126,9995424,9995424,9995424,9995424,9995453,9995453,9995465,9995465,9995465,9995479,9995389,9994583,9994994,9994994,9994994,9994994,9994994,9994252,9994287,9994287],"floor_reached":58,"playtime":4900,"items_purged":["Strike_B","Defend_B","ReplayTheSpireMod:Splinters","Defend_B","Strike_B+1","Night Terror"],"score":1303,"play_id":"9199382b-22de-4b32-bdba-ebe72129edc9","local_time":"20201231214925","is_ascension_mode":false,"campfire_choices":[{"floor":14.0,"key":"REST"},{"floor":17.0,"key":"REST"},{"floor":25,"key":"REST"},{"floor":30,"key":"REST"},{"floor":34,"key":"REST"},{"floor":43,"key":"RECALL"},{"floor":46,"key":"REST"},{"floor":51,"key":"REST"},{"data":"ReplayRNGCard","floor":54,"key":"SMITH"}],"circlet_count":0,"master_deck":["Strike_B+1","Zap+1","Defragment","ReplaySort+1","Electrodynamics+1","Ball Lightning","Redo+1","Ball Lightning","Creative AI","Sunder","Gensokyo:LockedMedkit","Gensokyo:ReactiveArmor","Gensokyo:HAARP","Tempest","Defragment+1","Electrodynamics","Lockon","Stack+1","Pot Of Greed","Pot Of Greed","Pot Of Greed","ReplayRNGCard+1","Steam+1","Buffer","expansioncontent:Chronoboost","Pot Of Greed","Secret Technique","Biased Cognition","Glacier+1","Gensokyo:ReactiveArmor","Stack+1","Melter","BasicCrystalCard+1","Gensokyo:CustomPotion","expansioncontent:BronzeBeam+1","Force Field+1"],"relics":["Cracked Core","Whetstone","Happy Flower","Gensokyo:NagashiBinaDoll","Pocketwatch","Nilry\u0027s Codex","Medical Kit","Raider\u0027s Mask","Sling","HandDrill","DollysMirror","TheAbacus","Garlic","Shuriken","Empty Cage","Gensokyo:SongOfSouls","Grinning Jar","Geode","Replay:Frozen Program","Unceasing Top","Boot","Pen Nib","Mummified Hand","Omamori","Shovel","ClockworkSouvenir","Vajra","Bottled Lightning","Replay:Rubber Ducky","Toy Ornithopter","Pear","Golden Egg","War Paint","Chemical X","Centennial Puzzle","Kunai","Strawberry","Frozen Eye","White Beast Statue"],"acts_visited":["Gensokyo:Gensokyoer","Gensokyo:Gensokyoest","TheEnding"],"potions_floor_usage":[18,27,29,44,52,52],"damage_taken":[{"damage":6.0,"enemies":"Gensokyo:Python","floor":1.0,"turns":3.0},{"damage":9.0,"enemies":"Gensokyo:2_Kodama","floor":6.0,"turns":3.0},{"damage":0.0,"enemies":"Gensokyo:3_Fairies","floor":8.0,"turns":2.0},{"damage":13.0,"enemies":"Gensokyo:2_Rabbits","floor":9.0,"turns":3.0},{"damage":36.0,"enemies":"Gensokyo:Aya","floor":10.0,"turns":4.0},{"damage":4.0,"enemies":"Gensokyo:Gryphon_and_Rabbit","floor":13.0,"turns":2.0},{"damage":14,"enemies":"Gensokyo:Reimu","floor":18,"turns":8},{"damage":12,"enemies":"Gensokyo:CosmicMonolith","floor":20,"turns":4},{"damage":21,"enemies":"Gensokyo:Chomper","floor":21,"turns":4},{"damage":15,"enemies":"Gensokyo:Wraith","floor":26,"turns":4},{"damage":19,"enemies":"Gensokyo:Slime_Group","floor":27,"turns":5},{"damage":19,"enemies":"Gensokyo:Reisen","floor":29,"turns":4},{"damage":6,"enemies":"Gensokyo:Chomper_and_Gloop","floor":31,"turns":2},{"damage":70,"enemies":"Gensokyo:Eternal_Rivals","floor":35,"turns":7},{"damage":5,"enemies":"Gensokyo:3_Bats","floor":37,"turns":2},{"damage":15,"enemies":"Gensokyo:Doremy","floor":42,"turns":4},{"damage":22,"enemies":"Gensokyo:3_Boulders","floor":44,"turns":5},{"damage":19,"enemies":"Gensokyo:4_Bats","floor":47,"turns":3},{"damage":0,"enemies":"Gensokyo:Rafflesia","floor":50,"turns":8},{"damage":51,"enemies":"Gensokyo:Scarlet_Devils","floor":52,"turns":8},{"damage":8,"enemies":"Shield and Spear","floor":56,"turns":5},{"damage":72,"enemies":"The Heart","floor":57,"turns":9}],"seed_played":"-7981452812861379932","potions_obtained":[{"floor":6.0,"key":"LiquidMemories"},{"floor":9.0,"key":"FearPotion"},{"floor":10.0,"key":"SpeedPotion"},{"floor":18,"key":"Explosive Potion"},{"floor":27,"key":"BlessingOfTheForge"},{"floor":31,"key":"champ:CounterPotion"},{"floor":47,"key":"Fire Potion"}],"is_trial":false,"path_per_floor":["M","?","PTL","PTL","?","M","?","M","M","E","T","?","M","R","COS","$","R","B",null,"M","M","?","$","?","R","M","M","T","E","R","M","$","?","R","B",null,"M","$","?","?","?","E","R","M","T","R","M","?","$","M","R","B",null,"R","$","E","B",null],"character_chosen":"DEFECT","items_purchased":["TheAbacus","Garlic","Shuriken","Adrenaline Potion","LifebloodPotion","Tempest","Defragment+1","Grinning Jar","Geode","Replay:Frozen Program","FairyPotion","ReplayRNGCard","BlessingOfTheForge","Mummified Hand","Omamori","ColorlessPotion","Guardian:BlockOnCardUsePotion","expansioncontent:Chronoboost","Secret Technique","ClockworkSouvenir","Vajra","Bottled Lightning","Golden Egg","War Paint","Chemical X","expansioncontent:BronzeBeam","Kunai","Strawberry","Frozen Eye"],"campfire_rested":7,"item_purchase_floors":[16,16,16,16,16,16,16,23,23,23,23,23,23,32,32,32,32,32,32,38,38,38,49,49,49,49,55,55,55],"current_hp_per_floor":[69,69,69,69,69,60,60,60,47,11,11,11,7,29,29,29,51,37,75,63,42,42,42,35,57,42,23,23,6,28,22,22,22,75,5,75,70,70,70,70,70,55,55,38,48,73,54,54,54,62,85,39,85,85,92,84,69],"gold":9994287,"neow_bonus":"RANDOM_COMMON_RELIC","is_daily":false,"chose_seed":false,"campfire_upgraded":1,"win_rate":0.0,"timestamp":1609422565,"path_taken":["M","?","PTL","PTL","?","M","?","M","M","E","T","?","?","R","COS","?","R","BOSS","M","M","?","$","?","R","M","?","T","E","R","M","$","?","R","BOSS","M","$","?","?","?","E","R","?","T","R","M","?","$","M","R","BOSS","R","$","E","BOSS"],"items_purchased_type":["Relic","Relic","Relic","Potion","Potion","Card","Card","Relic","Relic","Relic","Potion","Card","Potion","Relic","Relic","Potion","Potion","Card","Card","Relic","Relic","Relic","Relic","Relic","Relic","Card","Relic","Relic","Relic"],"build_version":"2020-12-22","purchased_purges":6,"victory":true,"max_hp_per_floor":[75,75,75,75,75,75,75,75,75,75,75,75,75,75,75,75,75,75,75,75,75,75,75,75,75,75,75,75,75,75,75,75,75,75,75,75,75,75,75,75,75,75,75,75,85,85,85,85,85,85,85,85,85,85,92,92,92],"card_choices":[{"not_picked":["Redo","Capacitor"],"picked":"Barrage","floor":1.0},{"not_picked":["Auto Shields","Streamline"],"picked":"Defragment","floor":6.0},{"not_picked":["Scrape","Beam Cell"],"picked":"ReplaySort","floor":7.0},{"not_picked":["Sweeping Beam","Defragment"],"picked":"Electrodynamics","floor":7.0},{"not_picked":["ReplayTheSpireMod:GoodbyeWorld","Gash"],"picked":"Ball Lightning","floor":7.0},{"not_picked":["Ball Lightning","Steam Power"],"picked":"Redo","floor":8.0},{"not_picked":["Rebound","Streamline"],"picked":"Ball Lightning","floor":9.0},{"not_picked":["Darkness","Chill"],"picked":"Creative AI","floor":10.0},{"not_picked":["Conserve Battery","BasicCrystalCard"],"picked":"Sunder","floor":13.0},{"not_picked":["Amplify","All For One"],"picked":"Electrodynamics","floor":18},{"not_picked":["ReplayTheSpireMod:GoodbyeWorld","ReplayGash"],"picked":"Lockon","floor":20},{"not_picked":["Turbo","Coolheaded"],"picked":"Stack","floor":21},{"not_picked":["ReplayTheSpireMod:Repulse+1","Hologram","Go for the Eyes"],"picked":"SKIP","floor":26},{"not_picked":["Sweeping Beam","Gash+1"],"picked":"Steam+1","floor":27},{"not_picked":["Self Repair","Gash","BasicCrystalCard"],"picked":"SKIP","floor":29},{"not_picked":["Steam","Scrape"],"picked":"Buffer","floor":31},{"not_picked":["Electrodynamics","Machine Learning"],"picked":"Biased Cognition","floor":35},{"not_picked":["Gash+1","Streamline"],"picked":"Glacier+1","floor":37},{"not_picked":["Sweeping Beam","Cold Snap"],"picked":"Stack+1","floor":42},{"not_picked":["Barrage","Heatsinks+1"],"picked":"Melter","floor":44},{"not_picked":["Beam Cell","Gash+1"],"picked":"BasicCrystalCard+1","floor":47},{"not_picked":["Barrage+1","Rebound","Melter"],"picked":"SKIP","floor":50},{"not_picked":["BasicCrystalCard+1","ReplayGash+1"],"picked":"Force Field+1","floor":56}],"player_experience":31108,"relics_obtained":[{"floor":10.0,"key":"Pocketwatch"},{"floor":28,"key":"Boot"},{"floor":29,"key":"Pen Nib"},{"floor":42,"key":"Toy Ornithopter"},{"floor":45,"key":"Pear"},{"floor":56,"key":"White Beast Statue"}],"event_choices":[],"is_beta":false,"boss_relics":[{"not_picked":["Kintsugi","Honey Jar"],"picked":"Empty Cage"},{"not_picked":["ChewingGum","SacredBark","Sozu"]}],"items_purged_floors":[16,23,32,38,49,55],"is_endless":false,"potions_floor_spawned":[6,9,10,18,21,27,31,35,42,47],"ascension_level":0}}