{"host":"idmgg8r816nmas40","time":1609406431,"event":{"mods":["AchievementEnabler","AlwaysNeverKeys","BaseMod","BetterRewards","Block Reminder","Colored Map","Colored Powertips","DeckTracker","Googly Eyes","Highlight Path","Hubris","Infinite Spire","Minty Spire (QoL Compilation)","Quick Restart","Relic Stats","Replay The Spire","Shop Mod","StSLib","SuperFastMode","Synergy Search","Transform Curses"],"gold_per_floor":[110,128,128,144,162,195,95,95,140,140,159,169,202,216,216,289,289,303,220,220,220,235,235,264,264,264,292,9,9,19,29,29,102,102,117,117,134,134,134,134,168,292,318,330,348,367,367,367],"floor_reached":47,"playtime":2020,"items_purged":[],"score":1589,"play_id":"6846882b-db4d-4d5a-9465-34c1ab715380","local_time":"20201231022031","is_ascension_mode":true,"campfire_choices":[{"floor":15,"key":"REST"},{"data":"hubris:PowerSurge","floor":23,"key":"SMITH"},{"data":"Capacitor","floor":25,"key":"SMITH"},{"floor":32,"key":"REST"},{"data":"hubris:PowerSurge","floor":40,"key":"SMITH"}],"circlet_count":0,"master_deck":["AscendersBane","Strike_B","Strike_B","Strike_B","Strike_B","Defend_B","Defend_B","Defend_B","Defend_B","Zap","Dualcast","Sadistic Nature","hubris:PowerSurge","Sadistic Nature","Fusion+1","Dramatic Entrance","Gash","Sunder+1","hubris:PowerSurge","Storm","Echo Form+1","hubris:PowerSurge+1","Streamline","ReplayGash","Cold Snap","hubris:PowerSurge+1","Gash","Echo Form","Capacitor","Shame","hubris:PowerSurge","Barrage","Capacitor+1","Sweeping Beam","Tempest","Leap+1","Echo Form","Barrage+1","ReplayTheSpireMod:Chaos Vortex","Glacier","Ball Lightning","Leap","Ball Lightning","Cold Snap+1","White Noise","Master of Strategy","infinitespire:UltimateForm","Cold Snap","hubris:Ukulele","ReplayRNGCard","Blizzard+1","Amplify","Blizzard","Compile Driver"],"relics":["FrozenCore","StrikeDummy","Replay:Lucky Slots","Strawberry","Peace Pipe","Thread and Needle","White Beast Statue","Geode","Boot","Omamori","hubris:SoftwareUpdate","Matryoshka","hubris:TinFlute","infinitespire:SolderingIron","Honey Jar","Orrery","Shovel","infinitespire:FocusingShard","infinitespire:Lucky Rock"],"acts_visited":["Exordium","TheCity","TheBeyond"],"potions_floor_usage":[16,22,27,33,33,41],"damage_taken":[{"damage":0,"enemies":"2 Louse","floor":1,"turns":2},{"damage":0,"enemies":"Small Slimes","floor":2,"turns":2},{"damage":0,"enemies":"Cultist","floor":4,"turns":2},{"damage":0,"enemies":"2 Fungi Beasts","floor":5,"turns":2},{"damage":13,"enemies":"Lagavulin","floor":6,"turns":4},{"damage":2,"enemies":"Looter","floor":11,"turns":2},{"damage":0,"enemies":"Gremlin Gang","floor":12,"turns":2},{"damage":8,"enemies":"Gremlin Nob","floor":13,"turns":3},{"damage":0,"enemies":"Red Slaver","floor":14,"turns":2},{"damage":19,"enemies":"Hexaghost","floor":16,"turns":7},{"damage":0,"enemies":"Chosen","floor":18,"turns":4},{"damage":0,"enemies":"3 Byrds","floor":22,"turns":4},{"damage":0,"enemies":"Replay:Snechameleon","floor":24,"turns":6},{"damage":27,"enemies":"Gremlin Leader","floor":27,"turns":5},{"damage":0,"enemies":"Snecko","floor":30,"turns":3},{"damage":0,"enemies":"Snake Plant","floor":31,"turns":4},{"damage":0,"enemies":"Collector","floor":33,"turns":7},{"damage":8,"enemies":"3 Darklings","floor":35,"turns":3},{"damage":0,"enemies":"Orb Walker","floor":37,"turns":3},{"damage":0,"enemies":"Nightmare","floor":41,"turns":6},{"damage":4,"enemies":"Sphere and 2 Shapes","floor":44,"turns":2},{"damage":14,"enemies":"4 Shapes","floor":45,"turns":2},{"damage":0,"enemies":"Writhing Mass","floor":46,"turns":5},{"damage":26,"enemies":"Giant Head","floor":47,"turns":4}],"seed_played":"-4153724949364246497","potions_obtained":[{"floor":1,"key":"Milkshake"},{"floor":5,"key":"Milkshake"},{"floor":13,"key":"Weak Potion"},{"floor":16,"key":"SkillPotion"},{"floor":22,"key":"Fire Potion"},{"floor":27,"key":"Block Potion"},{"floor":30,"key":"PowerPotion"},{"floor":33,"key":"Death Potion"},{"floor":35,"key":"PotionOfCapacity"},{"floor":37,"key":"Strength Potion"},{"floor":42,"key":"DuplicationPotion"},{"floor":42,"key":"Strength Potion"},{"floor":42,"key":"GamblersBrew"},{"floor":44,"key":"Fire Potion"},{"floor":45,"key":"AttackPotion"},{"floor":46,"key":"DistilledChaos"}],"is_trial":false,"path_per_floor":["M","M","?","M","M","E","$","?","T","?","M","M","E","M","R_BF","B",null,"M","$","?","?","M","R","E","R","T","E","$","?","M","M","R","B",null,"M","AVR","M","?","?","R","NM","?","T","M","M","M","E"],"character_chosen":"DEFECT","items_purchased":["StrikeDummy","Replay:Lucky Slots","Strawberry","Sadistic Nature","hubris:PowerSurge","Sadistic Nature","Fusion+1","Dramatic Entrance","hubris:PowerSurge","Streamline","Capacitor","infinitespire:SolderingIron"],"campfire_rested":2,"item_purchase_floors":[0,0,0,0,0,0,0,0,7,7,19,28],"current_hp_per_floor":[71,71,71,71,71,58,58,58,58,58,56,56,48,48,71,52,72,72,72,72,72,72,72,72,72,72,45,45,45,45,45,68,68,76,68,68,68,68,68,68,68,39,39,35,21,21,0,0],"gold":367,"neow_bonus":"","is_daily":false,"chose_seed":false,"campfire_upgraded":3,"win_rate":0.0,"timestamp":1609406431,"path_taken":["M","M","?","M","M","E","$","?","T","?","M","?","E","M","R_BF","BOSS","M","$","?","?","?","R","E","R","T","E","?","?","M","M","R","BOSS","M","AVR","M","?","?","R","NM","?","T","M","M","M","E"],"items_purchased_type":["Relic","Relic","Relic","Card","Card","Card","Card","Card","Card","Card","Card","Relic"],"build_version":"2020-12-22","purchased_purges":0,"victory":false,"max_hp_per_floor":[78,78,78,78,78,78,78,78,78,78,78,78,78,78,78,78,78,78,78,78,78,78,78,78,78,78,78,78,78,78,78,78,78,78,78,78,78,78,74,74,74,74,74,74,74,74,74,74],"relic_stats":{"Peace Pipe":0,"Shovel":0,"counters":[86,368],"Boot":[73],"obtain_stats":[{"Golden Egg":23,"hubris:BallOfYels":0,"Gremlin Horn":0,"Spirit Poop":48,"Ginger":31,"Boot":13,"FrozenCore":17,"Blood Vial":29,"Centennial Puzzle":46,"Lizard Tail":0,"infinitespire:SolderingIron":28,"DollysMirror":0,"Strawberry":0,"Honey Jar":36,"hubris:DeckOfHolding":3,"Philosopher\u0027s Stone":34,"MealTicket":9,"Prayer Wheel":16,"Iron Hammer":9,"HandDrill":53,"Replay:Wax Seal":31,"hubris:TinFlute":27,"Pear":43,"Happy Flower":6,"hubris:SoftwareUpdate":24,"Oddly Smooth Stone":7,"WarpedTongs":37,"infinitespire:Lychee Nut":0,"infinitespire:Broken Mirror":53,"hubris:PeanutButter":9,"Simple Rune":10,"Black Star":17,"StrikeDummy":54,"ReplayTheSpireMod:Ring of Exchange":2,"Regal Pillow":43,"Bag of Preparation":12,"ClockworkSouvenir":0,"Replay:Rubber Ducky":23,"Emotion Chip":26,"Chameleon Ring":0,"hubris:Icosahedron":29,"hubris:Backtick":34,"Matryoshka":26,"Shovel":41,"Mummified Hand":29,"Pantograph":41,"hubris:FunFungus":0,"Replay:Lucky Slots":0,"Replay:Bottled Snecko":7,"Cracked Core":0,"hubris:GlazedTorus":0,"Guide Book":53,"Thread and Needle":0,"PreservedInsect":0,"infinitespire:FocusingShard":43,"Geode":26,"Omamori":20,"infinitespire:Lucky Rock":43,"White Beast Statue":6,"Peace Pipe":0,"Anchor":41,"DataDisk":12,"Busted Crown":17,"infinitespire:WardingShard":25,"hubris:Spice":0,"Ornamental Fan":40,"Orrery":36,"Art of War":46,"Bottled Lightning":54,"Membership Card":34,"Toy Ornithopter":38,"infinitespire:Freezer":11},{"Golden Egg":17,"hubris:BallOfYels":33,"Gremlin Horn":0,"Spirit Poop":30,"Ginger":22,"Boot":70,"FrozenCore":72,"Blood Vial":20,"Centennial Puzzle":29,"Lizard Tail":33,"infinitespire:SolderingIron":76,"DollysMirror":6,"Strawberry":62,"Honey Jar":80,"hubris:DeckOfHolding":1,"Philosopher\u0027s Stone":23,"MealTicket":39,"Prayer Wheel":43,"Iron Hammer":9,"HandDrill":31,"Replay:Wax Seal":22,"hubris:TinFlute":76,"Pear":55,"Happy Flower":38,"hubris:SoftwareUpdate":75,"Oddly Smooth Stone":9,"WarpedTongs":24,"infinitespire:Lychee Nut":33,"infinitespire:Broken Mirror":60,"hubris:PeanutButter":3,"Simple Rune":10,"Black Star":13,"StrikeDummy":32,"ReplayTheSpireMod:Ring of Exchange":1,"Regal Pillow":27,"Bag of Preparation":10,"ClockworkSouvenir":0,"Replay:Rubber Ducky":17,"Emotion Chip":49,"Chameleon Ring":6,"hubris:Icosahedron":50,"hubris:Backtick":51,"Matryoshka":75,"Shovel":82,"Mummified Hand":20,"Pantograph":27,"hubris:FunFungus":33,"Replay:Lucky Slots":62,"Replay:Bottled Snecko":3,"Cracked Core":0,"hubris:GlazedTorus":6,"Guide Book":60,"Thread and Needle":62,"PreservedInsect":33,"infinitespire:FocusingShard":82,"Geode":18,"Omamori":73,"infinitespire:Lucky Rock":82,"White Beast Statue":67,"Peace Pipe":62,"Anchor":27,"DataDisk":41,"Busted Crown":43,"infinitespire:WardingShard":49,"hubris:Spice":33,"Ornamental Fan":55,"Orrery":80,"Art of War":58,"Bottled Lightning":32,"Membership Card":51,"Toy Ornithopter":53,"infinitespire:Freezer":10},{"Golden Egg":72,"hubris:BallOfYels":139,"Gremlin Horn":0,"Spirit Poop":125,"Ginger":93,"Boot":301,"FrozenCore":310,"Blood Vial":85,"Centennial Puzzle":124,"Lizard Tail":139,"infinitespire:SolderingIron":329,"DollysMirror":24,"Strawberry":282,"Honey Jar":346,"hubris:DeckOfHolding":3,"Philosopher\u0027s Stone":101,"MealTicket":156,"Prayer Wheel":170,"Iron Hammer":35,"HandDrill":129,"Replay:Wax Seal":93,"hubris:TinFlute":329,"Pear":241,"Happy Flower":154,"hubris:SoftwareUpdate":324,"Oddly Smooth Stone":35,"WarpedTongs":104,"infinitespire:Lychee Nut":139,"infinitespire:Broken Mirror":273,"hubris:PeanutButter":11,"Simple Rune":42,"Black Star":54,"StrikeDummy":134,"ReplayTheSpireMod:Ring of Exchange":3,"Regal Pillow":116,"Bag of Preparation":42,"ClockworkSouvenir":0,"Replay:Rubber Ducky":72,"Emotion Chip":208,"Chameleon Ring":24,"hubris:Icosahedron":212,"hubris:Backtick":219,"Matryoshka":324,"Shovel":355,"Mummified Hand":85,"Pantograph":116,"hubris:FunFungus":139,"Replay:Lucky Slots":282,"Replay:Bottled Snecko":11,"Cracked Core":0,"hubris:GlazedTorus":24,"Guide Book":273,"Thread and Needle":282,"PreservedInsect":139,"infinitespire:FocusingShard":355,"Geode":78,"Omamori":314,"infinitespire:Lucky Rock":355,"White Beast Statue":294,"Peace Pipe":282,"Anchor":116,"DataDisk":163,"Busted Crown":180,"infinitespire:WardingShard":208,"hubris:Spice":139,"Ornamental Fan":241,"Orrery":346,"Art of War":257,"Bottled Lightning":134,"Membership Card":219,"Toy Ornithopter":228,"infinitespire:Freezer":42}],"FrozenCore":[32]},"card_choices":[{"not_picked":["Compile Driver","Beam Cell"],"picked":"Gash","floor":1},{"not_picked":["BasicCrystalCard","Panic Button"],"picked":"Sunder","floor":2},{"not_picked":["Redo","Cold Snap"],"picked":"Storm","floor":4},{"not_picked":["Turbo","Aggregate","FIFO Queue"],"picked":"SKIP","floor":5},{"not_picked":["Sweeping Beam","Compile Driver"],"picked":"Echo Form","floor":6},{"not_picked":["Barrage","Redo"],"picked":"ReplayGash","floor":11},{"not_picked":["Stack","Streamline"],"picked":"Cold Snap","floor":12},{"not_picked":["Static Discharge","Coolheaded"],"picked":"hubris:PowerSurge","floor":13},{"not_picked":["Reprogram","ReplayTheSpireMod:Omega Cannon"],"picked":"Gash","floor":14},{"not_picked":["Rainbow","Buffer"],"picked":"Echo Form","floor":16},{"not_picked":["Stack","ReplayTheSpireMod:Repulse","Panic Button"],"picked":"SKIP","floor":18},{"not_picked":["Coolheaded","Redo"],"picked":"Barrage","floor":22},{"not_picked":["hubris:DoWhile","Stack"],"picked":"Capacitor","floor":24},{"not_picked":["Panic Button","Go for the Eyes+1"],"picked":"Sweeping Beam","floor":27},{"not_picked":["Redo","Conserve Battery"],"picked":"Tempest","floor":30},{"not_picked":["Core Surge","Barrage"],"picked":"Leap+1","floor":31},{"not_picked":["Thunder Strike","Hyperbeam"],"picked":"Echo Form","floor":33},{"not_picked":["Rip and Tear","Coolheaded"],"picked":"Barrage+1","floor":35},{"not_picked":["Crystallizer+1","Streamline","Steam"],"picked":"Glacier","floor":36},{"not_picked":["ReplayTheSpireMod:Calculation Training+1","Coolheaded","Auto Shields"],"picked":"Ball Lightning","floor":36},{"not_picked":["Hologram","Turbo","ReplaySort"],"picked":"Leap","floor":36},{"not_picked":["Gash","ReplayTheSpireMod:System Scan+1","Loop"],"picked":"Ball Lightning","floor":36},{"not_picked":["Streamline+1","Leap","Consume"],"picked":"Cold Snap+1","floor":36},{"not_picked":["Reinforced Body+1","Barrage","Redo"],"picked":"White Noise","floor":37},{"not_picked":["ReplayTheSpireMod:Uncanny Aura","Sadistic Nature","ReplayTheSpireMod:Trickstab"],"picked":"Master of Strategy","floor":38},{"not_picked":["ReplayTheSpireMod:Haul","ReplayTheSpireMod:Echoes of Time"],"picked":"infinitespire:UltimateForm","floor":41},{"not_picked":["BootSequence","Aggregate","Reprogram+1"],"picked":"Cold Snap","floor":41},{"not_picked":["Reprogram","Skim","BasicCrystalCard+1"],"picked":"hubris:Ukulele","floor":42},{"not_picked":["Scrape","Coolheaded","Compile Driver+1"],"picked":"ReplayRNGCard","floor":42},{"not_picked":["Scrape","Hello World","Cold Snap+1"],"picked":"Blizzard+1","floor":42},{"not_picked":["Crystallizer","Steam","Defragment"],"picked":"Amplify","floor":44},{"not_picked":["Coolheaded","Fusion","Stack"],"picked":"Blizzard","floor":45},{"not_picked":["Sweeping Beam+1","BasicCrystalCard+1","Barrage"],"picked":"Compile Driver","floor":46}],"player_experience":1021108,"relics_obtained":[{"floor":6,"key":"White Beast Statue"},{"floor":9,"key":"Geode"},{"floor":13,"key":"Boot"},{"floor":24,"key":"hubris:SoftwareUpdate"},{"floor":26,"key":"Matryoshka"},{"floor":27,"key":"hubris:TinFlute"},{"floor":41,"key":"Shovel"},{"floor":43,"key":"infinitespire:FocusingShard"},{"floor":43,"key":"infinitespire:Lucky Rock"}],"event_choices":[{"damage_healed":0,"gold_gain":0,"player_choice":"Upgraded","damage_taken":0,"max_hp_gain":0,"max_hp_loss":0,"event_name":"Upgrade Shrine","floor":10,"gold_loss":0,"cards_upgraded":["Echo Form"]},{"damage_healed":0,"gold_gain":0,"player_choice":"Stole Relic","damage_taken":0,"relics_obtained":["Omamori"],"max_hp_gain":0,"max_hp_loss":0,"event_name":"Addict","floor":20,"gold_loss":0,"cards_obtained":["Shame"]},{"damage_healed":0,"gold_gain":0,"player_choice":"Read","damage_taken":0,"max_hp_gain":0,"max_hp_loss":0,"event_name":"The Library","floor":21,"gold_loss":0,"cards_obtained":["hubris:PowerSurge"]},{"damage_healed":0,"gold_gain":0,"player_choice":"Ignored","damage_taken":0,"max_hp_gain":0,"max_hp_loss":0,"event_name":"Ghosts","floor":29,"gold_loss":0},{"damage_healed":0,"gold_gain":0,"player_choice":"Memory 1","damage_taken":0,"max_hp_gain":0,"max_hp_loss":0,"event_name":"SensoryStone","floor":38,"gold_loss":0},{"damage_healed":0,"gold_gain":0,"player_choice":"Max HP","damage_taken":0,"max_hp_gain":0,"max_hp_loss":4,"event_name":"Winding Halls","floor":39,"gold_loss":0}],"is_beta":false,"boss_relics":[{"not_picked":["hubris:BlackHole","hubris:Stopwatch"],"picked":"FrozenCore"},{"not_picked":[]}],"items_purged_floors":[],"is_endless":true,"potions_floor_spawned":[1,5,11,12,13,14,16,18,22,24,27,30,31,33,35,37,44,45,46],"killed_by":"Giant Head","ascension_level":20}}