{"host":"f6w7z8zvb0mi4wy9","time":1609434609,"event":{"mods":["BaseMod","Colored Map","Minty Spire (QoL Compilation)","READ ME - Guardian Mod","StSLib","SuperFastMode","The Bug Knight","The Disciple","The Jungle"],"gold_per_floor":[118,130,150,150,0,0,24,53,53,72,97,120,145,176,188,296,308,334,346,370,382,394,406,750,687,748,760,352,352,380,396,396,493,493,507,557,557,612,612,639,639,665,665,685,710,727,737,755,755,755,755,755,86,112,112],"floor_reached":56,"playtime":2044,"items_purged":["Strike_B","Strike_B"],"score":1360,"play_id":"056e7c1c-9a2d-41b5-9034-ab01589a94f3","local_time":"20210101021009","is_ascension_mode":false,"campfire_choices":[{"data":"Zap","floor":6,"key":"SMITH"},{"data":"Dualcast","floor":15,"key":"SMITH"},{"data":"Hologram","floor":23,"key":"SMITH"},{"floor":27,"key":"RECALL"},{"floor":32,"key":"REST"},{"data":"Streamline","floor":41,"key":"SMITH"},{"data":"Coolheaded","floor":49,"key":"SMITH"},{"data":"Beam Cell","floor":52,"key":"SMITH"}],"circlet_count":0,"master_deck":["Strike_B+1","Defend_B+1","Defend_B","Defend_B","Defend_B","Zap+1","Dualcast+1","Dramatic Entrance","Darkness","Ball Lightning","Hologram+1","Self Repair","Sunder","Coolheaded+1","Sweeping Beam","Double Energy+1","All For One","Streamline+1","All For One","Gash","Steam","Finesse+1","Beam Cell+1","All For One","Scrape+1","Hologram+1","Beam Cell+1","Self Repair+1","Beam Cell+1","Go for the Eyes+1","Go for the Eyes","Flash of Steel","Secret Technique","Steam"],"relics":["Cracked Core","Bronze Scales","CaptainsWheel","Pear","MawBank","Sozu","Vajra","Old Coin","Regal Pillow","Mercury Hourglass","Kunai","Torii","Philosopher\u0027s Stone","WingedGreaves","Mummified Hand","Thread and Needle","Pocketwatch","War Paint","Omamori","Question Card","InkBottle","Runic Capacitor","Centennial Puzzle","Toy Ornithopter"],"acts_visited":["Exordium","TheCity","TheBeyond","TheEnding"],"potions_floor_usage":[16,50,55,55],"damage_taken":[{"damage":0,"enemies":"Cultist","floor":1,"turns":4},{"damage":11,"enemies":"Jaw Worm","floor":2,"turns":3},{"damage":0,"enemies":"Small Slimes","floor":3,"turns":3},{"damage":23,"enemies":"Lagavulin","floor":8,"turns":6},{"damage":5,"enemies":"Gremlin Gang","floor":10,"turns":3},{"damage":6,"enemies":"Gremlin Nob","floor":11,"turns":4},{"damage":6,"enemies":"Red Slaver","floor":12,"turns":3},{"damage":0,"enemies":"2 Fungi Beasts","floor":13,"turns":2},{"damage":9,"enemies":"Exordium Wildlife","floor":14,"turns":2},{"damage":0,"enemies":"Slime Boss","floor":16,"turns":6},{"damage":12,"enemies":"Shell Parasite","floor":18,"turns":4},{"damage":7,"enemies":"2 Thieves","floor":20,"turns":3},{"damage":36,"enemies":"Gremlin Leader","floor":24,"turns":6},{"damage":6,"enemies":"Book of Stabbing","floor":30,"turns":4},{"damage":1,"enemies":"Chosen and Byrds","floor":31,"turns":3},{"damage":21,"enemies":"Collector","floor":33,"turns":6},{"damage":9,"enemies":"3 Darklings","floor":35,"turns":3},{"damage":0,"enemies":"Mind Bloom Boss Battle","floor":36,"turns":4},{"damage":33,"enemies":"2 Orb Walkers","floor":38,"turns":3},{"damage":0,"enemies":"Reptomancer","floor":40,"turns":6},{"damage":19,"enemies":"Nemesis","floor":42,"turns":5},{"damage":1,"enemies":"3 Shapes","floor":44,"turns":2},{"damage":1,"enemies":"HollowMod:StalkingDevout","floor":45,"turns":5},{"damage":0,"enemies":"Maw","floor":46,"turns":5},{"damage":0,"enemies":"Writhing Mass","floor":47,"turns":3},{"damage":1,"enemies":"Sphere and 2 Shapes","floor":48,"turns":4},{"damage":13,"enemies":"Awakened One","floor":50,"turns":10},{"damage":9,"enemies":"Shield and Spear","floor":54,"turns":5},{"damage":63,"enemies":"The Heart","floor":55,"turns":9}],"seed_played":"-8577930055342375685","potions_obtained":[{"floor":2,"key":"Strength Potion"},{"floor":8,"key":"Regen Potion"},{"floor":11,"key":"FocusPotion"},{"floor":16,"key":"Energy Potion"}],"is_trial":false,"path_per_floor":["M","M","M","?","$","R","T","E","T","M","E","M","M","M","R","B",null,"M","?","M","$","?","R","E","?","T","R","$","T","E","M","R","B",null,"M","?","T","?","T","E","R","E","T","M","E","M","M","M","R","B",null,"R","$","E","B",null],"character_chosen":"DEFECT","items_purchased":["Bronze Scales","Finesse","Mercury Hourglass","Flash of Steel","Runic Capacitor","Centennial Puzzle","Secret Technique"],"campfire_rested":1,"item_purchase_floors":[5,28,28,53,53,53,53],"current_hp_per_floor":[75,64,64,49,49,49,49,26,36,38,32,33,40,38,38,45,85,80,80,80,80,80,80,51,51,51,51,51,51,45,51,85,71,85,83,85,85,59,59,66,66,54,54,53,59,76,85,85,85,85,85,85,85,83,58],"gold":112,"neow_bonus":"RANDOM_COLORLESS","is_daily":false,"chose_seed":false,"campfire_upgraded":6,"win_rate":0.0,"timestamp":1609434609,"path_taken":["M","M","M","?","$","R","?","E","T","M","E","M","?","M","R","BOSS","M","?","?","$","?","R","E","?","T","R","$","?","E","M","R","BOSS","M","?","?","?","?","E","R","E","T","M","E","M","?","M","R","BOSS","R","$","E","BOSS"],"items_purchased_type":["Relic","Card","Relic","Card","Relic","Relic","Card"],"build_version":"2020-12-22","purchased_purges":2,"victory":true,"max_hp_per_floor":[75,75,75,75,75,75,75,75,85,85,85,85,85,85,85,85,85,85,85,85,85,85,85,85,85,85,85,85,85,85,85,85,85,85,85,85,85,85,85,85,85,85,85,85,85,85,85,85,85,85,85,85,85,85,85],"card_choices":[{"not_picked":["Forethought","Good Instincts"],"picked":"Dramatic Entrance","floor":0},{"not_picked":["Leap","Turbo"],"picked":"Darkness","floor":1},{"not_picked":["Barrage","Double Energy"],"picked":"Ball Lightning","floor":2},{"not_picked":["Rebound","Barrage"],"picked":"Hologram","floor":3},{"not_picked":["Redo","Chaos"],"picked":"Self Repair","floor":8},{"not_picked":["Turbo","Consume"],"picked":"Sunder","floor":10},{"not_picked":["Redo","Amplify"],"picked":"Coolheaded","floor":11},{"not_picked":["Aggregate","Hologram"],"picked":"Sweeping Beam","floor":12},{"not_picked":["Recycle","Reprogram"],"picked":"Double Energy","floor":13},{"not_picked":["Sweeping Beam","Sunder","Ball Lightning"],"picked":"SKIP","floor":14},{"not_picked":["Biased Cognition","Fission"],"picked":"All For One","floor":16},{"not_picked":["Sunder","Static Discharge"],"picked":"Streamline","floor":18},{"not_picked":["Streamline","Doom and Gloom"],"picked":"Gash","floor":20},{"not_picked":["Barrage","Heatsinks+1"],"picked":"Steam","floor":24},{"not_picked":["Ball Lightning","Thunder Strike","Lockon+1"],"picked":"SKIP","floor":30},{"not_picked":["Ball Lightning","Compile Driver"],"picked":"Beam Cell+1","floor":31},{"not_picked":["Meteor Strike","Amplify"],"picked":"All For One","floor":33},{"not_picked":["Turbo","Aggregate","Ball Lightning"],"picked":"SKIP","floor":35},{"not_picked":["Turbo","Ball Lightning+1"],"picked":"Scrape+1","floor":38},{"not_picked":["Barrage","Rip and Tear"],"picked":"Hologram+1","floor":40},{"not_picked":["Meteor Strike","Conserve Battery+1"],"picked":"Beam Cell+1","floor":42},{"not_picked":["Redo","Melter","Loop"],"picked":"Self Repair+1","floor":44},{"not_picked":["Force Field+1","Barrage+1","Turbo"],"picked":"Beam Cell","floor":45},{"not_picked":["Heatsinks","Stack+1","Consume","Sweeping Beam+1"],"picked":"SKIP","floor":46},{"not_picked":["Stack+1","Turbo","Compile Driver+1"],"picked":"Go for the Eyes+1","floor":47},{"not_picked":["Rip and Tear+1","Leap","Creative AI"],"picked":"Go for the Eyes","floor":48},{"not_picked":["Reinforced Body","Steam","Turbo+1","Steam Power+1"],"picked":"SKIP","floor":54},{"not_picked":["Reinforced Body","Turbo+1","Steam Power+1"],"picked":"Steam","floor":54}],"player_experience":842759,"relics_obtained":[{"floor":8,"key":"CaptainsWheel"},{"floor":9,"key":"Pear"},{"floor":11,"key":"MawBank"},{"floor":24,"key":"Old Coin"},{"floor":26,"key":"Regal Pillow"},{"floor":29,"key":"Kunai"},{"floor":30,"key":"Torii"},{"floor":36,"key":"WingedGreaves"},{"floor":37,"key":"Mummified Hand"},{"floor":38,"key":"Thread and Needle"},{"floor":39,"key":"Pocketwatch"},{"floor":40,"key":"War Paint"},{"floor":42,"key":"Omamori"},{"floor":43,"key":"Question Card"},{"floor":45,"key":"InkBottle"},{"floor":54,"key":"Toy Ornithopter"}],"event_choices":[{"damage_healed":0,"gold_gain":0,"player_choice":"Entered Light","damage_taken":15,"max_hp_gain":0,"max_hp_loss":0,"event_name":"Shining Light","floor":4,"gold_loss":0,"cards_upgraded":["Defend_B","Strike_B"]},{"damage_healed":0,"gold_gain":0,"player_choice":"Copied","damage_taken":0,"max_hp_gain":0,"max_hp_loss":0,"event_name":"Duplicator","floor":19,"gold_loss":0,"cards_obtained":["All For One"]},{"damage_healed":0,"gold_gain":0,"player_choice":"Opened","damage_taken":0,"relics_obtained":["Vajra"],"max_hp_gain":0,"max_hp_loss":0,"event_name":"The Mausoleum","floor":22,"gold_loss":0},{"cards_removed":["Strike_B"],"damage_healed":0,"gold_gain":0,"player_choice":"Gave Gold","damage_taken":0,"max_hp_gain":0,"max_hp_loss":0,"event_name":"Beggar","floor":25,"gold_loss":75},{"damage_healed":0,"gold_gain":0,"player_choice":"Fight","damage_taken":0,"max_hp_gain":0,"max_hp_loss":0,"event_name":"MindBloom","floor":36,"gold_loss":0},{"damage_healed":0,"gold_gain":0,"player_choice":"Fight","damage_taken":0,"max_hp_gain":0,"max_hp_loss":0,"event_name":"Mysterious Sphere","floor":38,"gold_loss":0}],"is_beta":false,"boss_relics":[{"not_picked":["Ectoplasm","SlaversCollar"],"picked":"Sozu"},{"not_picked":["Tiny House","Busted Crown"],"picked":"Philosopher\u0027s Stone"}],"items_purged_floors":[28,53],"is_endless":false,"potions_floor_spawned":[2,8,11,16,20,30,31,35,36,45,46,47],"ascension_level":0}}