{"host":"nskcj6qu6rcsb0l3","time":1609374630,"event":{"mods":["BaseMod","Better Match","Better Note","Minty Spire (QoL Compilation)","StSLib"],"gold_per_floor":[118,118,118,118,49,60,60,80,105,122,149,167,179,199,199,297,297,310,310,310,323,333,333,333],"floor_reached":23,"playtime":636,"items_purged":[],"score":195,"play_id":"f533305c-429e-4ee1-a6a5-610c1aa72d0d","local_time":"20201231013030","is_ascension_mode":false,"campfire_choices":[{"floor":15,"key":"REST"}],"circlet_count":0,"master_deck":["Strike_G","Strike_G","Strike_G","Strike_G","Strike_G+1","Defend_G","Defend_G+1","Defend_G","Defend_G","Defend_G","Survivor","Neutralize","Poisoned Stab+1","Noxious Fumes","Infinite Blades","Caltrops","Blur","Cloak And Dagger","Poisoned Stab","Caltrops+1","Footwork+1"],"relics":["Ring of the Serpent","NeowsBlessing","Sundial","Toy Ornithopter","Smiling Mask"],"acts_visited":["Exordium","TheCity"],"potions_floor_usage":[11,16,16,21],"damage_taken":[{"damage":0,"enemies":"Jaw Worm","floor":1,"turns":1},{"damage":0,"enemies":"2 Louse","floor":6,"turns":1},{"damage":0,"enemies":"Cultist","floor":8,"turns":1},{"damage":0,"enemies":"Blue Slaver","floor":10,"turns":3},{"damage":8,"enemies":"Lagavulin","floor":11,"turns":7},{"damage":3,"enemies":"3 Louse","floor":12,"turns":4},{"damage":4,"enemies":"2 Fungi Beasts","floor":13,"turns":4},{"damage":0,"enemies":"Looter","floor":14,"turns":4},{"damage":9,"enemies":"The Guardian","floor":16,"turns":8},{"damage":20,"enemies":"Spheric Guardian","floor":18,"turns":7},{"damage":0,"enemies":"Chosen","floor":21,"turns":6},{"damage":16,"enemies":"Snake Plant","floor":22,"turns":4},{"damage":37,"enemies":"Book of Stabbing","floor":23,"turns":7}],"seed_played":"-6007319070684010861","potions_obtained":[{"floor":10,"key":"DuplicationPotion"},{"floor":11,"key":"BlessingOfTheForge"},{"floor":13,"key":"DuplicationPotion"},{"floor":18,"key":"DistilledChaos"}],"is_trial":false,"path_per_floor":["M","?","?","?","$","M","$","M","T","M","E","M","M","M","R","B",null,"M","?","$","M","M","E"],"character_chosen":"THE_SILENT","items_purchased":["Noxious Fumes"],"campfire_rested":1,"item_purchase_floors":[5],"current_hp_per_floor":[70,70,56,44,44,44,44,44,44,44,41,38,34,34,55,56,70,50,43,43,48,32,0,0],"gold":333,"neow_bonus":"THREE_ENEMY_KILL","is_daily":false,"chose_seed":false,"campfire_upgraded":0,"win_rate":0.0,"timestamp":1609374630,"path_taken":["M","?","?","?","$","M","?","M","T","M","E","M","M","M","R","BOSS","M","?","$","M","M","E"],"items_purchased_type":["Card"],"build_version":"2020-12-22","purchased_purges":0,"victory":false,"max_hp_per_floor":[70,70,70,70,70,70,70,70,70,70,70,70,70,70,70,70,70,70,70,70,70,70,70,70],"card_choices":[{"not_picked":["PiercingWail","Prepared"],"picked":"Poisoned Stab","floor":1},{"not_picked":["Dagger Throw","Outmaneuver","Flechettes"],"picked":"SKIP","floor":6},{"not_picked":["Reflex","All Out Attack"],"picked":"Infinite Blades","floor":8},{"not_picked":["Deflect","Blade Dance"],"picked":"Caltrops","floor":10},{"not_picked":["Leg Sweep","PiercingWail"],"picked":"Blur","floor":11},{"not_picked":["Poisoned Stab","Masterful Stab"],"picked":"Cloak And Dagger","floor":12},{"not_picked":["Endless Agony","Flying Knee","Acrobatics"],"picked":"SKIP","floor":13},{"not_picked":["Deadly Poison","Terror"],"picked":"Poisoned Stab","floor":14},{"not_picked":["PiercingWail","Quick Slash+1"],"picked":"Caltrops+1","floor":18},{"not_picked":["Poisoned Stab","Backflip"],"picked":"Footwork+1","floor":21},{"not_picked":["Deflect","Outmaneuver","Sucker Punch"],"picked":"SKIP","floor":22}],"player_experience":995310,"relics_obtained":[{"floor":9,"key":"Toy Ornithopter"},{"floor":11,"key":"Smiling Mask"}],"event_choices":[{"damage_healed":0,"gold_gain":0,"player_choice":"Grow","damage_taken":0,"max_hp_gain":0,"max_hp_loss":0,"event_name":"Living Wall","floor":2,"gold_loss":0,"cards_upgraded":["Poisoned Stab"]},{"damage_healed":0,"gold_gain":0,"player_choice":"Entered Light","damage_taken":14,"max_hp_gain":0,"max_hp_loss":0,"event_name":"Shining Light","floor":3,"gold_loss":0,"cards_upgraded":["Strike_G","Defend_G"]},{"damage_healed":0,"gold_gain":0,"player_choice":"Success","damage_taken":12,"relics_obtained":["Sundial"],"max_hp_gain":0,"max_hp_loss":0,"event_name":"Scrap Ooze","floor":4,"gold_loss":0},{"damage_healed":0,"gold_gain":0,"player_choice":"Damaged","damage_taken":7,"max_hp_gain":0,"max_hp_loss":0,"event_name":"Wheel of Change","floor":19,"gold_loss":0}],"is_beta":false,"boss_relics":[{"not_picked":["Coffee Dripper","Runic Dome"],"picked":"Ring of the Serpent"}],"items_purged_floors":[],"is_endless":false,"potions_floor_spawned":[10,11,13,18],"killed_by":"Book of Stabbing","ascension_level":0}}