{"host":"w3x3n9s6mrz4xpf0","time":1609419711,"event":{"mods":["BaseMod","Minty Spire (QoL Compilation)","StSLib","SuperFastMode"],"gold_per_floor":[112,129,148,166,166,166,199,217,217,251,266,281,313,313,313,408,408,428,378,392,408,507,536,536,565,565,565,579,359,436,467,467,562,562,573,573,623,643,324,358,358,386,432,432,459,476,436,448,448,448],"floor_reached":51,"playtime":1884,"items_purged":["Strike_G","Strike_G","Defend_G"],"score":1498,"play_id":"f7da4352-dc73-4fe1-86e5-1f154daba4d2","local_time":"20201231220151","is_ascension_mode":true,"campfire_choices":[{"data":"Neutralize","floor":6.0,"key":"SMITH"},{"data":"Night Terror","floor":15.0,"key":"SMITH"},{"data":"A Thousand Cuts","floor":24.0,"key":"SMITH"},{"data":"Terror","floor":27.0,"key":"SMITH"},{"data":"Tactician","floor":32.0,"key":"SMITH"},{"data":"Escape Plan","floor":41.0,"key":"SMITH"},{"data":"Backflip","floor":44.0,"key":"SMITH"},{"data":"Survivor","floor":49,"key":"SMITH"}],"circlet_count":0,"master_deck":["AscendersBane","Defend_G","Defend_G+1","Defend_G","Survivor+1","Neutralize+1","Blade Dance+1","Terror+1","Backflip+1","Night Terror+1","Escape Plan+1","A Thousand Cuts+1","Expertise+1","Storm of Steel+1","Prepared+1","Tactician+1","Cloak And Dagger+1","Reflex+1","Acrobatics+1","Madness+1","Madness+1","Reflex+1","Calculated Gamble+1"],"relics":["Black Star","Matryoshka","Smiling Mask","Mercury Hourglass","Meat on the Bone","Tingsha","Lizard Tail","The Courier","Lantern","Astrolabe","Singing Bowl","Bottled Tornado","Potion Belt","InkBottle","Frozen Egg 2","Toxic Egg 2","War Paint","Molten Egg 2","Du-Vu Doll","Question Card","Coffee Dripper","Ginger","Sundial","Nunchaku","CaptainsWheel","Bronze Scales","Calipers","Pen Nib","Kunai","Bag of Marbles"],"acts_visited":["TheCity","TheBeyond"],"potions_floor_usage":[47,50,50,50,50],"damage_taken":[{"damage":0.0,"enemies":"Cultist","floor":1.0,"turns":5.0},{"damage":0.0,"enemies":"Small Slimes","floor":2.0,"turns":4.0},{"damage":0.0,"enemies":"Jaw Worm","floor":3.0,"turns":5.0},{"damage":20.0,"enemies":"Exordium Thugs","floor":4.0,"turns":7.0},{"damage":30.0,"enemies":"3 Sentries","floor":7.0,"turns":10.0},{"damage":1.0,"enemies":"Blue Slaver","floor":8.0,"turns":3.0},{"damage":12.0,"enemies":"Lagavulin","floor":10.0,"turns":8.0},{"damage":4.0,"enemies":"Red Slaver","floor":11.0,"turns":3.0},{"damage":0.0,"enemies":"3 Louse","floor":12.0,"turns":3.0},{"damage":30.0,"enemies":"3 Sentries","floor":13.0,"turns":9.0},{"damage":15.0,"enemies":"Slime Boss","floor":16.0,"turns":12.0},{"damage":0.0,"enemies":"Spheric Guardian","floor":18.0,"turns":1.0},{"damage":11.0,"enemies":"Shell Parasite","floor":20.0,"turns":3.0},{"damage":5.0,"enemies":"Snecko","floor":21.0,"turns":3.0},{"damage":18.0,"enemies":"Book of Stabbing","floor":23.0,"turns":4.0},{"damage":15.0,"enemies":"Gremlin Leader","floor":25.0,"turns":4.0},{"damage":9.0,"enemies":"Centurion and Healer","floor":28.0,"turns":3.0},{"damage":4.0,"enemies":"Slavers","floor":31.0,"turns":2.0},{"damage":10.0,"enemies":"Automaton","floor":33.0,"turns":4.0},{"damage":0.0,"enemies":"3 Darklings","floor":35.0,"turns":2.0},{"damage":16.0,"enemies":"Mind Bloom Boss Battle","floor":37.0,"turns":3.0},{"damage":0.0,"enemies":"Orb Walker","floor":38.0,"turns":2.0},{"damage":0.0,"enemies":"Giant Head","floor":40.0,"turns":1.0},{"damage":0.0,"enemies":"Nemesis","floor":42.0,"turns":1.0},{"damage":0.0,"enemies":"Giant Head","floor":45.0,"turns":2.0},{"damage":2,"enemies":"4 Shapes","floor":46,"turns":2},{"damage":0,"enemies":"3 Darklings","floor":48,"turns":1},{"damage":0,"enemies":"Donu and Deca","floor":50,"turns":1}],"seed_played":"-5993821276243544392","potions_obtained":[{"floor":1.0,"key":"LiquidBronze"},{"floor":7.0,"key":"ColorlessPotion"},{"floor":11.0,"key":"GhostInAJar"},{"floor":13.0,"key":"Strength Potion"},{"floor":16.0,"key":"AttackPotion"},{"floor":20.0,"key":"Poison Potion"},{"floor":28.0,"key":"CunningPotion"},{"floor":31.0,"key":"CultistPotion"},{"floor":40.0,"key":"CunningPotion"},{"floor":42.0,"key":"Explosive Potion"},{"floor":47,"key":"Fruit Juice"},{"floor":47,"key":"LiquidMemories"},{"floor":47,"key":"EssenceOfSteel"},{"floor":48,"key":"Strength Potion"}],"is_trial":false,"path_per_floor":["M","M","M","M","?","R","E","M","T","E","M","M","E","?","R","B",null,"M","$","M","M","?","E","R","E","T","R","M","$","T","E","R","B",null,"M","?","?","M","$","E","R","E","T","R","E","M","?","M","R","B",null],"character_chosen":"THE_SILENT","items_purchased":["Reflex+1","War Paint","Sundial","Calculated Gamble+1"],"campfire_rested":0,"item_purchase_floors":[29,29,39,39],"current_hp_per_floor":[63,63,63,43,48,48,18,17,17,17,25,37,19,19,19,16,60,60,60,49,44,44,40,40,37,37,37,40,40,40,50,50,42,71,71,61,45,47,47,49,49,51,51,51,53,53,58,60,60,60],"gold":448,"neow_bonus":"BOSS_RELIC","is_daily":false,"chose_seed":false,"campfire_upgraded":8,"win_rate":0.0,"timestamp":1609419711,"path_taken":["M","M","M","M","?","R","E","M","T","E","M","M","E","?","R","BOSS","M","$","M","?","?","E","R","E","T","R","M","?","?","E","R","BOSS","M","?","?","M","$","E","R","E","T","R","E","M","?","M","R","BOSS"],"items_purchased_type":["Card","Relic","Relic","Card"],"build_version":"2020-12-22","purchased_purges":3,"victory":true,"max_hp_per_floor":[70,70,70,70,75,75,75,75,75,75,75,75,75,75,75,75,75,75,75,75,75,75,77,77,77,77,77,77,77,77,79,79,81,81,81,81,81,83,83,85,85,87,87,87,89,91,96,98,98,98],"card_choices":[{"not_picked":["Prepared","Underhanded Strike"],"picked":"Blade Dance","floor":1.0},{"not_picked":["Bane","Predator","Flying Knee"],"picked":"SKIP","floor":2.0},{"not_picked":["Poisoned Stab","Dodge and Roll","Flying Knee"],"picked":"SKIP","floor":3.0},{"not_picked":["Noxious Fumes","Footwork"],"picked":"Terror","floor":4.0},{"not_picked":["Bouncing Flask","All Out Attack"],"picked":"Backflip","floor":7.0},{"not_picked":["Cloak And Dagger","Tactician","Blade Dance"],"picked":"SKIP","floor":8.0},{"not_picked":["Bane","Setup","Catalyst"],"picked":"SKIP","floor":10.0},{"not_picked":["Backflip","Blade Dance","Leg Sweep"],"picked":"SKIP","floor":11.0},{"not_picked":["Caltrops","Predator","Dagger Spray"],"picked":"SKIP","floor":12.0},{"not_picked":["Endless Agony","Reflex"],"picked":"Night Terror","floor":13.0},{"not_picked":["Phantasmal Killer","Malaise"],"picked":"A Thousand Cuts","floor":16.0},{"not_picked":["Dagger Spray","Deflect","Bane"],"picked":"SKIP","floor":18.0},{"not_picked":["Expertise+1","Quick Slash","Dagger Spray"],"picked":"SKIP","floor":20.0},{"not_picked":["Sucker Punch","Cloak And Dagger","Poisoned Stab"],"picked":"SKIP","floor":21.0},{"not_picked":["Underhanded Strike","Cloak And Dagger","Dodge and Roll"],"picked":"Singing Bowl","floor":23.0},{"not_picked":["Underhanded Strike","Bane+1"],"picked":"Tactician","floor":25.0},{"not_picked":["Prepared+1","Dagger Spray"],"picked":"Cloak And Dagger+1","floor":28.0},{"not_picked":["PiercingWail+1","Storm of Steel+1","Infinite Blades+1"],"picked":"Singing Bowl","floor":31.0},{"not_picked":["Night Terror+1","Wraith Form v2+1","Corpse Explosion+1","Storm of Steel+1"],"picked":"Singing Bowl","floor":33.0},{"not_picked":["Backflip+1","Slice+1","Underhanded Strike+1"],"picked":"Acrobatics+1","floor":35.0},{"not_picked":["Cloak And Dagger+1","Dagger Throw+1","Heel Hook+1"],"picked":"Reflex+1","floor":37.0},{"not_picked":["Deadly Poison+1","Deflect+1","Wraith Form v2+1","Backflip+1"],"picked":"Singing Bowl","floor":38.0},{"not_picked":["Acrobatics+1","Expertise+1","Slice+1","Dagger Throw+1"],"picked":"Singing Bowl","floor":40.0},{"not_picked":["Poisoned Stab+1","Deadly Poison+1","Calculated Gamble+1","Grand Finale+1"],"picked":"Singing Bowl","floor":42.0},{"not_picked":["Sucker Punch+1","Crippling Poison+1","Underhanded Strike+1","Skewer+1"],"picked":"Singing Bowl","floor":45.0},{"not_picked":["Deflect+1","Bane+1","Backflip+1","Setup+1"],"picked":"Singing Bowl","floor":46},{"not_picked":["Bane+1","Finisher+1","Infinite Blades+1","Tactician+1"],"picked":"Singing Bowl","floor":48}],"player_experience":83633,"relics_obtained":[{"floor":7.0,"key":"Matryoshka"},{"floor":7.0,"key":"Smiling Mask"},{"floor":9.0,"key":"Mercury Hourglass"},{"floor":9.0,"key":"Meat on the Bone"},{"floor":10.0,"key":"Tingsha"},{"floor":10.0,"key":"Lizard Tail"},{"floor":13.0,"key":"The Courier"},{"floor":13.0,"key":"Lantern"},{"floor":23.0,"key":"Singing Bowl"},{"floor":23.0,"key":"Bottled Tornado"},{"floor":25.0,"key":"Potion Belt"},{"floor":25.0,"key":"InkBottle"},{"floor":26.0,"key":"Frozen Egg 2"},{"floor":26.0,"key":"Toxic Egg 2"},{"floor":30.0,"key":"Molten Egg 2"},{"floor":31.0,"key":"Du-Vu Doll"},{"floor":31.0,"key":"Question Card"},{"floor":37.0,"key":"Ginger"},{"floor":40.0,"key":"Nunchaku"},{"floor":40.0,"key":"CaptainsWheel"},{"floor":42.0,"key":"Bronze Scales"},{"floor":42.0,"key":"Calipers"},{"floor":43.0,"key":"Pen Nib"},{"floor":45.0,"key":"Kunai"},{"floor":45.0,"key":"Bag of Marbles"}],"event_choices":[{"damage_healed":0.0,"max_hp_gain":5.0,"max_hp_loss":0.0,"gold_gain":0.0,"event_name":"Big Fish","player_choice":"Donut","floor":5.0,"gold_loss":0.0,"damage_taken":0.0},{"damage_healed":0.0,"max_hp_gain":0.0,"max_hp_loss":0.0,"gold_gain":0.0,"cards_transformed":["Strike_G"],"event_name":"Transmorgrifier","player_choice":"Transformed","floor":14.0,"gold_loss":0.0,"damage_taken":0.0,"cards_obtained":["Escape Plan"]},{"damage_healed":0.0,"max_hp_gain":0.0,"max_hp_loss":0.0,"gold_gain":99.0,"event_name":"Nest","player_choice":"Stole From Cult","floor":22.0,"gold_loss":0.0,"damage_taken":0.0},{"damage_healed":0.0,"max_hp_gain":0.0,"max_hp_loss":0.0,"gold_gain":0.0,"event_name":"Winding Halls","player_choice":"Embrace Madness","floor":36.0,"gold_loss":0.0,"damage_taken":10.0,"cards_obtained":["Madness","Madness"]},{"damage_healed":0.0,"max_hp_gain":0.0,"max_hp_loss":0.0,"gold_gain":0.0,"event_name":"MindBloom","player_choice":"Fight","floor":37.0,"gold_loss":0.0,"damage_taken":0.0},{"damage_healed":0,"gold_gain":0,"player_choice":"Bought 3 Potions","damage_taken":0,"max_hp_gain":0,"max_hp_loss":0,"event_name":"The Woman in Blue","floor":47,"gold_loss":0}],"is_beta":false,"boss_relics":[{"not_picked":["SlaversCollar","Tiny House"],"picked":"Astrolabe"},{"not_picked":["Fusion Hammer","SacredBark"],"picked":"Coffee Dripper"}],"items_purged_floors":[19,29,39],"is_endless":false,"potions_floor_spawned":[1,7,11,13,16,20,28,31,40,42,48],"ascension_level":10}}