{"host":"x7xd4wkamhrqrrvw","time":1609450919,"event":{"mods":["BaseMod","Minty Spire (QoL Compilation)","StSLib"],"gold_per_floor":[116,191,203,219,219,249,63,63,63],"floor_reached":8,"playtime":318,"items_purged":["Strike_B"],"score":90,"play_id":"52f4dde6-282f-43f5-8486-75f751481d10","local_time":"20201231194159","is_ascension_mode":true,"campfire_choices":[],"circlet_count":0,"master_deck":["AscendersBane","Strike_B+1","Strike_B","Strike_B","Defend_B","Defend_B","Defend_B","Defend_B","Zap","Dualcast","Chill+1","Capacitor","Defragment"],"relics":["SlaversCollar","Toy Ornithopter"],"acts_visited":["Exordium"],"potions_floor_usage":[6,6,8],"damage_taken":[{"damage":4,"enemies":"Jaw Worm","floor":1,"turns":4},{"damage":5,"enemies":"2 Louse","floor":3,"turns":3},{"damage":3,"enemies":"Cultist","floor":4,"turns":6},{"damage":25,"enemies":"3 Sentries","floor":6,"turns":8},{"damage":18,"enemies":"Lagavulin","floor":8,"turns":7}],"seed_played":"2995553060103541767","potions_obtained":[{"floor":1,"key":"LiquidBronze"},{"floor":3,"key":"Dexterity Potion"}],"is_trial":false,"path_per_floor":["M","?","M","M","?","E","$","E"],"character_chosen":"DEFECT","items_purchased":["Defragment","DuplicationPotion"],"campfire_rested":0,"item_purchase_floors":[7,7],"current_hp_per_floor":[64,53,48,45,30,5,5,0,0],"gold":63,"neow_bonus":"BOSS_RELIC","is_daily":false,"chose_seed":false,"campfire_upgraded":0,"win_rate":0.0,"timestamp":1609450919,"path_taken":["M","?","M","M","?","E","$","E"],"items_purchased_type":["Card","Potion"],"build_version":"2020-12-22","purchased_purges":1,"victory":false,"max_hp_per_floor":[75,75,75,75,75,75,75,75,75],"card_choices":[{"not_picked":["Heatsinks","Sweeping Beam"],"picked":"Chill","floor":1},{"not_picked":["Hologram","Turbo","Sunder"],"picked":"SKIP","floor":3},{"not_picked":["Turbo","Hologram","Beam Cell"],"picked":"SKIP","floor":4},{"not_picked":["Lockon","Cold Snap"],"picked":"Capacitor","floor":6}],"player_experience":260397,"relics_obtained":[{"floor":6,"key":"Toy Ornithopter"}],"event_choices":[{"damage_healed":0,"gold_gain":75,"player_choice":"Gather Gold","damage_taken":11,"max_hp_gain":0,"max_hp_loss":0,"event_name":"World of Goop","floor":2,"gold_loss":0},{"damage_healed":0,"gold_gain":0,"player_choice":"Entered Light","damage_taken":15,"max_hp_gain":0,"max_hp_loss":0,"event_name":"Shining Light","floor":5,"gold_loss":0,"cards_upgraded":["Strike_B","Chill"]}],"is_beta":false,"boss_relics":[],"items_purged_floors":[7],"is_endless":false,"potions_floor_spawned":[1,3],"killed_by":"Lagavulin","ascension_level":12}}