{"host":"6r341r9cz00j2qc1","time":1609379639,"event":{"mods":["BaseMod","Better Third Choice","Downfall","GungeonMod","Hermit","Lobotomy","LobotomyExtend","Minty Spire (QoL Compilation)","Shop Mod","StSLib"],"gold_per_floor":[117,129,304,322,322,322,350,360,440,440,460,475,475,489,489,591,591,610,610,610],"floor_reached":19,"playtime":1147,"items_purged":[],"score":171,"play_id":"38fdd849-7f60-49ab-9e5c-c8f879de0df9","local_time":"20201231025359","is_ascension_mode":false,"campfire_choices":[{"data":"hermit:BlackWind","floor":6,"key":"SMITH"},{"floor":15,"key":"REST"}],"circlet_count":0,"master_deck":["hermit:Strike_Hermit","hermit:Strike_Hermit","hermit:Strike_Hermit","hermit:Strike_Hermit","hermit:Defend_Hermit","hermit:Defend_Hermit","hermit:Defend_Hermit","hermit:Defend_Hermit","hermit:Snapshot","hermit:Covet","ShyLook","hermit:BlackWind+1","Wellcheers","Doubt","OldLady","hermit:BodyArmor","Scorched","hermit:GoldenBullet","OSAHOGD","hermit:Feint","Mercenary","hermit:Manifest","Bloodbath","hermit:WideOpen","hermit:BlackWind","FieryBird","hermit:BodyArmor"],"relics":["hermit:ClaspedLocket","CogitoBucket","LetterFromLob","DemoMod:MeltedRock","HellTrain"],"acts_visited":["Exordium","TheCity"],"potions_floor_usage":[7,16,16,16],"damage_taken":[{"damage":1,"enemies":"2 Louse","floor":1,"turns":2},{"damage":0,"enemies":"Jaw Worm","floor":2,"turns":4},{"damage":0,"enemies":"Cultist","floor":4,"turns":3},{"damage":27,"enemies":"Gremlin Nob","floor":7,"turns":4},{"damage":11,"enemies":"3 Louse","floor":8,"turns":2},{"damage":0,"enemies":"Blue Slaver","floor":11,"turns":1},{"damage":0,"enemies":"Gremlin Gang","floor":12,"turns":1},{"damage":0,"enemies":"Looter","floor":14,"turns":4},{"damage":56,"enemies":"Slime Boss","floor":16,"turns":9},{"damage":21,"enemies":"3 Byrds","floor":18,"turns":4},{"damage":59,"enemies":"Chosen","floor":19,"turns":3}],"seed_played":"4965450387605058692","potions_obtained":[{"floor":1,"key":"AttackPotion"},{"floor":4,"key":"DistilledChaos"},{"floor":8,"key":"EssenceOfSteel"},{"floor":12,"key":"sneckomod:MuddlingPotion"}],"is_trial":false,"path_per_floor":["M","M","?","M","?","R","E","M","T","?","M","M","?","M","R","B",null,"M","M"],"character_chosen":"HERMIT","items_purchased":[],"campfire_rested":1,"item_purchase_floors":[],"current_hp_per_floor":[74,74,74,75,75,75,48,37,37,49,49,49,49,53,75,26,75,55,0,0],"gold":610,"neow_bonus":"","is_daily":false,"chose_seed":false,"campfire_upgraded":1,"win_rate":0.0,"timestamp":1609379639,"path_taken":["M","M","?","M","?","R","E","?","T","?","M","M","?","M","R","BOSS","M","?"],"items_purchased_type":[],"build_version":"2020-12-22","purchased_purges":0,"victory":false,"max_hp_per_floor":[75,75,75,75,75,75,75,75,75,75,75,75,75,75,75,75,75,75,75,75],"card_choices":[{"not_picked":["Murderer","PunishingBird","MHz"],"picked":"Singing Bowl","floor":1},{"not_picked":["MHz","CrumblingArmor"],"picked":"ShyLook","floor":1},{"not_picked":["hermit:Midnight","hermit:WideOpen"],"picked":"hermit:BlackWind","floor":1},{"not_picked":["MHz","RedShoes"],"picked":"Wellcheers","floor":2},{"not_picked":["hermit:Dive","hermit:Desperado"],"picked":"hermit:NoHoldsBarred","floor":2},{"not_picked":["FairyFestival","HeroicMonk","BeautyBeast"],"picked":"Singing Bowl","floor":4},{"not_picked":["UniverseFragment","VoidDream"],"picked":"OldLady","floor":4},{"not_picked":["hermit:ItchyTrigger","hermit:NoHoldsBarred"],"picked":"hermit:BodyArmor","floor":4},{"not_picked":["Murderer","MeatLantern","DreamingCurrent"],"picked":"Singing Bowl","floor":7},{"not_picked":["BeautyBeast","LongBird"],"picked":"Scorched","floor":7},{"not_picked":["hermit:Maintenance","hermit:FullyLoaded"],"picked":"hermit:GoldenBullet","floor":7},{"not_picked":["Murderer","CrumblingArmor","BeautyBeast"],"picked":"Singing Bowl","floor":8},{"not_picked":["NakedNest","Freischutz"],"picked":"OSAHOGD","floor":8},{"not_picked":["hermit:Purgatory","hermit:Cheat"],"picked":"hermit:Feint","floor":8},{"not_picked":["VoidDream","Rudolta","Murderer"],"picked":"Singing Bowl","floor":11},{"not_picked":["Murderer","Yin"],"picked":"Mercenary","floor":11},{"not_picked":["hermit:GoldenBullet","hermit:Combo"],"picked":"hermit:Manifest","floor":11},{"not_picked":["Scarecrow","SpiderBud"],"picked":"Bloodbath","floor":12},{"not_picked":["hermit:Cheat","hermit:Desperado","hermit:Enervate"],"picked":"SKIP","floor":12},{"not_picked":["CrumblingArmor","Laetitia","Porccubus"],"picked":"Singing Bowl","floor":14},{"not_picked":["hermit:Roulette","hermit:CalledShot"],"picked":"hermit:WideOpen","floor":14},{"not_picked":["RedShoes","CherryBlossoms","MeatLantern"],"picked":"Singing Bowl","floor":16},{"not_picked":["hermit:FatalDesire","hermit:RoundhouseKick"],"picked":"hermit:BlackWind","floor":16},{"not_picked":["VoidDream","FairyFestival"],"picked":"FieryBird","floor":18},{"not_picked":["hermit:ItchyTrigger","hermit:TrackingShot"],"picked":"hermit:BodyArmor","floor":18}],"player_experience":452151,"relics_obtained":[{"floor":1,"key":"LetterFromLob"},{"floor":9,"key":"DemoMod:MeltedRock"}],"event_choices":[{"damage_healed":0,"gold_gain":175,"player_choice":"AGREE","damage_taken":129,"max_hp_gain":0,"max_hp_loss":0,"event_name":"betterThird:BetterSerpent","floor":3,"gold_loss":0},{"damage_healed":0,"gold_gain":0,"player_choice":"Ignored","damage_taken":0,"max_hp_gain":0,"max_hp_loss":0,"event_name":"Fountain of Cleansing","floor":5,"gold_loss":0},{"damage_healed":0,"gold_gain":0,"player_choice":"Ignored","damage_taken":0,"max_hp_gain":0,"max_hp_loss":0,"event_name":"NoteForYourself","floor":13,"gold_loss":0}],"is_beta":false,"boss_relics":[{"not_picked":["Busted Crown","Snecko Eye"],"picked":"hermit:ClaspedLocket"}],"items_purged_floors":[],"is_endless":false,"potions_floor_spawned":[1,4,8,12],"killed_by":"Chosen","ascension_level":0}}