{"host":"h0xw20cia6ppa69g","time":1609402557,"event":{"mods":["AchievementEnabler","BaseMod","Colored Map","Filter the Spire","Googly Eyes","Minty Spire (QoL Compilation)","Relic Stats","StSLib","The Awakened One except there are too many feathers","everything is the same but u backflip on backflip"],"gold_per_floor":[119,119,135,135,150,150,179,98,98,130,145,162,224,236,236,332,332,346,34,34,48,58,91,91,91,91,102,128,138,167,180,180,180,180,193,208,226,7,26,51,66,66,66,66,114,143,161,192,192,192,192,192,93,128,128],"floor_reached":56,"playtime":4133,"items_purged":[],"score":1414,"play_id":"057d7a1c-6e0a-48c0-92cd-26356eb09b67","local_time":"20201231021557","is_ascension_mode":true,"campfire_choices":[{"data":"Consume","floor":6.0,"key":"SMITH"},{"data":"Loop","floor":15.0,"key":"SMITH"},{"data":"Loop","floor":25.0,"key":"SMITH"},{"data":"Amplify","floor":32.0,"key":"SMITH"},{"floor":42,"key":"RECALL"},{"data":"Seek","floor":49,"key":"SMITH"},{"data":"Heatsinks","floor":52,"key":"SMITH"}],"circlet_count":0,"master_deck":["Dualcast","Seek+1","Doom and Gloom","Amplify+1","Rainbow","Auto Shields","Lockon","Beam Cell","Consume+1","Sweeping Beam","Steam","Loop+1","Loop+1","Turbo","Heatsinks+1","Core Surge","Tempest+1","Reinforced Body+1","Defragment+1","Coolheaded","Glacier","Core Surge","White Noise","Go for the Eyes","Biased Cognition","Meteor Strike","Biased Cognition","Stack","Undo+1","Go for the Eyes+1","Amplify+1","Self Repair","Hologram+1","Redo+1","Electrodynamics","Loop+1","Aggregate+1","Machine Learning+1","Turbo","Fusion+1"],"relics":["Pandora\u0027s Box","Gambling Chip","Thread and Needle","Pen Nib","Du-Vu Doll","Mummified Hand","Nloth\u0027s Gift","Omamori","InkBottle","Matryoshka","Toy Ornithopter","Runic Pyramid","DollysMirror","Pear","Blue Candle","Ancient Tea Set","Happy Flower","Frozen Egg 2","Gremlin Horn","Cables"],"acts_visited":["Exordium","TheCity","TheBeyond","TheEnding"],"potions_floor_usage":[39,47,55,55,55],"damage_taken":[{"damage":0.0,"enemies":"Jaw Worm","floor":1.0,"turns":4.0},{"damage":0.0,"enemies":"Small Slimes","floor":3.0,"turns":3.0},{"damage":0.0,"enemies":"Cultist","floor":5.0,"turns":2.0},{"damage":27.0,"enemies":"3 Sentries","floor":7.0,"turns":6.0},{"damage":1.0,"enemies":"Gremlin Nob","floor":10.0,"turns":3.0},{"damage":0.0,"enemies":"3 Louse","floor":11.0,"turns":2.0},{"damage":2.0,"enemies":"2 Fungi Beasts","floor":12.0,"turns":4.0},{"damage":6.0,"enemies":"Gremlin Nob","floor":13.0,"turns":3.0},{"damage":0.0,"enemies":"Exordium Thugs","floor":14.0,"turns":2.0},{"damage":19.0,"enemies":"The Guardian","floor":16.0,"turns":8.0},{"damage":30.0,"enemies":"3 Byrds","floor":18.0,"turns":5.0},{"damage":2.0,"enemies":"Shell Parasite","floor":21.0,"turns":7.0},{"damage":0.0,"enemies":"Cultist and Chosen","floor":22.0,"turns":5.0},{"damage":5.0,"enemies":"Gremlin Leader","floor":23.0,"turns":10.0},{"damage":1.0,"enemies":"Shelled Parasite and Fungi","floor":27.0,"turns":4.0},{"damage":5.0,"enemies":"Slavers","floor":28.0,"turns":3.0},{"damage":0.0,"enemies":"Snake Plant","floor":29.0,"turns":3.0},{"damage":4.0,"enemies":"Book of Stabbing","floor":30.0,"turns":7.0},{"damage":0.0,"enemies":"Snecko","floor":31.0,"turns":4.0},{"damage":3.0,"enemies":"Collector","floor":33.0,"turns":5.0},{"damage":0,"enemies":"3 Shapes","floor":35,"turns":4},{"damage":5,"enemies":"Orb Walker","floor":36,"turns":4},{"damage":7,"enemies":"Spire Growth","floor":37,"turns":5},{"damage":11,"enemies":"3 Darklings","floor":39,"turns":8},{"damage":0,"enemies":"Giant Head","floor":40,"turns":12},{"damage":1,"enemies":"Writhing Mass","floor":41,"turns":6},{"damage":3,"enemies":"Nemesis","floor":46,"turns":7},{"damage":34,"enemies":"Jaw Worm Horde","floor":47,"turns":6},{"damage":3,"enemies":"Giant Head","floor":48,"turns":7},{"damage":34,"enemies":"Donu and Deca","floor":50,"turns":8},{"damage":6,"enemies":"Shield and Spear","floor":54,"turns":7},{"damage":81,"enemies":"The Heart","floor":55,"turns":9}],"seed_played":"-2295629233980031915","potions_obtained":[{"floor":3.0,"key":"SpeedPotion"},{"floor":4.0,"key":"SteroidPotion"},{"floor":4.0,"key":"BlessingOfTheForge"},{"floor":12.0,"key":"Fruit Juice"},{"floor":23.0,"key":"Strength Potion"},{"floor":30.0,"key":"ColorlessPotion"},{"floor":31.0,"key":"Regen Potion"},{"floor":39,"key":"BlessingOfTheForge"},{"floor":41,"key":"PotionOfCapacity"},{"floor":48,"key":"Strength Potion"}],"is_trial":false,"path_per_floor":["M","?","M","?","M","R","E","$","T","E","M","M","?","M","R","B",null,"M","$","?","M","M","E","?","R","T","M","E","M","E","M","R","B",null,"M","M","M","$","M","E","M","R","T","$","T","E","M","E","R","B",null,"R","$","E","B",null],"character_chosen":"DEFECT","items_purchased":["Loop","Mummified Hand","Coolheaded","DollysMirror","Self Repair","Turbo","PotionOfCapacity"],"campfire_rested":0,"item_purchase_floors":[8,19,19,38,38,53,53],"current_hp_per_floor":[75,80,80,80,80,80,53,53,53,52,52,50,44,44,44,25,80,50,50,50,48,48,48,48,48,48,47,42,42,38,38,38,35,85,85,80,73,73,85,95,95,95,95,95,95,95,75,86,86,66,95,95,95,95,27],"gold":128,"neow_bonus":"BOSS_RELIC","is_daily":false,"chose_seed":false,"campfire_upgraded":6,"win_rate":0.0,"timestamp":1609402557,"path_taken":["M","?","M","?","?","R","E","$","T","E","M","M","?","M","R","BOSS","M","$","?","M","?","E","?","R","T","M","E","M","E","M","R","BOSS","M","?","?","$","M","E","M","R","T","$","?","E","M","E","R","BOSS","R","$","E","BOSS"],"items_purchased_type":["Card","Relic","Card","Relic","Card","Card","Potion"],"build_version":"2020-12-22","purchased_purges":0,"victory":true,"max_hp_per_floor":[75,80,80,80,80,80,80,80,80,80,80,80,80,80,80,80,80,80,80,80,80,80,85,85,85,85,85,85,85,85,85,85,85,85,85,85,85,85,85,95,95,95,95,95,95,95,95,95,95,95,95,95,95,95,95],"relic_stats":{"Happy Flower":[14],"Gremlin Horn":[2,2],"counters":[32,170],"Blue Candle":[0],"Pen Nib":[22],"Cables":[7,1,4,1,1],"Mummified Hand":[283],"Gambling Chip":[80],"Pandora\u0027s Box":["Stack","Seek","Doom and Gloom","Amplify","Rainbow","Hello World","Auto Shields","Lockon"],"Nloth\u0027s Gift":8,"obtain_stats":[{"Pear":40,"Happy Flower":45,"Gremlin Horn":48,"Astrolabe":17,"Blue Candle":43,"Thread and Needle":9,"Pen Nib":10,"Omamori":23,"Frozen Egg 2":46,"Ancient Tea Set":45,"Cables":54,"Du-Vu Doll":13,"Matryoshka":28,"Mummified Hand":19,"DollysMirror":38,"Gambling Chip":7,"Pandora\u0027s Box":0,"Nloth\u0027s Gift":20,"Cracked Core":0,"InkBottle":26,"Toy Ornithopter":30,"Runic Pyramid":34},{"Pear":25,"Happy Flower":26,"Gremlin Horn":29,"Astrolabe":10,"Blue Candle":26,"Thread and Needle":4,"Pen Nib":5,"Omamori":14,"Frozen Egg 2":27,"Ancient Tea Set":26,"Cables":31,"Du-Vu Doll":7,"Matryoshka":16,"Mummified Hand":11,"DollysMirror":23,"Gambling Chip":4,"Pandora\u0027s Box":0,"Nloth\u0027s Gift":11,"Cracked Core":0,"InkBottle":14,"Toy Ornithopter":18,"Runic Pyramid":20},{"Pear":122,"Happy Flower":128,"Gremlin Horn":148,"Astrolabe":37,"Blue Candle":128,"Thread and Needle":15,"Pen Nib":18,"Omamori":64,"Frozen Egg 2":135,"Ancient Tea Set":128,"Cables":162,"Du-Vu Doll":24,"Matryoshka":71,"Mummified Hand":42,"DollysMirror":103,"Gambling Chip":15,"Pandora\u0027s Box":0,"Nloth\u0027s Gift":42,"Cracked Core":0,"InkBottle":64,"Toy Ornithopter":81,"Runic Pyramid":90}],"InkBottle":[57],"Toy Ornithopter":6},"card_choices":[{"not_picked":["Steam","Rebound"],"picked":"Beam Cell","floor":1.0},{"not_picked":["Conserve Battery","Go for the Eyes"],"picked":"Consume","floor":3.0},{"not_picked":["Leap","Fusion"],"picked":"Sweeping Beam","floor":5.0},{"not_picked":["Go for the Eyes","Rebound"],"picked":"Steam","floor":7.0},{"not_picked":["Reprogram","Gash","Storm"],"picked":"SKIP","floor":10.0},{"not_picked":["Storm","Blizzard"],"picked":"Loop","floor":11.0},{"not_picked":["Gash","Thunder Strike"],"picked":"Auto Shields","floor":12.0},{"not_picked":["Cold Snap","Redo"],"picked":"Turbo","floor":13.0},{"not_picked":["Static Discharge","Ball Lightning"],"picked":"Heatsinks","floor":14.0},{"not_picked":["Thunder Strike","Buffer"],"picked":"Core Surge","floor":16.0},{"not_picked":["Storm","Consume","Fusion"],"picked":"SKIP","floor":18.0},{"not_picked":["Blizzard","Beam Cell","Rebound"],"picked":"SKIP","floor":21.0},{"not_picked":["Streamline+1","Steam+1"],"picked":"Glacier","floor":22.0},{"not_picked":["Reinforced Body","Beam Cell+1"],"picked":"Core Surge","floor":23.0},{"not_picked":["Beam Cell","Fusion"],"picked":"Go for the Eyes","floor":27.0},{"not_picked":["BootSequence","Gash"],"picked":"Biased Cognition","floor":28.0},{"not_picked":["Melter","Go for the Eyes"],"picked":"Meteor Strike","floor":29.0},{"not_picked":["Steam Power","Core Surge"],"picked":"Biased Cognition","floor":30.0},{"not_picked":["Tempest","FTL"],"picked":"Stack","floor":31.0},{"not_picked":["Gash","Compile Driver+1"],"picked":"Undo+1","floor":35},{"not_picked":["Go for the Eyes","Beam Cell+1","Coolheaded+1"],"picked":"SKIP","floor":36},{"not_picked":["Genetic Algorithm","Scrape+1"],"picked":"Go for the Eyes+1","floor":37},{"not_picked":["Streamline","Lockon+1"],"picked":"Hologram+1","floor":39},{"not_picked":["Barrage+1","Streamline+1"],"picked":"Redo+1","floor":40},{"not_picked":["Amplify","Ball Lightning+1"],"picked":"Electrodynamics","floor":41},{"not_picked":["Hyperbeam","Ball Lightning+1"],"picked":"Loop+1","floor":46},{"not_picked":["Steam+1","Hologram+1"],"picked":"Aggregate+1","floor":47},{"not_picked":["Biased Cognition+1","FTL+1"],"picked":"Machine Learning+1","floor":48},{"not_picked":["Fission","Undo"],"picked":"Fusion+1","floor":54}],"player_experience":3580799,"relics_obtained":[{"floor":7.0,"key":"Gambling Chip"},{"floor":9.0,"key":"Thread and Needle"},{"floor":10.0,"key":"Pen Nib"},{"floor":23.0,"key":"Omamori"},{"floor":26.0,"key":"InkBottle"},{"floor":28.0,"key":"Matryoshka"},{"floor":30.0,"key":"Toy Ornithopter"},{"floor":40,"key":"Pear"},{"floor":43,"key":"Blue Candle"},{"floor":45,"key":"Ancient Tea Set"},{"floor":45,"key":"Happy Flower"},{"floor":46,"key":"Frozen Egg 2"},{"floor":48,"key":"Gremlin Horn"},{"floor":54,"key":"Cables"}],"event_choices":[{"damage_healed":0.0,"max_hp_gain":5.0,"max_hp_loss":0.0,"gold_gain":0.0,"event_name":"Big Fish","player_choice":"Donut","floor":2.0,"gold_loss":0.0,"damage_taken":0.0},{"damage_healed":0.0,"max_hp_gain":0.0,"max_hp_loss":0.0,"gold_gain":0.0,"event_name":"Lab","player_choice":"Got Potions","floor":4.0,"gold_loss":0.0,"damage_taken":0.0},{"damage_healed":0.0,"max_hp_gain":0.0,"max_hp_loss":0.0,"gold_gain":0.0,"event_name":"Dead Adventurer","player_choice":"Searched \u00272\u0027 times","floor":13.0,"gold_loss":0.0,"damage_taken":0.0,"relics_obtained":["Du-Vu Doll"]},{"damage_healed":0.0,"max_hp_gain":0.0,"max_hp_loss":0.0,"gold_gain":0.0,"event_name":"N\u0027loth","player_choice":"Traded Relic","floor":20.0,"relics_lost":["Astrolabe"],"gold_loss":0.0,"damage_taken":0.0,"relics_obtained":["Nloth\u0027s Gift"]},{"damage_healed":0.0,"max_hp_gain":0.0,"max_hp_loss":0.0,"gold_gain":0.0,"cards_transformed":["Stack"],"event_name":"Transmorgrifier","player_choice":"Transformed","floor":24.0,"gold_loss":0.0,"damage_taken":0.0,"cards_obtained":["White Noise"]}],"is_beta":false,"boss_relics":[{"not_picked":["Tiny House","Sozu"],"picked":"Astrolabe"},{"not_picked":["SlaversCollar","Runic Dome"],"picked":"Runic Pyramid"}],"items_purged_floors":[],"is_endless":false,"potions_floor_spawned":[3,5,10,12,23,27,30,31,39,41,46,48],"ascension_level":1}}