{"host":"97bfbul5vt0mksxl","time":1609387774,"event":{"mods":["BaseMod","Colored Powertips","Highlight Path","Infinite Spire","Minty Spire (QoL Compilation)","Replay The Spire","Shop Mod","StSLib","SuperFastMode"],"gold_per_floor":[119,138,154,2,2,30,30,30,30,47,47,47,59,87,87,186,186,200,220,220,89,106,106,106],"floor_reached":23,"playtime":928,"items_purged":[],"score":226,"play_id":"32263d9c-417d-4b96-965a-0d75dc0706fc","local_time":"20201231010934","is_ascension_mode":false,"campfire_choices":[{"data":"PathToVictory","floor":8,"key":"SMITH"},{"floor":15,"key":"REST"}],"circlet_count":0,"master_deck":["Strike_P","Strike_P","Strike_P","Strike_P","Defend_P","Defend_P","Defend_P","Eruption","Vigilance","SandsOfTime","Weave","FlyingSleeves","PathToVictory+1","Prostrate","FollowUp","FlyingSleeves","JustLucky","Establishment","EmptyFist","MentalFortress+1","Crescendo","Replay:ManipulateFuture+1"],"relics":["PureWater","PreservedInsect","Dream Catcher","Regal Pillow","Quantum Egg","infinitespire:ShieldingShard","ReplayFunnel","Black Star","MerchantsRug"],"acts_visited":["Exordium","TheCity"],"potions_floor_usage":[6,16,23],"damage_taken":[{"damage":0,"enemies":"Cultist","floor":1,"turns":2},{"damage":0,"enemies":"Small Slimes","floor":2,"turns":3},{"damage":1,"enemies":"Jaw Worm","floor":3,"turns":4},{"damage":5,"enemies":"Lagavulin","floor":6,"turns":3},{"damage":21,"enemies":"Gremlin Gang","floor":10,"turns":5},{"damage":0,"enemies":"Large Slime","floor":13,"turns":3},{"damage":0,"enemies":"Gremlin Nob","floor":14,"turns":2},{"damage":65,"enemies":"Fading Forest","floor":16,"turns":11},{"damage":4,"enemies":"Shell Parasite","floor":18,"turns":4},{"damage":27,"enemies":"3 Byrds","floor":19,"turns":6},{"damage":8,"enemies":"Snecko","floor":22,"turns":5},{"damage":40,"enemies":"Slavers","floor":23,"turns":4}],"seed_played":"7973602554396674250","potions_obtained":[{"floor":1,"key":"Fire Potion"},{"floor":3,"key":"Venom Potion"},{"floor":14,"key":"Energy Potion"},{"floor":18,"key":"SkillPotion"},{"floor":19,"key":"Swift Potion"},{"floor":22,"key":"Weak Potion"}],"is_trial":false,"path_per_floor":["M","M","M","$","?","E","$","R","T","M","?","?","M","E","R","B",null,"M","M","?","$","M","E"],"character_chosen":"WATCHER","items_purchased":["PreservedInsect","MerchantsRug"],"campfire_rested":1,"item_purchase_floors":[4,21],"current_hp_per_floor":[79,79,78,78,78,73,73,73,73,52,52,52,52,52,79,14,79,75,48,48,48,40,0,0],"gold":106,"neow_bonus":"TEN_PERCENT_HP_BONUS","is_daily":false,"chose_seed":false,"campfire_upgraded":1,"win_rate":0.0,"timestamp":1609387774,"path_taken":["M","M","M","$","?","E","$","R","T","M","?","?","M","E","R","BOSS","M","?","?","?","?","E"],"items_purchased_type":["Relic","Relic"],"build_version":"2020-12-22","purchased_purges":0,"victory":false,"max_hp_per_floor":[79,79,79,79,79,79,79,79,79,79,79,79,79,79,79,79,79,79,79,79,79,79,79,79],"card_choices":[{"not_picked":["ThirdEye","WreathOfFlame"],"picked":"SandsOfTime","floor":1},{"not_picked":["Replay:AtTheReady","Study"],"picked":"Weave","floor":2},{"not_picked":["Replay:Hum","Replay:Vibes"],"picked":"FlyingSleeves","floor":3},{"not_picked":["Judgement","Protect"],"picked":"PathToVictory","floor":6},{"not_picked":["SashWhip","CrushJoints"],"picked":"Prostrate","floor":10},{"not_picked":["JustLucky","CarveReality"],"picked":"FollowUp","floor":13},{"not_picked":["Indignation","Evaluate"],"picked":"FlyingSleeves","floor":14},{"not_picked":["Replay:Battleflow","Indignation"],"picked":"JustLucky","floor":15},{"not_picked":["Judgement","Blasphemy"],"picked":"Establishment","floor":16},{"not_picked":["Sanctity","BowlingBash"],"picked":"EmptyFist","floor":18},{"not_picked":["EmptyMind","FlurryOfBlows"],"picked":"MentalFortress+1","floor":19},{"not_picked":["CarveReality","MentalFortress"],"picked":"Replay:ManipulateFuture+1","floor":22}],"player_experience":163172,"relics_obtained":[{"floor":5,"key":"Dream Catcher"},{"floor":6,"key":"Regal Pillow"},{"floor":9,"key":"Quantum Egg"},{"floor":14,"key":"ReplayFunnel"}],"event_choices":[{"damage_healed":0,"gold_gain":0,"player_choice":"Leave","damage_taken":0,"max_hp_gain":0,"max_hp_loss":0,"event_name":"The Cleric","floor":11,"gold_loss":0},{"damage_healed":0,"gold_gain":0,"player_choice":"Gave Potion","damage_taken":0,"relics_obtained":["infinitespire:ShieldingShard"],"max_hp_gain":0,"max_hp_loss":0,"event_name":"WeMeetAgain","floor":12,"gold_loss":0},{"damage_healed":0,"gold_gain":0,"cards_transformed":["Defend_P"],"player_choice":"Transformed","damage_taken":0,"max_hp_gain":0,"max_hp_loss":0,"event_name":"Transmorgrifier","floor":20,"gold_loss":0,"cards_obtained":["Crescendo"]}],"is_beta":false,"boss_relics":[{"not_picked":["Coffee Dripper","Fusion Hammer"],"picked":"Black Star"}],"items_purged_floors":[],"is_endless":false,"potions_floor_spawned":[1,3,14,18,19,22],"killed_by":"Slavers","ascension_level":0}}