{"host":"08sn1703g14rasc1","time":1609390683,"event":{"mods":["AchievementEnabler","BaseMod","Colored Map","Colored Powertips","Hermit","Minty Spire (QoL Compilation)","StSLib"],"gold_per_floor":[364,329,342,342,407,432,432,482,782,782,812,830,830,338,338,441,441,454,145,195,260,310,310,310,310,310],"floor_reached":25,"playtime":2005,"items_purged":["hermit:Strike_Hermit"],"score":307,"play_id":"e43899c5-08ee-404f-b15d-7f3b1e2b154e","local_time":"20201230205803","is_ascension_mode":true,"campfire_choices":[{"floor":7.0,"key":"REST"},{"floor":10.0,"key":"REST"},{"floor":13.0,"key":"REST"},{"floor":15.0,"key":"REST"},{"floor":23.0,"key":"REST"}],"circlet_count":0,"master_deck":["hermit:Strike_Hermit+1","hermit:Strike_Hermit+1","hermit:Defend_Hermit+1","hermit:Defend_Hermit+1","hermit:Snapshot","hermit:Covet","hermit:Grudge","hermit:HighCaliber","hermit:BodyArmor","hermit:Dive","hermit:HighNoon+1","hermit:LuckOfTheDraw","hermit:HighCaliber","hermit:Dissolve","hermit:Vantage+1","hermit:Showdown+1","hermit:Maintenance+1","hermit:WideOpen","hermit:FlashPowder"],"relics":["hermit:Momento","SsserpentHead","Du-Vu Doll","Old Coin","HornCleat","Pear","hermit:PetGhost","Astrolabe","Singing Bowl"],"acts_visited":["Exordium","TheCity"],"potions_floor_usage":[24,25],"damage_taken":[{"damage":7.0,"enemies":"Small Slimes","floor":1.0,"turns":3.0},{"damage":7.0,"enemies":"Jaw Worm","floor":3.0,"turns":2.0},{"damage":0.0,"enemies":"Cultist","floor":5.0,"turns":2.0},{"damage":37.0,"enemies":"Gremlin Nob","floor":6.0,"turns":5.0},{"damage":24.0,"enemies":"3 Sentries","floor":11.0,"turns":8.0},{"damage":13.0,"enemies":"Large Slime","floor":12.0,"turns":7.0},{"damage":153.0,"enemies":"The Guardian","floor":16.0,"turns":23.0},{"damage":27.0,"enemies":"2 Thieves","floor":18.0,"turns":5.0},{"damage":28.0,"enemies":"Chosen","floor":21.0,"turns":6.0},{"damage":50,"enemies":"3 Cultists","floor":24,"turns":6},{"damage":100005,"enemies":"Book of Stabbing","floor":25,"turns":4}],"seed_played":"1670687771257547677","potions_obtained":[{"floor":1.0,"key":"FairyPotion"},{"floor":5.0,"key":"Fire Potion"},{"floor":8.0,"key":"FairyPotion"},{"floor":8.0,"key":"Energy Potion"},{"floor":18.0,"key":"CultistPotion"},{"floor":21.0,"key":"Weak Potion"}],"is_trial":false,"path_per_floor":["M","?","M","?","M","E","R","?","T","R","E","M","R","$","R","B",null,"M","$","?","M","?","R","M","E"],"character_chosen":"HERMIT","items_purchased":["Pear","hermit:PetGhost","hermit:HighCaliber","Singing Bowl","SmokeBomb"],"campfire_rested":5,"item_purchase_floors":[14,14,14,19,19],"current_hp_per_floor":[43,61,54,54,54,17,39,39,39,61,37,24,46,56,81,25,70,43,43,43,15,15,40,1,0,0],"gold":310,"neow_bonus":"TWO_FIFTY_GOLD","is_daily":false,"chose_seed":false,"campfire_upgraded":0,"win_rate":0.0,"timestamp":1609390683,"path_taken":["M","?","M","?","?","E","R","?","T","R","E","M","R","$","R","BOSS","M","?","?","?","?","R","M","E"],"items_purchased_type":["Relic","Relic","Card","Relic","Potion"],"build_version":"2020-12-22","purchased_purges":1,"victory":false,"max_hp_per_floor":[75,75,75,75,75,75,75,75,75,75,75,75,75,85,85,85,85,85,85,85,85,85,85,85,85,85],"card_choices":[{"not_picked":["hermit:LuckOfTheDraw","hermit:SprayPray"],"picked":"hermit:Grudge","floor":1.0},{"not_picked":["hermit:Showdown","hermit:LowProfile"],"picked":"hermit:HighCaliber","floor":3.0},{"not_picked":["hermit:WideOpen","hermit:Ricochet"],"picked":"hermit:BodyArmor","floor":5.0},{"not_picked":["hermit:Ricochet","hermit:WideOpen"],"picked":"hermit:Dive","floor":6.0},{"not_picked":["hermit:Misfire","hermit:Deadeye"],"picked":"hermit:HighNoon","floor":11.0},{"not_picked":["hermit:NoHoldsBarred","hermit:Headshot"],"picked":"hermit:LuckOfTheDraw","floor":12.0},{"not_picked":["hermit:BlackWind","hermit:Purgatory"],"picked":"hermit:Dissolve","floor":16.0},{"not_picked":["hermit:Misfire+1","hermit:LowProfile+1"],"picked":"hermit:WideOpen","floor":18.0},{"not_picked":["hermit:ItchyTrigger+1","hermit:Manifest"],"picked":"hermit:FlashPowder","floor":21.0}],"player_experience":456128,"relics_obtained":[{"floor":6.0,"key":"Du-Vu Doll"},{"floor":9.0,"key":"Old Coin"},{"floor":11.0,"key":"HornCleat"}],"event_choices":[{"damage_healed":18.0,"max_hp_gain":0.0,"max_hp_loss":0.0,"gold_gain":0.0,"event_name":"The Cleric","player_choice":"Healed","floor":2.0,"gold_loss":35.0,"damage_taken":0.0},{"damage_healed":0.0,"max_hp_gain":0.0,"max_hp_loss":0.0,"gold_gain":0.0,"event_name":"FaceTrader","player_choice":"Trade","floor":4.0,"gold_loss":0.0,"damage_taken":0.0,"relics_obtained":["SsserpentHead"]},{"damage_healed":0.0,"max_hp_gain":0.0,"max_hp_loss":0.0,"gold_gain":0.0,"event_name":"Lab","player_choice":"Got Potions","floor":8.0,"gold_loss":0.0,"damage_taken":0.0},{"damage_healed":0.0,"max_hp_gain":0.0,"max_hp_loss":0.0,"gold_gain":0.0,"event_name":"Upgrade Shrine","player_choice":"Upgraded","floor":20.0,"gold_loss":0.0,"damage_taken":0.0,"cards_upgraded":["hermit:HighNoon"]},{"damage_healed":0.0,"max_hp_gain":0.0,"max_hp_loss":0.0,"gold_gain":0.0,"event_name":"Back to Basics","player_choice":"Simplicity","floor":22.0,"gold_loss":0.0,"damage_taken":0.0,"cards_upgraded":["hermit:Strike_Hermit","hermit:Strike_Hermit","hermit:Defend_Hermit","hermit:Defend_Hermit"]}],"is_beta":false,"boss_relics":[{"not_picked":["Tiny House","Runic Dome"],"picked":"Astrolabe"}],"items_purged_floors":[14],"is_endless":false,"potions_floor_spawned":[1,5,18,21],"killed_by":"Book of Stabbing","ascension_level":7}}