{"host":"m77rrhbqzv44va4v","time":1609408110,"event":{"mods":["AchievementEnabler","BaseMod","Colored Map","DeckTracker","Keyboard Shortcuts","Minty Spire (QoL Compilation)","StSLib","SuperFastMode","everything is the same but u backflip on backflip"],"gold_per_floor":[117,130,130,130,142,168,168,193,243,243,253,284,284,158,158,230,230,243,259,275,7,7,7,7,7],"floor_reached":24,"playtime":374,"items_purged":["Strike_R","Strike_R"],"score":502,"play_id":"02c85094-d746-49c6-81da-4c3456c8c371","local_time":"20201231184830","is_ascension_mode":true,"campfire_choices":[{"data":"Bludgeon","floor":7.0,"key":"SMITH"},{"data":"Double Tap","floor":10.0,"key":"SMITH"},{"floor":15.0,"key":"REST"},{"floor":23,"key":"REST"}],"circlet_count":0,"master_deck":["AscendersBane","Strike_R","Strike_R","Strike_R","Defend_R","Defend_R","Defend_R","Defend_R","Bash","Bludgeon+1","Evolve","Double Tap+1","Shrug It Off+1","Perfected Strike","Pommel Strike","Impervious","Battle Trance"],"relics":["Black Blood","NeowsBlessing","Paper Frog","Vajra","Centennial Puzzle","Bottled Lightning","Sling"],"acts_visited":["Exordium","TheCity"],"potions_floor_usage":[24,24],"damage_taken":[{"damage":0.0,"enemies":"Cultist","floor":1.0,"turns":1.0},{"damage":0.0,"enemies":"Small Slimes","floor":2.0,"turns":1.0},{"damage":0.0,"enemies":"2 Louse","floor":5.0,"turns":1.0},{"damage":40.0,"enemies":"Lagavulin","floor":6.0,"turns":5.0},{"damage":15.0,"enemies":"3 Sentries","floor":8.0,"turns":7.0},{"damage":0.0,"enemies":"Large Slime","floor":11.0,"turns":4.0},{"damage":40.0,"enemies":"Lagavulin","floor":12.0,"turns":4.0},{"damage":0.0,"enemies":"Slime Boss","floor":16.0,"turns":3.0},{"damage":22.0,"enemies":"2 Thieves","floor":18.0,"turns":2.0},{"damage":33,"enemies":"Spheric Guardian","floor":19,"turns":4},{"damage":27,"enemies":"Snecko","floor":20,"turns":5},{"damage":46,"enemies":"Book of Stabbing","floor":24,"turns":5}],"seed_played":"-5755827127547776901","potions_obtained":[{"floor":6.0,"key":"Explosive Potion"},{"floor":8.0,"key":"DistilledChaos"},{"floor":16.0,"key":"GamblersBrew"},{"floor":19,"key":"Regen Potion"},{"floor":20,"key":"Block Potion"}],"is_trial":false,"path_per_floor":["M","M","?","?","M","E","R","E","T","R","M","E","?","$","R","B",null,"M","M","M","$","?","R","E"],"character_chosen":"IRONCLAD","items_purchased":["Pommel Strike","Sling"],"campfire_rested":2,"item_purchase_floors":[14,21],"current_hp_per_floor":[74,75,80,80,80,46,46,37,37,37,43,9,14,14,38,44,71,61,40,25,25,25,49,17,17],"gold":7,"neow_bonus":"THREE_ENEMY_KILL","is_daily":false,"chose_seed":false,"campfire_upgraded":2,"win_rate":0.0,"timestamp":1609408110,"path_taken":["M","M","?","?","?","E","R","E","T","R","M","E","?","$","R","BOSS","M","M","M","$","?","R","E"],"items_purchased_type":["Card","Relic"],"build_version":"2020-12-22","purchased_purges":2,"victory":false,"max_hp_per_floor":[75,75,80,80,80,80,80,80,80,80,80,80,80,80,80,80,80,80,80,80,80,80,80,80,80],"card_choices":[{"not_picked":["Havoc","Clash","Heavy Blade"],"picked":"SKIP","floor":1.0},{"not_picked":["True Grit","Clash"],"picked":"Heavy Blade","floor":2.0},{"not_picked":["Flex","Headbutt"],"picked":"Evolve","floor":5.0},{"not_picked":["Exhume","Rage","Evolve"],"picked":"SKIP","floor":6.0},{"not_picked":["Armaments","Iron Wave"],"picked":"Double Tap","floor":8.0},{"not_picked":["Iron Wave","Cleave"],"picked":"Shrug It Off","floor":11.0},{"not_picked":["Sword Boomerang","Heavy Blade"],"picked":"Perfected Strike","floor":12.0},{"not_picked":["Brutality","Exhume"],"picked":"Impervious","floor":16.0},{"not_picked":["Twin Strike+1","True Grit","Warcry"],"picked":"SKIP","floor":18.0},{"not_picked":["Thunderclap","Twin Strike+1","Juggernaut"],"picked":"SKIP","floor":19},{"not_picked":["Whirlwind","Thunderclap"],"picked":"Battle Trance","floor":20}],"player_experience":856304,"relics_obtained":[{"floor":6.0,"key":"Paper Frog"},{"floor":8.0,"key":"Vajra"},{"floor":9.0,"key":"Centennial Puzzle"},{"floor":12.0,"key":"Bottled Lightning"}],"event_choices":[{"damage_healed":0.0,"max_hp_gain":5.0,"max_hp_loss":0.0,"gold_gain":0.0,"event_name":"Big Fish","player_choice":"Donut","floor":3.0,"gold_loss":0.0,"damage_taken":0.0},{"damage_healed":0.0,"max_hp_gain":0.0,"max_hp_loss":0.0,"gold_gain":0.0,"event_name":"Match and Keep!","player_choice":"1 cards matched","floor":4.0,"gold_loss":0.0,"damage_taken":0.0,"cards_obtained":["Bludgeon"]},{"cards_removed":["Heavy Blade"],"damage_healed":5.0,"max_hp_gain":0.0,"max_hp_loss":0.0,"gold_gain":0.0,"event_name":"Bonfire Elementals","player_choice":"Offered Common","floor":13.0,"gold_loss":0.0,"damage_taken":0.0},{"cards_removed":["Heavy Blade"],"damage_healed":5.0,"max_hp_gain":0.0,"max_hp_loss":0.0,"gold_gain":0.0,"event_name":"Bonfire Elementals","player_choice":"Offered Special","floor":13.0,"gold_loss":0.0,"damage_taken":0.0},{"damage_healed":0,"gold_gain":0,"player_choice":"Forge","damage_taken":0,"max_hp_gain":0,"max_hp_loss":0,"event_name":"Accursed Blacksmith","floor":22,"gold_loss":0,"cards_upgraded":["Shrug It Off"]}],"is_beta":false,"boss_relics":[{"not_picked":["Coffee Dripper","Snecko Eye"],"picked":"Black Blood"}],"items_purged_floors":[14,21],"is_endless":false,"potions_floor_spawned":[6,8,16,19,20],"killed_by":"Book of Stabbing","ascension_level":18}}