{"host":"9tch52zpouts7b2p","time":1609394486,"event":{"mods":["BaseMod","Colored Map","Minty Spire (QoL Compilation)","StSLib","UnlockEverythingMod"],"gold_per_floor":[119,119,119,137,64,96,106,26,26,41,61,11,11,30,30,133,133,153,38,38,38],"floor_reached":20,"playtime":802,"items_purged":["Strike_B"],"score":199,"play_id":"d74cf498-f94d-4ad2-a1e1-9584f469a335","local_time":"20201231140126","is_ascension_mode":false,"campfire_choices":[{"floor":13,"key":"REST"},{"floor":15,"key":"REST"}],"circlet_count":0,"master_deck":["Strike_B","Defend_B","Defend_B","Defend_B","Defend_B","Zap","Dualcast","Rebound","Static Discharge","Stack","Streamline","All For One","Barrage","Defragment","Beam Cell","Undo","Barrage","Buffer","Loop+1","Defragment","Sunder"],"relics":["Cracked Core","NeowsBlessing","Strawberry","Regal Pillow","Smiling Mask","InkBottle","Empty Cage"],"acts_visited":["Exordium","TheCity"],"potions_floor_usage":[7,7,16,18],"damage_taken":[{"damage":0,"enemies":"Cultist","floor":1,"turns":1},{"damage":0,"enemies":"2 Louse","floor":4,"turns":1},{"damage":0,"enemies":"Gremlin Nob","floor":6,"turns":1},{"damage":6,"enemies":"Jaw Worm","floor":7,"turns":2},{"damage":14,"enemies":"Exordium Wildlife","floor":10,"turns":3},{"damage":16,"enemies":"Red Slaver","floor":11,"turns":3},{"damage":8,"enemies":"Gremlin Gang","floor":14,"turns":3},{"damage":20,"enemies":"Slime Boss","floor":16,"turns":8},{"damage":41,"enemies":"2 Thieves","floor":18,"turns":4},{"damage":45,"enemies":"3 Byrds","floor":20,"turns":4}],"seed_played":"-1360064678260747220","potions_obtained":[{"floor":1,"key":"Swift Potion"},{"floor":4,"key":"FearPotion"},{"floor":10,"key":"DistilledChaos"},{"floor":16,"key":"FocusPotion"}],"is_trial":false,"path_per_floor":["M","T","?","M","$","E","M","$","T","M","M","$","R","M","R","B",null,"M","$","M"],"character_chosen":"DEFECT","items_purchased":["Stack","Streamline","Defragment","Defragment","Sunder"],"campfire_rested":2,"item_purchase_floors":[5,5,8,19,19],"current_hp_per_floor":[75,82,57,57,57,57,51,51,51,37,21,21,60,52,82,62,82,41,41,0,0],"gold":38,"neow_bonus":"THREE_ENEMY_KILL","is_daily":false,"chose_seed":false,"campfire_upgraded":0,"win_rate":0.0,"timestamp":1609394486,"path_taken":["M","?","?","M","?","E","?","?","T","M","M","$","R","M","R","BOSS","M","$","M"],"items_purchased_type":["Card","Card","Card","Card","Card"],"build_version":"2020-12-22","purchased_purges":1,"victory":false,"max_hp_per_floor":[75,82,82,82,82,82,82,82,82,82,82,82,82,82,82,82,82,82,82,82,82],"card_choices":[{"not_picked":["Redo","Steam"],"picked":"Rebound","floor":1},{"not_picked":["Recycle","Steam"],"picked":"Static Discharge","floor":4},{"not_picked":["Consume","Ball Lightning"],"picked":"All For One","floor":6},{"not_picked":["Gash","Hologram"],"picked":"Barrage","floor":7},{"not_picked":["Rebound","Sweeping Beam"],"picked":"Beam Cell","floor":10},{"not_picked":["Redo","Barrage"],"picked":"Undo","floor":11},{"not_picked":["Stack","Leap"],"picked":"Barrage","floor":14},{"not_picked":["Multi-Cast","Thunder Strike"],"picked":"Buffer","floor":16},{"not_picked":["Compile Driver+1","Static Discharge+1"],"picked":"Loop+1","floor":18}],"player_experience":82939,"relics_obtained":[{"floor":2,"key":"Strawberry"},{"floor":6,"key":"Smiling Mask"},{"floor":9,"key":"InkBottle"}],"event_choices":[{"damage_healed":0,"gold_gain":0,"player_choice":"Success","damage_taken":25,"relics_obtained":["Regal Pillow"],"max_hp_gain":0,"max_hp_loss":0,"event_name":"Scrap Ooze","floor":3,"gold_loss":0}],"is_beta":false,"boss_relics":[{"not_picked":["FrozenCore","Sozu"],"picked":"Empty Cage"}],"items_purged_floors":[12],"is_endless":false,"potions_floor_spawned":[1,4,10,16],"killed_by":"3 Byrds","ascension_level":0}}