{"host":"68ryiucqar8jyfi2","time":1609436652,"event":{"mods":["2.2 Compatiblity","Act Like it!","Aspiration","BaseMod","Better Match","Better Note","Better Skull","Better Third Choice","CCEM","CapriCore","Curses Come First","Defuse TimeMaze Blight","Displayed Cursed Tome","Emptier Cage","Energized Spire","Friendly Minions","GifTheSpireLib","HexUI Lib","Hubris","Hyrulean Relics","Infinite Spire","Minty Spire (QoL Compilation)","Permanent Neow","RNG Fix","Replay The Spire","Robot Space Explorer","StSLib","Stuff the Spire","The Blue Laboratory","Trackpad","Transform Curses","Uncapped","Wandering Minibosses"],"gold_per_floor":[117,779,779,558,558,558,405,405,405,405,433,465,465,171,171,267,267,280,24,24,24,24,24,24,51,51,51,51],"floor_reached":27,"playtime":539,"items_purged":["Strike_B","Strike_B"],"score":229,"play_id":"039de6da-8199-4149-bb5c-78c2def41a61","local_time":"20201231174412","daily_mods":["Vintage","Heirloom","Flight"],"is_ascension_mode":false,"campfire_choices":[{"data":"Zap","floor":6,"key":"SMITH"},{"data":"Dualcast","floor":8,"key":"SMITH"},{"floor":10,"key":"REST"},{"floor":13,"key":"REST"},{"data":"Defragment","floor":15,"key":"SMITH"},{"data":"Buffer","floor":23,"key":"SMITH"}],"circlet_count":0,"master_deck":["Strike_B+1","Strike_B","Defend_B","Defend_B","Defend_B","Defend_B","Zap+1","Dualcast+1","Buffer+1","Defragment+1","StuffTheSpire:DeathNote"],"relics":["FrozenCore","CaptainsWheel","trackpad:ToughGloves","trackpad:CultistFigurine","hubris:BallOfYels","zeldaRelics:CourageTriforce","DataDisk","Chemical X","Ornamental Fan","hubris:HerbalPaste","zeldaRelics:WisdomPiece"],"acts_visited":["Exordium","TheCity"],"potions_floor_usage":[16,25],"damage_taken":[{"damage":0,"enemies":"Cultist","floor":1,"turns":3},{"damage":18,"enemies":"Gremlin Nob","floor":11,"turns":3},{"damage":21,"enemies":"3 Sentries","floor":12,"turns":8},{"damage":17,"enemies":"The Guardian","floor":16,"turns":8},{"damage":21,"enemies":"3 Byrds","floor":18,"turns":9},{"damage":12,"enemies":"Book of Stabbing","floor":25,"turns":7}],"seed_played":"2452649404976842817","potions_obtained":[{"floor":5,"key":"blueLaboratory:AbyssPotion"},{"floor":5,"key":"blueLaboratory:BottledHope"},{"floor":5,"key":"blueLaboratory:PyrophylliteBrew"},{"floor":12,"key":"GamblersBrew"}],"is_trial":true,"path_per_floor":["M","?","?","$","?","R","$","R","T","R","E","E","R","$","R","B",null,"M","$","?","$","?","R","$","E","T","?"],"character_chosen":"DEFECT","items_purchased":["trackpad:CultistFigurine","hubris:BallOfYels","DataDisk","Chemical X","hubris:HerbalPaste"],"campfire_rested":2,"item_purchase_floors":[4,7,14,14,19],"current_hp_per_floor":[75,13,18,18,18,18,18,18,18,42,24,3,27,27,27,10,80,59,59,80,80,80,80,80,70,70,50,50],"gold":51,"neow_bonus":"","is_daily":false,"chose_seed":false,"campfire_upgraded":4,"win_rate":0.0,"timestamp":1609436652,"path_taken":["M","?","?","$","?","R","?","R","T","R","E","E","R","$","R","BOSS","M","$","?","?","?","R","?","E","T","?"],"items_purchased_type":["Relic","Relic","Relic","Relic","Relic"],"build_version":"2020-12-22","purchased_purges":2,"victory":false,"max_hp_per_floor":[75,75,80,80,80,80,80,80,80,80,80,80,80,80,80,80,80,80,80,80,80,80,80,80,80,80,80,80],"card_choices":[{"not_picked":["Lockon","StuffTheSpire:SnapShoot"],"picked":"Buffer","floor":11},{"not_picked":["Darkness","Melter"],"picked":"Defragment","floor":12},{"not_picked":["ReplayTheSpireMod:GoodbyeWorld+1","Steam","Leap"],"picked":"SKIP","floor":25}],"player_experience":191789,"relics_obtained":[{"floor":1,"key":"trackpad:ToughGloves"},{"floor":9,"key":"zeldaRelics:CouragePiece"},{"floor":11,"key":"zeldaRelics:CouragePiece"},{"floor":12,"key":"zeldaRelics:CouragePiece"},{"floor":18,"key":"Ornamental Fan"},{"floor":25,"key":"zeldaRelics:WisdomPiece"},{"floor":26,"key":"zeldaRelics:WisdomPiece"}],"event_choices":[{"damage_healed":0,"gold_gain":662,"player_choice":"GO GO GO GO GO UP GO ","damage_taken":70,"relics_obtained":[],"max_hp_gain":0,"max_hp_loss":0,"event_name":"betterSkull:BetterSkull","floor":2,"gold_loss":0,"cards_upgraded":["Strike_B"]},{"damage_healed":0,"gold_gain":0,"player_choice":"Donut","damage_taken":0,"max_hp_gain":5,"max_hp_loss":0,"event_name":"Big Fish","floor":3,"gold_loss":0},{"damage_healed":0,"gold_gain":0,"player_choice":"Got Potions","damage_taken":0,"max_hp_gain":0,"max_hp_loss":0,"event_name":"Lab","floor":5,"gold_loss":0},{"damage_healed":21,"gold_gain":0,"player_choice":"Full Heal","damage_taken":0,"max_hp_gain":0,"max_hp_loss":0,"event_name":"Wheel of Change","floor":20,"gold_loss":0},{"damage_healed":0,"gold_gain":0,"player_choice":"Ignored","damage_taken":0,"max_hp_gain":0,"max_hp_loss":0,"event_name":"betterNote:BetterNote","floor":22,"gold_loss":0,"cards_obtained":["RobotSpaceExplorer:Counterblock"]}],"is_beta":false,"boss_relics":[{"not_picked":["Fusion Hammer","Philosopher\u0027s Stone"],"picked":"FrozenCore"}],"items_purged_floors":[4,19],"is_endless":false,"potions_floor_spawned":[12],"ascension_level":0}}