{"host":"fhq3k2nq5elnbks3","time":1609393185,"event":{"mods":["2.2 Compatiblity","AchievementEnabler","Act Like it!","AlwaysNeverKeys","Aspiration","Astrologer","Bard","BaseMod","Better Altar","Better Vampires","Better-Laid Plans","Block Reminder","CCEM","Card Filter","Colored Powertips","Displayed Cursed Tome","Ekko","Fireblade Mod","Friendly Minions","FutureSeer","GifTheSpireLib","Gremlin Skip","HololiveMod","Hunter ??","Jorbs\u0027s Wanderer Trilogy","Koishi","Marisa????????","Mathemortician","Minty Spire (QoL Compilation)","Onozuka Komachi Mod","Pale of the Ancients","Permanent Neow","Prisma Mod","Quick Restart","Reimu??????","Relic Filter","Robot Space Explorer","Shop Mod","Spikes Relics","StSLib","SuperFastMode","The Blackbeard","The Cursed","The Death Knight","The Exordian Avenger","The Gatherer","The Hierophant","The Runesmith","The Servant 0.9.4","The Trickster","The Valiant","The Wild Card","TheBandit","Trackpad","Transform Curses","Uncapped","Unknown Chances","Wandering Minibosses","thorton","vexMod"],"gold_per_floor":[111,126,136,146,164,164,164,164,164,177,187,187,200,212,212,314,314,332,348,367,385,402,402],"floor_reached":22,"playtime":1305,"items_purged":[],"score":238,"play_id":"3884e6a8-d4d8-40f9-92d2-f374e48ebd75","local_time":"20201230233945","daily_mods":["Vintage","Heirloom","Time Dilation","Flight"],"is_ascension_mode":false,"campfire_choices":[{"data":"Zap","floor":6,"key":"SMITH"},{"data":"Dualcast","floor":7,"key":"SMITH"},{"data":"Defend_B","floor":8,"key":"SMITH"},{"data":"Defend_B","floor":12,"key":"SMITH"},{"data":"Defend_B","floor":15,"key":"SMITH"}],"circlet_count":0,"master_deck":["Strike_B","Strike_B","Strike_B","Strike_B","Defend_B","Defend_B+1","Defend_B+1","Defend_B+1","Zap+1","Dualcast+1","Creative AI"],"relics":["Cracked Core","StoneCalendar","DeathKnight:SindragosasSkull","Dream Catcher","trackpad:SappingStone","CCEMRelics:WarHorn","RuthlessExorcism:ReiMu","Orichalcum","Strawberry","RoseTintedShades","MealTicket","CrustySpines","Nuclear Battery","InkBottle","trackpad:ByrdCharm","CCEMRelics:PorcelainBowl","trackpad:Mousetrap","wanderingMiniBosses:CarrionFlame","Centennial Puzzle"],"acts_visited":["Exordium","TheCity"],"potions_floor_usage":[3],"damage_taken":[{"damage":0,"enemies":"2 Louse","floor":1,"turns":3},{"damage":6,"enemies":"Jaw Worm","floor":2,"turns":3},{"damage":20,"enemies":"Small Slimes","floor":3,"turns":7},{"damage":2,"enemies":"Looter","floor":4,"turns":4},{"damage":12,"enemies":"Exordium Wildlife","floor":5,"turns":6},{"damage":14,"enemies":"2 Fungi Beasts","floor":10,"turns":6},{"damage":0,"enemies":"Large Slime","floor":11,"turns":6},{"damage":0,"enemies":"Looter","floor":13,"turns":3},{"damage":2,"enemies":"2 Fungi Beasts","floor":14,"turns":3},{"damage":0,"enemies":"Hexaghost","floor":16,"turns":9},{"damage":2,"enemies":"Spheric Guardian","floor":18,"turns":4},{"damage":2,"enemies":"Shell Parasite","floor":19,"turns":6},{"damage":0,"enemies":"Cultist and Chosen","floor":20,"turns":7},{"damage":0,"enemies":"Snecko","floor":21,"turns":5},{"damage":0,"enemies":"Snake Plant","floor":22,"turns":4}],"seed_played":"8074949093847226068","potions_obtained":[{"floor":1,"key":"DistilledChaos"},{"floor":2,"key":"SpeedPotion"},{"floor":5,"key":"SpeedPotion"},{"floor":11,"key":"Explosive Potion"},{"floor":13,"key":"Fire Potion"}],"is_trial":true,"path_per_floor":["M","M","M","M","M","R","R","R","T","M","M","R","M","M","R","B",null,"M","M","M","M","M"],"character_chosen":"DEFECT","items_purchased":[],"campfire_rested":0,"item_purchase_floors":[],"current_hp_per_floor":[75,69,49,47,35,35,35,35,35,28,28,28,28,26,26,26,82,80,78,78,78,78,78],"gold":402,"neow_bonus":"","is_daily":false,"chose_seed":false,"campfire_upgraded":5,"win_rate":0.0,"timestamp":1609393185,"path_taken":["M","M","M","M","M","R","R","R","T","M","M","R","M","M","R","BOSS","M","M","M","M","M"],"items_purchased_type":[],"build_version":"2020-12-22","purchased_purges":0,"victory":false,"max_hp_per_floor":[75,75,75,75,75,75,75,75,75,82,82,82,82,82,82,82,82,82,82,82,82,82,82],"card_choices":[{"not_picked":["Amplify","Reboot"],"picked":"Creative AI","floor":16}],"player_experience":387387,"relics_obtained":[{"floor":1,"key":"DeathKnight:SindragosasSkull"},{"floor":2,"key":"Dream Catcher"},{"floor":3,"key":"trackpad:SappingStone"},{"floor":4,"key":"CCEMRelics:WarHorn"},{"floor":5,"key":"RuthlessExorcism:ReiMu"},{"floor":9,"key":"Orichalcum"},{"floor":10,"key":"Strawberry"},{"floor":11,"key":"RoseTintedShades"},{"floor":13,"key":"MealTicket"},{"floor":14,"key":"CrustySpines"},{"floor":18,"key":"InkBottle"},{"floor":19,"key":"trackpad:ByrdCharm"},{"floor":20,"key":"CCEMRelics:PorcelainBowl"},{"floor":21,"key":"trackpad:Mousetrap"},{"floor":22,"key":"wanderingMiniBosses:CarrionFlame"},{"floor":22,"key":"Centennial Puzzle"}],"event_choices":[],"is_beta":false,"boss_relics":[{"not_picked":["aspiration:MarisaSkillbook","aspiration:RitualDagger"],"picked":"Nuclear Battery"}],"items_purged_floors":[],"is_endless":false,"potions_floor_spawned":[1,2,5,11,13,18,19],"killed_by":"Snake Plant","ascension_level":0}}