{"host":"55yei7x27djrlaep","time":1609413856,"event":{"mods":["Act Like it!","Aspiration","BaseMod","Better Altar","Better Match","Better Note","Better Sensory Stone","Better Skull","Better Third Choice","BetterRewards","Colored Map","Conspire","Friendly Minions","GifTheSpireLib","Gremlin Mod","Halation","Hermit","Hubris","Marisa????????","Minty Spire (QoL Compilation)","Pale of the Ancients","Replay The Spire","StSLib","Stuff the Spire"],"gold_per_floor":[156,156,156,156,187,187,215,215,215,215,40,96,46,79,79,174,174,244,285,285,329,395,445,370,370,370,405,405,450,476,517,517,640,640,683,720,720,734,734,734,814,864,910,544,588,588,645,685,685,685,729,770,770,171,171,191,191,270,270,270],"floor_reached":61,"playtime":5797,"items_purged":["Strike_G","Defend_G","Venomology","Pain","Strike_G","Defend_G"],"score":2310,"play_id":"7d2fe676-3971-4191-a1eb-995546da3663","local_time":"20201231142416","is_ascension_mode":true,"campfire_choices":[{"data":"HandOfGreed","floor":6,"key":"SMITH"},{"floor":8,"key":"REST"},{"floor":15,"key":"DIG"},{"data":"StuffTheSpire:BumpUp","floor":25,"key":"SMITH"},{"data":"StuffTheSpire:BumpUp","floor":28,"key":"SMITH"},{"floor":40,"key":"REST"},{"floor":49,"key":"RECALL"},{"data":"After Image","floor":55,"key":"SMITH"},{"data":"ReplayTheSpireMod:Omega Cannon","floor":57,"key":"SMITH"}],"circlet_count":0,"master_deck":["Defend_G","Defend_G","Survivor","Neutralize+1","StuffTheSpire:BumpUp+1","Underhanded Strike","HandOfGreed+1","StuffTheSpire:BumpUp+1","StuffTheSpire:Innocence","Dash","PiercingWail","After Image+1","Outmaneuver","Escape Plan","Deflect","Conserve Battery","StuffTheSpire:Coldhearted","Hologram","PiercingWail+1","Meteor Strike","Acrobatics+1","Capacitor+1","Prepared+1","ReplayTheSpireMod:Omega Cannon+1","Reboot","Acrobatics+1","Defragment+1","Backstab+1"],"relics":["Ring of the Snake","Prayer Wheel","hubris:DeckOfHolding","Strange Spoon","hubris:GlazedTorus","Eternal Feather","aspiration:SeaSaltIceCream","Sozu","Mercury Hourglass","conspire:Dentures","StuffTheSpire:SapphireSignet","Snake Skull","aspiration:DefectSkillbook","ReplayTheSpireMod:Ninjato","StuffTheSpire:WitherSkull","Singing Bowl","conspire:TopHat","hubris:RunicObelisk","WarpedTongs","hubris:FruitBowl","PreservedInsect","Gremlin Food","Pondfish Scales","Byrd Skull","Art of War","aspiration:FrozenJewel","aspiration:Lifesprig","paleoftheancients:Timepiece","paleoftheancients:KeyRelic","Letter Opener","CultistMask","paleoftheancients:SoulOfTheCollector","halation:PinkSoulGem","aspiration:HatOfInfinitePower","HandDrill","Quantum Egg"],"acts_visited":["Exordium","TheCity","TheBeyond","paleoftheancients:PaleOfTheAncients"],"potions_floor_usage":[],"damage_taken":[{"damage":0,"enemies":"2 Louse","floor":1,"turns":4},{"damage":1,"enemies":"conspire:RoseBush","floor":5,"turns":2},{"damage":22,"enemies":"Replay:BlueRogue","floor":7,"turns":5},{"damage":3,"enemies":"Lagavulin","floor":12,"turns":6},{"damage":0,"enemies":"Replay:BlueRogue","floor":14,"turns":5},{"damage":2,"enemies":"Fading Forest","floor":16,"turns":11},{"damage":12,"enemies":"2 Thieves","floor":18,"turns":4},{"damage":3,"enemies":"Spheric Guardian","floor":19,"turns":4},{"damage":0,"enemies":"Centurion and Healer","floor":22,"turns":5},{"damage":22,"enemies":"Slavers","floor":23,"turns":6},{"damage":5,"enemies":"Gremlin Leader","floor":27,"turns":7},{"damage":3,"enemies":"Shelled Parasite and Fungi","floor":29,"turns":4},{"damage":9,"enemies":"Cultist and Chosen","floor":31,"turns":5},{"damage":5,"enemies":"hubris:MusketHawk","floor":33,"turns":6},{"damage":0,"enemies":"Orb Walker","floor":35,"turns":3},{"damage":0,"enemies":"3 Shapes","floor":36,"turns":4},{"damage":32,"enemies":"Transient","floor":38,"turns":5},{"damage":6,"enemies":"2 Orb Walkers","floor":41,"turns":3},{"damage":0,"enemies":"Nemesis","floor":42,"turns":3},{"damage":4,"enemies":"Jaw Worm Horde","floor":45,"turns":4},{"damage":0,"enemies":"Reptomancer","floor":47,"turns":4},{"damage":3,"enemies":"Spire Growth","floor":48,"turns":4},{"damage":12,"enemies":"Donu and Deca","floor":50,"turns":6},{"damage":0,"enemies":"Donu and Deca","floor":51,"turns":7},{"damage":7,"enemies":"Donu and Deca","floor":52,"turns":4},{"damage":0,"enemies":"Donu and Deca","floor":56,"turns":3},{"damage":0,"enemies":"paleoftheancients:N","floor":60,"turns":5}],"seed_played":"6855307502630838569","potions_obtained":[{"floor":1,"key":"Toxic Potion"}],"is_trial":false,"path_per_floor":["M","?","?","?","M","R","E","R","T","?","$","E","?","E","R_BF","B",null,"M","M","?","?","M","E","?","R","T","E","R","M","T","M","R_BF","B",null,"M","M","?","M","$","R","?","E","T","$","M","?","E","M","R","B","M","M","?","$","R","M","R","T","?","B",null],"character_chosen":"THE_SILENT","items_purchased":["StuffTheSpire:BumpUp","Underhanded Strike","hubris:DeckOfHolding","Strange Spoon","Eternal Feather","HandOfGreed","After Image","hubris:FruitBowl","PreservedInsect","Gremlin Food","aspiration:FrozenJewel","aspiration:HatOfInfinitePower","HandDrill"],"campfire_rested":2,"item_purchase_floors":[0,0,0,0,0,0,11,39,39,39,44,54,54],"current_hp_per_floor":[21,26,26,19,18,27,5,36,36,29,29,26,26,26,35,41,67,55,54,54,36,38,16,16,28,28,23,38,37,37,30,68,67,76,80,82,82,54,3,44,41,41,41,41,43,43,46,46,61,90,103,109,109,109,113,119,119,119,119,119],"gold":270,"neow_bonus":"","is_daily":false,"chose_seed":false,"campfire_upgraded":5,"win_rate":0.0,"timestamp":1609413856,"path_taken":["M","?","?","?","M","R","E","R","T","?","?","E","?","E","R_BF","BOSS","M","M","?","?","?","E","?","R","T","E","R","M","?","M","R_BF","BOSS","M","M","?","M","?","R","?","E","T","$","M","?","E","M","R","BOSS","M","M","?","$","R","M","R","T","?","BOSS"],"items_purchased_type":["Card","Card","Relic","Relic","Relic","Card","Card","Relic","Relic","Relic","Relic","Relic","Relic"],"build_version":"2020-12-22","purchased_purges":6,"victory":true,"max_hp_per_floor":[70,75,75,75,75,75,75,75,75,75,75,75,75,75,75,75,75,75,75,75,75,75,75,75,75,75,75,75,77,77,79,79,79,79,83,85,85,89,89,89,92,92,92,92,98,98,101,104,104,104,107,113,113,113,113,119,119,119,119,119],"card_choices":[{"not_picked":["Outmaneuver","Catalyst"],"picked":"Terror","floor":1},{"not_picked":["conspire:PoisonWeapons","hubris:SlightOfHand","Backflip"],"picked":"SKIP","floor":1},{"not_picked":["StuffTheSpire:Injection","Prepared"],"picked":"Dash","floor":5},{"not_picked":["Dagger Spray","StuffTheSpire:Python","StuffTheSpire:BrimstoneBlast"],"picked":"SKIP","floor":5},{"not_picked":["Eviscerate","Dash"],"picked":"PiercingWail","floor":7},{"not_picked":["hubris:SlightOfHand","Grand Finale"],"picked":"Outmaneuver","floor":12},{"not_picked":["Finisher","Cloak And Dagger"],"picked":"Escape Plan","floor":14},{"not_picked":["Night Terror","ReplayTheSpireMod:Necrosis"],"picked":"Venomology","floor":16},{"not_picked":["ReplaySort","Redo","hubris:Ukulele"],"picked":"Deflect","floor":18},{"not_picked":["Redo","Deflect","Cold Snap","Conserve Battery"],"picked":"SKIP","floor":18},{"not_picked":["Sneak Up","ReplayTheSpireMod:Scrap Shanks","Draining Mist"],"picked":"Conserve Battery","floor":19},{"not_picked":["Beam Cell","Tempest","Chill","StuffTheSpire:Plugnplay"],"picked":"SKIP","floor":19},{"not_picked":["Choke","StuffTheSpire:LoadUp","Genetic Algorithm+1"],"picked":"Hologram","floor":21},{"not_picked":["ReplaySort","Panic Button","Fusion"],"picked":"PiercingWail+1","floor":22},{"not_picked":["Capacitor","Cloak And Dagger","Expertise","All Out Attack"],"picked":"SKIP","floor":22},{"not_picked":["Reflex","Turbo","Streamline"],"picked":"Meteor Strike","floor":23},{"not_picked":["PiercingWail","Undo","Hologram+1"],"picked":"Acrobatics","floor":27},{"not_picked":["StuffTheSpire:LoadUp","Outmaneuver","Turbo","Rebound+1"],"picked":"Singing Bowl","floor":29},{"not_picked":["Ball Lightning","Hello World","ReplayTheSpireMod:Calculation Training+1"],"picked":"Capacitor+1","floor":29},{"not_picked":["Poisoned Stab+1","StuffTheSpire:Injection","Endless Agony","Deadly Poison"],"picked":"Singing Bowl","floor":31},{"not_picked":["Coolheaded","Streamline+1","Steam+1"],"picked":"Prepared+1","floor":31},{"not_picked":["Venomology","Storm of Steel","Hyperbeam"],"picked":"ReplayTheSpireMod:Omega Cannon","floor":33},{"not_picked":["Panic Button+1","Loop+1","Deflect+1","Beam Cell"],"picked":"Singing Bowl","floor":35},{"not_picked":["Slice+1","Steam","Streamline","Redo"],"picked":"Singing Bowl","floor":35},{"not_picked":["Dodge and Roll","Rebound+1","hubris:SlightOfHand+1"],"picked":"Reboot","floor":36},{"not_picked":["Deflect+1","Beam Cell","Streamline+1","Backflip"],"picked":"Singing Bowl","floor":36},{"not_picked":["StuffTheSpire:Synthwave+1","Coolheaded","Slice","Flying Knee"],"picked":"Singing Bowl","floor":38},{"not_picked":["Skim","conspire:PoisonWeapons","ReplaySolidLightProjector+1","StuffTheSpire:LoadUp+1"],"picked":"Singing Bowl","floor":38},{"not_picked":["Force Field+1","BootSequence+1","Backstab","Rebound"],"picked":"Singing Bowl","floor":41},{"not_picked":["Undo","Blade Dance","StuffTheSpire:Shiver"],"picked":"Acrobatics+1","floor":42},{"not_picked":["Hello World+1","Sunder","Grand Finale","BasicCrystalCard"],"picked":"Singing Bowl","floor":45},{"not_picked":["ReplayTheSpireMod:Speed Training+1","Cold Snap+1","Setup","Streamline"],"picked":"Singing Bowl","floor":45},{"not_picked":["Compile Driver+1","Quick Slash","hubris:SlightOfHand+1","Steam+1"],"picked":"Singing Bowl","floor":47},{"not_picked":["Compile Driver","Dodge and Roll+1","StuffTheSpire:BumpUp+1","Acrobatics"],"picked":"Singing Bowl","floor":48},{"not_picked":["Outmaneuver+1","Accuracy","Go for the Eyes+1"],"picked":"Defragment+1","floor":48},{"not_picked":["PiercingWail","Catalyst","Go for the Eyes+1","ReplayTheSpireMod:From All Sides"],"picked":"Singing Bowl","floor":51},{"not_picked":["Sweeping Beam","Rebound","StuffTheSpire:Plugnplay"],"picked":"Backstab+1","floor":51},{"not_picked":["Defragment","Reprogram+1","Hidden Blade","Deadly Poison+1"],"picked":"Singing Bowl","floor":52},{"not_picked":["Eviscerate","Flying Knee","Dodge and Roll","aspiration:Polymerization"],"picked":"Singing Bowl","floor":52},{"not_picked":["Cloak And Dagger+1","Blade Dance","hubris:SlightOfHand","conspire:Rain+1"],"picked":"Singing Bowl","floor":56},{"not_picked":["StuffTheSpire:Repulse","BasicCrystalCard+1","Self Repair","Accuracy+1"],"picked":"Singing Bowl","floor":56}],"player_experience":371879,"relics_obtained":[{"floor":7,"key":"aspiration:SeaSaltIceCream"},{"floor":9,"key":"Mercury Hourglass"},{"floor":12,"key":"conspire:Dentures"},{"floor":14,"key":"StuffTheSpire:SapphireSignet"},{"floor":15,"key":"Snake Skull"},{"floor":21,"key":"ReplayTheSpireMod:Ninjato"},{"floor":23,"key":"StuffTheSpire:WitherSkull"},{"floor":26,"key":"Singing Bowl"},{"floor":27,"key":"conspire:TopHat"},{"floor":41,"key":"Pondfish Scales"},{"floor":42,"key":"Byrd Skull"},{"floor":43,"key":"Art of War"},{"floor":47,"key":"aspiration:Lifesprig"},{"floor":51,"key":"paleoftheancients:SoulOfTheCollector"},{"floor":52,"key":"paleoftheancients:SoulOfTheIroncluck"},{"floor":56,"key":"paleoftheancients:SoulOfTheVixen"},{"floor":58,"key":"Quantum Egg"}],"event_choices":[{"damage_healed":0,"gold_gain":0,"player_choice":"Donut","damage_taken":0,"max_hp_gain":5,"max_hp_loss":0,"event_name":"Big Fish","floor":2,"gold_loss":0},{"cards_removed":["Strike_G"],"damage_healed":0,"gold_gain":0,"player_choice":"Card Removal","damage_taken":7,"max_hp_gain":0,"max_hp_loss":0,"event_name":"Golden Wing","floor":10,"gold_loss":0},{"cards_removed":["Strike_G"],"damage_healed":0,"gold_gain":0,"player_choice":"Card Removal","damage_taken":0,"max_hp_gain":0,"max_hp_loss":0,"event_name":"The Cleric","floor":13,"gold_loss":50},{"damage_healed":0,"gold_gain":0,"cards_transformed":["Defend_G","Strike_G"],"player_choice":"Became Test Subject","damage_taken":0,"max_hp_gain":0,"max_hp_loss":0,"event_name":"Drug Dealer","floor":20,"gold_loss":0,"cards_obtained":["StuffTheSpire:Coldhearted","conspire:DoublingDagger"]},{"cards_removed":["conspire:DoublingDagger"],"damage_healed":0,"gold_gain":0,"player_choice":"Gave Gold","damage_taken":0,"max_hp_gain":0,"max_hp_loss":0,"event_name":"Beggar","floor":24,"gold_loss":75},{"damage_healed":0,"gold_gain":0,"player_choice":"Rummage","damage_taken":0,"relics_obtained":["WarpedTongs"],"max_hp_gain":0,"max_hp_loss":0,"event_name":"Accursed Blacksmith","floor":37,"gold_loss":0,"cards_obtained":["Pain"]},{"damage_healed":0,"gold_gain":0,"player_choice":"Fight","damage_taken":0,"max_hp_gain":0,"max_hp_loss":0,"event_name":"Mysterious Sphere","floor":41,"gold_loss":0},{"cards_removed":["Terror"],"damage_healed":0,"gold_gain":0,"player_choice":"Removed Skill","damage_taken":0,"max_hp_gain":0,"max_hp_loss":0,"event_name":"Falling","floor":46,"gold_loss":0}],"is_beta":false,"boss_relics":[{"not_picked":["halation:Prosthetics","hubris:BlackHole"],"picked":"aspiration:DefectSkillbook"},{"not_picked":["SacredBark","halation:Risk"],"picked":"hubris:RunicObelisk"}],"items_purged_floors":[0,11,39,39,44,54],"is_endless":false,"potions_floor_spawned":[1,16,18,19,27,31,45,47,48,51,52,56],"ascension_level":6}}