{"host":"ye7mfqqt9ljtnqit","time":1609397374,"event":{"mods":["BaseMod","Colored Map","Downfall","Marisa£®ÏF”Í°°ƒß¿Ì…≥£©","Minty Spire (QoL Compilation)","StSLib","SuperFastMode","The Servant 0.9.4"],"gold_per_floor":[114,114,69,80,99,99,139,164,164,164,196,224,251,326,326,444,444,464,499,62,62,72,72,122,122,146,161,194,194,194,226,226,321,321,352,352,21,39,39,88,17,52,52,102,121,121,155,168,168,168,168,168,12,54,54],"floor_reached":56,"playtime":4405,"items_purged":["Defend_MRS"],"score":1248,"play_id":"c0540bb3-3d42-4c32-b479-32652591ab2b","local_time":"20201231144934","is_ascension_mode":false,"campfire_choices":[{"data":"EnergyFlow","floor":6.0,"key":"SMITH"},{"data":"EarthLightRay","floor":10.0,"key":"SMITH"},{"floor":15.0,"key":"REST"},{"floor":23.0,"key":"RECALL"},{"data":"Singularity","floor":29.0,"key":"SMITH"},{"data":"OortCloud","floor":32.0,"key":"SMITH"},{"floor":46.0,"key":"DIG"},{"floor":49.0,"key":"DIG"},{"data":"ManaRampage","floor":52,"key":"SMITH"}],"circlet_count":0,"master_deck":["Defend_MRS","Defend_MRS","Defend_MRS","MasterSpark","UpSweep","PowerUp","WitchOfGreed","ChargeUpSpray","EnergyFlow+1","ShootTheMoon","Parasite","Parasite","EarthLightRay+1","MysteriousBeam+1","Singularity+1","FinalSpark+1","LuminesStrike+1","MilkyWay+1","DarkSpark+1","MagicChant+1","OrrerysSun","PowerUp","Acceleration","EnergyFlow+1","ChargeUpSpray","GrandCross","OortCloud+1","ManaRampage+1","SuperPerseids+1","TreasureHunter","StarBarrage","LuminesStrike+1","SatelliteIllusion","PropBag+1","OrrerysSun","BinaryStars+1","ManaConvection+1","IllusionStar+1","MysteriousBeam","MillisecondPulsars","PropBag+1","EventHorizon"],"relics":["MiniHakkero","NeowsBlessing","Pantograph","HandmadeGrimoire","Unceasing Top","Astrolabe","Eternal Feather","Gambling Chip","InkBottle","BigShroomBag","Whetstone","Toxic Egg 2","Gremlin Horn","Kunai","Anchor","Boot","Shovel","Ginger","Bronze Scales","Toy Ornithopter","Ornamental Fan"],"acts_visited":["Exordium","TheCity","TheBeyond","TheEnding"],"potions_floor_usage":[55,55],"damage_taken":[{"damage":0.0,"enemies":"Cultist","floor":1.0,"turns":1.0},{"damage":0.0,"enemies":"Jaw Worm","floor":4.0,"turns":1.0},{"damage":0.0,"enemies":"2 Louse","floor":5.0,"turns":1.0},{"damage":29.0,"enemies":"3 Sentries","floor":7.0,"turns":8.0},{"damage":16.0,"enemies":"The Mushroom Lair","floor":8.0,"turns":3.0},{"damage":18.0,"enemies":"Lots of Slimes","floor":11.0,"turns":4.0},{"damage":10.0,"enemies":"Large Slime","floor":12.0,"turns":3.0},{"damage":2.0,"enemies":"Lagavulin","floor":13.0,"turns":5.0},{"damage":30.0,"enemies":"Slime Boss","floor":16.0,"turns":8.0},{"damage":12.0,"enemies":"Shell Parasite","floor":18.0,"turns":3.0},{"damage":5.0,"enemies":"Spheric Guardian","floor":19.0,"turns":3.0},{"damage":0.0,"enemies":"Snecko","floor":22.0,"turns":4.0},{"damage":50.0,"enemies":"Slavers","floor":24.0,"turns":4.0},{"damage":0.0,"enemies":"3 Cultists","floor":27.0,"turns":3.0},{"damage":28.0,"enemies":"Gremlin Leader","floor":28.0,"turns":5.0},{"damage":6.0,"enemies":"Book of Stabbing","floor":31.0,"turns":3.0},{"damage":53.0,"enemies":"Champ","floor":33.0,"turns":8.0},{"damage":28.0,"enemies":"3 Darklings","floor":35.0,"turns":5.0},{"damage":0.0,"enemies":"Orb Walker","floor":38.0,"turns":1.0},{"damage":30.0,"enemies":"Giant Head","floor":40.0,"turns":7.0},{"damage":13.0,"enemies":"Reptomancer","floor":42.0,"turns":5.0},{"damage":0.0,"enemies":"Mind Bloom Boss Battle","floor":44.0,"turns":3.0},{"damage":0.0,"enemies":"Maw","floor":45.0,"turns":6.0},{"damage":20.0,"enemies":"Transient","floor":47.0,"turns":5.0},{"damage":0.0,"enemies":"4 Shapes","floor":48.0,"turns":2.0},{"damage":23.0,"enemies":"Time Eater","floor":50.0,"turns":9.0},{"damage":40,"enemies":"Shield and Spear","floor":54,"turns":5},{"damage":56,"enemies":"The Heart","floor":55,"turns":6}],"seed_played":"-9091476469260358346","potions_obtained":[{"floor":7.0,"key":"Explosive Potion"},{"floor":7.0,"key":"BlessingOfTheForge"},{"floor":11.0,"key":"Guardian:BlockOnCardUsePotion"},{"floor":11.0,"key":"ColorlessPotion"},{"floor":13.0,"key":"Dexterity Potion"},{"floor":16.0,"key":"Slimebound:ThreeZeroPotion"},{"floor":19.0,"key":"StarNLove"},{"floor":24.0,"key":"BottledSpark"},{"floor":28.0,"key":"Dexterity Potion"},{"floor":45.0,"key":"PowerPotion"},{"floor":54,"key":"GamblersBrew"}],"is_trial":false,"path_per_floor":["M","?","$","M","M","R","E","?","T","R","M","M","E","?","R","B",null,"M","M","$","?","M","R","E","?","T","M","E","R","?","E","R","B",null,"M","?","$","M","?","E","$","E","T","?","M","R","M","M","R","B",null,"R","$","E","B",null],"character_chosen":"MARISA","items_purchased":["WitchOfGreed","OrrerysSun","Eternal Feather","PowerUp","Acceleration","Gremlin Horn","OrrerysSun","MillisecondPulsars","PropBag+1"],"campfire_rested":1,"item_purchase_floors":[3,20,20,20,20,37,41,53,53],"current_hp_per_floor":[75,68,68,68,68,68,39,23,23,23,15,15,23,12,34,39,75,65,70,70,70,74,75,29,29,29,41,25,43,43,49,67,22,75,47,40,40,52,52,34,34,33,33,70,75,75,67,70,75,66,75,75,75,38,29],"gold":54,"neow_bonus":"THREE_ENEMY_KILL","is_daily":false,"chose_seed":false,"campfire_upgraded":5,"win_rate":0.0,"timestamp":1609397374,"path_taken":["M","?","$","M","M","R","E","?","T","R","M","M","E","?","R","BOSS","M","M","$","?","?","R","E","?","T","M","E","R","?","E","R","BOSS","M","?","$","?","?","E","?","E","T","?","M","R","M","M","R","BOSS","R","$","E","BOSS"],"items_purchased_type":["Card","Card","Relic","Card","Card","Relic","Card","Card","Card"],"build_version":"2020-12-22","purchased_purges":1,"victory":true,"max_hp_per_floor":[75,75,75,75,75,75,75,75,75,75,75,75,75,75,75,75,75,75,75,75,75,75,75,75,75,75,75,75,75,75,75,75,75,75,75,75,75,75,75,75,75,75,75,75,75,75,75,75,75,75,75,75,75,75,75],"card_choices":[{"not_picked":["MysteriousBeam","AlicesGift"],"picked":"PowerUp","floor":1.0},{"not_picked":["AsteroidBelt","DC"],"picked":"ChargeUpSpray","floor":4.0},{"not_picked":["IllusionStar","Robbery"],"picked":"EnergyFlow","floor":5.0},{"not_picked":["ChargingUp","CasketOfStar"],"picked":"ShootTheMoon","floor":7.0},{"not_picked":["AlicesGift","NonDirectionalLaser"],"picked":"EarthLightRay","floor":8.0},{"not_picked":["GrandCross","SporeBomb"],"picked":"LuminesStrike","floor":11.0},{"not_picked":["6A","IllusionStar"],"picked":"MysteriousBeam","floor":12.0},{"not_picked":["GalacticHalo","BinaryStars"],"picked":"Singularity","floor":13.0},{"not_picked":["MaximisePower","SuperNova"],"picked":"FinalSpark","floor":16.0},{"not_picked":["ShootingEcho","WitchOfGreed","ManaConvection"],"picked":"SKIP","floor":18.0},{"not_picked":["GravityBeat","Acceleration"],"picked":"MagicChant+1","floor":19.0},{"not_picked":["AsteroidBelt","LuminesStrike"],"picked":"ChargeUpSpray","floor":22.0},{"not_picked":["DC","OneTimeOff"],"picked":"GrandCross","floor":24.0},{"not_picked":["WitchLeyline+1","SporeBomb"],"picked":"OortCloud","floor":27.0},{"not_picked":["GrandCross","MilkyWay"],"picked":"ManaRampage","floor":28.0},{"not_picked":["UnstableBomb","PulseMagic+1"],"picked":"SuperPerseids+1","floor":31.0},{"not_picked":["EscapeVelocity","CollectingQuirk"],"picked":"TreasureHunter","floor":33.0},{"not_picked":["LuminesStrike+1","WitchOfGreed+1"],"picked":"StarBarrage","floor":35.0},{"not_picked":["GalacticHalo+1","MeteoricShower+1"],"picked":"LuminesStrike+1","floor":38.0},{"not_picked":["Robbery","UnstableBomb"],"picked":"PropBag+1","floor":40.0},{"not_picked":["GasGiant+1","BigCrunch+1"],"picked":"BinaryStars+1","floor":42.0},{"not_picked":["MysteriousBeam","IllusionStar+1"],"picked":"ManaConvection+1","floor":44.0},{"not_picked":["LuminesStrike","6A+1","MachineGunSpark+1"],"picked":"SKIP","floor":45.0},{"not_picked":["RefractionSpark","LuminesStrike"],"picked":"IllusionStar+1","floor":47.0},{"not_picked":["GravityBeat+1","EarthLightRay+1"],"picked":"MysteriousBeam","floor":48.0},{"not_picked":["NonDirectionalLaser","MeteoricShower"],"picked":"EventHorizon","floor":54}],"player_experience":82876,"relics_obtained":[{"floor":7.0,"key":"Pantograph"},{"floor":8.0,"key":"ShroomBag"},{"floor":9.0,"key":"HandmadeGrimoire"},{"floor":13.0,"key":"Unceasing Top"},{"floor":24.0,"key":"Gambling Chip"},{"floor":26.0,"key":"BigShroomBag"},{"floor":28.0,"key":"Whetstone"},{"floor":31.0,"key":"Toxic Egg 2"},{"floor":40.0,"key":"Kunai"},{"floor":42.0,"key":"Anchor"},{"floor":42.0,"key":"Boot"},{"floor":44.0,"key":"Shovel"},{"floor":44.0,"key":"Ginger"},{"floor":46.0,"key":"Bronze Scales"},{"floor":49.0,"key":"Toy Ornithopter"},{"floor":54,"key":"Ornamental Fan"}],"event_choices":[{"cards_removed":["Strike_MRS"],"damage_healed":0.0,"max_hp_gain":0.0,"max_hp_loss":0.0,"gold_gain":0.0,"event_name":"Golden Wing","player_choice":"Card Removal","floor":2.0,"gold_loss":0.0,"damage_taken":7.0},{"damage_healed":0.0,"max_hp_gain":0.0,"max_hp_loss":0.0,"gold_gain":0.0,"event_name":"Mushrooms_MRS","player_choice":"Fought Mushrooms","floor":8.0,"gold_loss":0.0,"damage_taken":0.0},{"damage_healed":0.0,"max_hp_gain":0.0,"max_hp_loss":0.0,"gold_gain":75.0,"event_name":"World of Goop","player_choice":"Gather Gold","floor":14.0,"gold_loss":0.0,"damage_taken":11.0},{"damage_healed":0.0,"max_hp_gain":0.0,"max_hp_loss":0.0,"gold_gain":0.0,"event_name":"Duplicator","player_choice":"Copied","floor":21.0,"gold_loss":0.0,"damage_taken":0.0,"cards_obtained":["EnergyFlow"]},{"damage_healed":0.0,"max_hp_gain":0.0,"max_hp_loss":0.0,"gold_gain":0.0,"event_name":"The Mausoleum","player_choice":"Opened","floor":25.0,"gold_loss":0.0,"damage_taken":0.0,"relics_obtained":["InkBottle"]},{"damage_healed":0.0,"max_hp_gain":0.0,"max_hp_loss":0.0,"gold_gain":0.0,"event_name":"Ghosts","player_choice":"Ignored","floor":30.0,"gold_loss":0.0,"damage_taken":0.0},{"damage_healed":0.0,"max_hp_gain":0.0,"max_hp_loss":0.0,"gold_gain":0.0,"event_name":"Wheel of Change","player_choice":"Damaged","floor":36.0,"gold_loss":0.0,"damage_taken":7.0},{"damage_healed":0.0,"max_hp_gain":0.0,"max_hp_loss":0.0,"gold_gain":0.0,"cards_transformed":["LuminesStrike"],"event_name":"Transmorgrifier","player_choice":"Transformed","floor":39.0,"gold_loss":0.0,"damage_taken":0.0,"cards_obtained":["SatelliteIllusion"]},{"damage_healed":0.0,"max_hp_gain":0.0,"max_hp_loss":0.0,"gold_gain":0.0,"event_name":"MindBloom","player_choice":"Fight","floor":44.0,"gold_loss":0.0,"damage_taken":0.0}],"is_beta":false,"boss_relics":[{"not_picked":["Ectoplasm","RampagingMagicTools"],"picked":"Astrolabe"},{"not_picked":["Sozu","Philosopher\u0027s Stone","Runic Dome"]}],"items_purged_floors":[37],"is_endless":false,"potions_floor_spawned":[7,11,13,16,18,19,28,31,35,40,45,48],"ascension_level":0}}