{"host":"a5zr8hf2yymwt50u","time":1609416470,"event":{"mods":["BaseMod","Colored Map","Minty Spire (QoL Compilation)","StSLib"],"gold_per_floor":[116,116,41,59,76,101,120,120,120,131,131,151,171,204,204,309,309,327,347,149,168,168,168,68,68,68,168,188,188,188,212,212,212,212],"floor_reached":33,"playtime":1589,"items_purged":["Bash","Strike_R","Defend_R"],"score":346,"play_id":"25ae0ae0-068a-4361-870d-e2226604a1a5","local_time":"20201231210750","is_ascension_mode":true,"campfire_choices":[{"data":"Armaments","floor":11,"key":"SMITH"},{"data":"Armaments","floor":15,"key":"SMITH"},{"floor":23,"key":"REST"},{"floor":25,"key":"REST"},{"data":"Inflame","floor":29,"key":"SMITH"},{"floor":32,"key":"RECALL"}],"circlet_count":0,"master_deck":["Defend_R","Defend_R","Defend_R+1","Cleave","Armaments+1","Seeing Red","Spot Weakness+1","Armaments+1","Thunderclap","Inflame+1","Flex","Limit Break","Iron Wave","Pommel Strike","Twin Strike","Bite","Bite","Bite","Bite","Bite"],"relics":["Burning Blood","The Courier","Matryoshka","Letter Opener","Busted Crown","Sling","Bronze Scales","TungstenRod","Pear","Happy Flower","War Paint"],"acts_visited":["Exordium","TheCity"],"potions_floor_usage":[7,12,14,16,16,21,27,27,33],"damage_taken":[{"damage":6,"enemies":"Cultist","floor":1,"turns":3},{"damage":14,"enemies":"Jaw Worm","floor":4,"turns":5},{"damage":0,"enemies":"Small Slimes","floor":5,"turns":4},{"damage":67,"enemies":"3 Sentries","floor":6,"turns":14},{"damage":2,"enemies":"Looter","floor":7,"turns":3},{"damage":11,"enemies":"Blue Slaver","floor":10,"turns":5},{"damage":0,"enemies":"Gremlin Gang","floor":12,"turns":2},{"damage":5,"enemies":"2 Fungi Beasts","floor":13,"turns":3},{"damage":22,"enemies":"Lagavulin","floor":14,"turns":7},{"damage":6,"enemies":"The Guardian","floor":16,"turns":12},{"damage":31,"enemies":"2 Thieves","floor":18,"turns":4},{"damage":18,"enemies":"Spheric Guardian","floor":19,"turns":5},{"damage":25,"enemies":"Snake Plant","floor":21,"turns":4},{"damage":27,"enemies":"Colosseum Slavers","floor":27,"turns":5},{"damage":15,"enemies":"Colosseum Nobs","floor":27,"turns":3},{"damage":0,"enemies":"Cultist and Chosen","floor":28,"turns":3},{"damage":64,"enemies":"Collector","floor":33,"turns":6}],"seed_played":"1351612942404850637","potions_obtained":[{"floor":5,"key":"FearPotion"},{"floor":6,"key":"Fire Potion"},{"floor":8,"key":"CultistPotion"},{"floor":8,"key":"Explosive Potion"},{"floor":12,"key":"SteroidPotion"},{"floor":13,"key":"DuplicationPotion"},{"floor":14,"key":"Swift Potion"},{"floor":19,"key":"ColorlessPotion"},{"floor":21,"key":"Energy Potion"},{"floor":27,"key":"Strength Potion"}],"is_trial":false,"path_per_floor":["M","?","$","M","M","E","M","?","T","M","R","M","M","E","R","B",null,"M","M","$","M","?","R","$","R","T","?","M","R","?","T","R","B"],"character_chosen":"IRONCLAD","items_purchased":["Sling"],"campfire_rested":2,"item_purchase_floors":[20],"current_hp_per_floor":[80,85,85,77,83,22,26,26,26,21,21,27,28,12,12,12,67,42,30,30,11,11,36,36,61,61,41,47,47,47,47,47,0,0],"gold":212,"neow_bonus":"REMOVE_CARD","is_daily":false,"chose_seed":false,"campfire_upgraded":3,"win_rate":0.0,"timestamp":1609416470,"path_taken":["M","?","$","M","M","E","M","?","T","M","R","M","?","E","R","BOSS","M","M","$","M","?","R","?","R","T","?","M","R","?","?","R","BOSS"],"items_purchased_type":["Relic"],"build_version":"2020-12-22","purchased_purges":3,"victory":false,"max_hp_per_floor":[80,85,85,85,85,85,85,85,85,85,85,85,85,85,85,85,85,85,85,85,85,85,85,85,85,85,95,95,95,66,66,66,66,66],"card_choices":[{"not_picked":["Body Slam","Shockwave"],"picked":"Cleave","floor":1},{"not_picked":["Body Slam","Thunderclap"],"picked":"Armaments","floor":4},{"not_picked":["Flame Barrier","Hemokinesis","Combust"],"picked":"SKIP","floor":5},{"not_picked":["Pommel Strike","Anger"],"picked":"Seeing Red","floor":6},{"not_picked":["Havoc","Dark Embrace"],"picked":"Spot Weakness","floor":7},{"not_picked":["Burning Pact","Entrench"],"picked":"Armaments","floor":10},{"not_picked":["Twin Strike","Cleave"],"picked":"Thunderclap","floor":12},{"not_picked":["Havoc","Corruption"],"picked":"Inflame","floor":13},{"not_picked":["Body Slam","Iron Wave"],"picked":"Flex","floor":14},{"not_picked":["Impervious","Immolate"],"picked":"Limit Break","floor":16},{"not_picked":[],"picked":"Iron Wave","floor":18},{"not_picked":[],"picked":"Pommel Strike","floor":19},{"not_picked":["Heavy Blade"],"picked":"SKIP","floor":21},{"not_picked":[],"picked":"Twin Strike","floor":28}],"player_experience":226578,"relics_obtained":[{"floor":6,"key":"The Courier"},{"floor":9,"key":"Matryoshka"},{"floor":14,"key":"Letter Opener"},{"floor":26,"key":"Bronze Scales"},{"floor":27,"key":"TungstenRod"},{"floor":27,"key":"Pear"},{"floor":31,"key":"Happy Flower"},{"floor":31,"key":"War Paint"}],"event_choices":[{"damage_healed":0,"gold_gain":0,"player_choice":"Donut","damage_taken":0,"max_hp_gain":5,"max_hp_loss":0,"event_name":"Big Fish","floor":2,"gold_loss":0},{"damage_healed":0,"gold_gain":0,"player_choice":"Got Potions","damage_taken":0,"max_hp_gain":0,"max_hp_loss":0,"event_name":"Lab","floor":8,"gold_loss":0},{"cards_removed":["Strike_R"],"damage_healed":0,"gold_gain":0,"player_choice":"Elegance","damage_taken":0,"max_hp_gain":0,"max_hp_loss":0,"event_name":"Back to Basics","floor":22,"gold_loss":0},{"damage_healed":0,"gold_gain":0,"player_choice":"Fight","damage_taken":0,"max_hp_gain":0,"max_hp_loss":0,"event_name":"Colosseum","floor":27,"gold_loss":0},{"damage_healed":0,"gold_gain":0,"player_choice":"Fought Nobs","damage_taken":0,"max_hp_gain":0,"max_hp_loss":0,"event_name":"Colosseum","floor":27,"gold_loss":0},{"damage_healed":0,"gold_gain":0,"player_choice":"Became a vampire","damage_taken":0,"max_hp_gain":0,"max_hp_loss":29,"event_name":"Vampires","floor":30,"gold_loss":0,"cards_obtained":["Bite","Bite","Bite","Bite","Bite"]}],"is_beta":false,"boss_relics":[{"not_picked":["Runic Cube","SlaversCollar"],"picked":"Busted Crown"}],"items_purged_floors":[3,20,24],"is_endless":false,"potions_floor_spawned":[5,6,12,13,14,19,21,27],"killed_by":"Collector","ascension_level":5}}