{"host":"fw947s75r5pnptva","time":1609458518,"event":{"mods":["Act Like it!","Aspiration","BaseMod","BetterRewards","CCEM","CapriCore","Conjunction","Conspire","Custom Start","DeckTracker","Dota2Spire","Downfall","Friendly Minions","Gensokyo","Halation","Hallownest","Highlight Path","Hubris","Infinite Spire","Keyboard Shortcuts","Lobotomy","LobotomyExtend","Menagerie","Minty Spire (QoL Compilation)","MostiFishMod","Onozuka Komachi Mod","Pale of the Ancients","Permanent Neow","Pikachu Mod","Potionbrewer","Random Character Button","RatMod","Relic Filter","Replay The Spire","Shop Mod","StSLib","SuperFastMode","The Factory","The Jungle","[IsaacMod]????","vexMod"],"gold_per_floor":[111,140,140,156,231,231,231],"floor_reached":6,"playtime":442,"items_purged":[],"score":34,"play_id":"d9b7e89b-7389-4558-8d78-54c9627814bc","local_time":"20210101004838","is_ascension_mode":false,"campfire_choices":[],"circlet_count":0,"master_deck":["Komachi:Strike","Komachi:Strike","Komachi:Strike","Komachi:Strike","Komachi:Defend","Komachi:Defend","Komachi:Defend","Komachi:Defend","Komachi:Bound","Komachi:ReaperScythe","Komachi:FearAura","Komachi:AwaitedRest","Komachi:DestroyHope"],"relics":["Komachi:Relic:FerryingBoat","DaveBox","HushsDoor","KeepersGift","aspiration:Nostalgia","Slimebound:AbsorbEndCombat","SynthV:TestCard","LetterFromLob","MoneyPower"],"acts_visited":["Exordium"],"potions_floor_usage":[6],"damage_taken":[{"damage":7,"enemies":"Small Slimes","floor":1,"turns":5},{"damage":14,"enemies":"conspire:MimicChest","floor":2,"turns":4},{"damage":0,"enemies":"Jaw Worm","floor":4,"turns":5},{"damage":53,"enemies":"Gremlin Nob","floor":6,"turns":6}],"seed_played":"-8442378007584965100","potions_obtained":[{"floor":4,"key":"potionbrewer:InfectionPotion"}],"is_trial":false,"path_per_floor":["M","?","?","M","?","E"],"character_chosen":"KOMACHI_CLASS","items_purchased":[],"campfire_rested":0,"item_purchase_floors":[],"current_hp_per_floor":[68,54,54,59,48,0,0],"gold":231,"neow_bonus":"NOSTALGIA","is_daily":false,"chose_seed":false,"campfire_upgraded":0,"win_rate":0.0,"timestamp":1609458518,"path_taken":["M","?","?","M","?","E"],"items_purchased_type":[],"build_version":"2020-12-22","purchased_purges":0,"victory":false,"max_hp_per_floor":[75,75,75,75,75,75,75],"card_choices":[{"not_picked":["Komachi:Memento","Komachi:Drowning"],"picked":"Komachi:FearAura","floor":1},{"not_picked":["Komachi:Shortcut","Komachi:TasteDeath","Komachi:Drowning","Komachi:TrueMeditation"],"picked":"Komachi:AwaitedRest","floor":2},{"not_picked":["Komachi:EndlessWay","Komachi:BoatSanzu","Komachi:ConfinesAvichi","Komachi:DoubleCut"],"picked":"Komachi:DestroyHope","floor":4}],"player_experience":130702,"relics_obtained":[{"floor":1,"key":"SynthV:TestCard"},{"floor":1,"key":"LetterFromLob"},{"floor":2,"key":"MoneyPower"}],"event_choices":[{"damage_healed":0,"gold_gain":0,"player_choice":"Ignored","damage_taken":0,"max_hp_gain":0,"max_hp_loss":0,"event_name":"Liars Game","floor":3,"gold_loss":0},{"damage_healed":0,"gold_gain":75,"player_choice":"Gather Gold","damage_taken":11,"max_hp_gain":0,"max_hp_loss":0,"event_name":"World of Goop","floor":5,"gold_loss":0}],"is_beta":false,"boss_relics":[],"items_purged_floors":[],"is_endless":false,"potions_floor_spawned":[4],"killed_by":"Gremlin Nob","ascension_level":0}}