{"host":"hfxahm4y1ssattqc","time":1609375661,"event":{"mods":["2.2 Compatiblity","Act Like it!","BaseMod","Beaked The Cultist","BetterRewards","Colored Map","Colored Powertips","Custom Start","Googly Eyes","Halation","Hallownest","Highlight Path","Hubris","Mimic Mod","Minty Spire (QoL Compilation)","Shop Mod","Spikes Relics","StSLib","The Bug Knight","The IronCluck","The Jungle","Unknown Chances","slay the spire mod where everything is the same but ironclad has a cowboy hat"],"gold_per_floor":[110,110,185,104,121,148,148,171,197,197,212,256,256,129,129,255,255,280,59,59,59,80,80,80],"floor_reached":23,"playtime":505,"items_purged":[],"score":222,"play_id":"e03f3460-d200-4f5a-b03a-6a39f27ab3a8","local_time":"20201230164741","is_ascension_mode":false,"campfire_choices":[{"data":"Gash","floor":10,"key":"SMITH"},{"floor":13,"key":"REST"},{"floor":15,"key":"REST"}],"circlet_count":0,"master_deck":["Strike_B","Strike_B","Strike_B","Strike_B","Defend_B","Defend_B","Defend_B","Defend_B","Zap","Dualcast","Hologram","Defragment","Gash+1","Injury","hubris:PowerSurge","Echo Form","Defragment","Hologram","Rainbow","Loop","Defragment+1"],"relics":["Cracked Core","NeowsBlessing","hubris:Icosahedron","Potion Belt","Golden Idol","Tiny Chest","Regal Pillow","Inserter","Medical Kit"],"acts_visited":["Exordium","TheCity"],"potions_floor_usage":[16],"damage_taken":[{"damage":0,"enemies":"Small Slimes","floor":1,"turns":1},{"damage":0,"enemies":"2 Louse","floor":5,"turns":1},{"damage":0,"enemies":"Lagavulin","floor":6,"turns":2},{"damage":0,"enemies":"Cultist","floor":8,"turns":4},{"damage":16,"enemies":"Large Slime","floor":11,"turns":5},{"damage":39,"enemies":"Gremlin Nob","floor":12,"turns":5},{"damage":67,"enemies":"Hexaghost","floor":16,"turns":10},{"damage":27,"enemies":"3 Byrds","floor":18,"turns":5},{"damage":16,"enemies":"Spheric Guardian","floor":22,"turns":5},{"damage":34,"enemies":"Book of Stabbing","floor":23,"turns":3}],"seed_played":"-1376006320812629130","potions_obtained":[{"floor":5,"key":"PowerPotion"},{"floor":16,"key":"EssenceOfDarkness"},{"floor":18,"key":"Fire Potion"}],"is_trial":false,"path_per_floor":["M","?","?","$","M","E","?","M","T","R","M","E","R","$","R","B",null,"M","$","?","?","M","E"],"character_chosen":"DEFECT","items_purchased":["Defragment","Defragment","Hologram","Medical Kit","Defragment"],"campfire_rested":2,"item_purchase_floors":[4,14,14,19,19],"current_hp_per_floor":[75,75,64,64,64,64,64,64,64,64,48,9,46,46,75,8,75,48,48,48,48,32,0,0],"gold":80,"neow_bonus":"THREE_ENEMY_KILL","is_daily":false,"chose_seed":false,"campfire_upgraded":1,"win_rate":0.0,"timestamp":1609375661,"path_taken":["M","?","?","$","M","E","?","M","T","R","M","E","R","$","R","BOSS","M","$","?","?","?","E"],"items_purchased_type":["Card","Card","Card","Relic","Card"],"build_version":"2020-12-22","purchased_purges":0,"victory":false,"max_hp_per_floor":[75,75,75,75,75,75,75,75,75,75,75,75,75,75,75,75,75,75,75,75,75,75,75,75],"card_choices":[{"not_picked":["Rebound","Barrage"],"picked":"Hologram","floor":1},{"not_picked":["Scrape","Barrage","Stack"],"picked":"SKIP","floor":5},{"not_picked":["Auto Shields","Cold Snap"],"picked":"Gash","floor":6},{"not_picked":["Turbo","Streamline","Barrage"],"picked":"SKIP","floor":8},{"not_picked":["Auto Shields","Storm"],"picked":"hubris:PowerSurge","floor":11},{"not_picked":["Auto Shields","Consume"],"picked":"Echo Form","floor":12},{"not_picked":["hubris:DoWhile","Machine Learning"],"picked":"Rainbow","floor":16},{"not_picked":["Gash","Steam"],"picked":"Loop","floor":18},{"not_picked":["Gash","Melter+1","Blizzard"],"picked":"SKIP","floor":22}],"player_experience":845648,"relics_obtained":[{"floor":6,"key":"Potion Belt"},{"floor":9,"key":"Tiny Chest"},{"floor":12,"key":"Regal Pillow"}],"event_choices":[{"damage_healed":0,"gold_gain":75,"player_choice":"Gather Gold","damage_taken":11,"max_hp_gain":0,"max_hp_loss":0,"event_name":"World of Goop","floor":3,"gold_loss":0},{"damage_healed":0,"gold_gain":0,"player_choice":"Take Wound","damage_taken":0,"relics_obtained":["Golden Idol"],"max_hp_gain":0,"max_hp_loss":0,"event_name":"Golden Idol","floor":7,"gold_loss":0,"cards_obtained":["Injury"]},{"damage_healed":0,"gold_gain":0,"player_choice":"Ignored","damage_taken":0,"max_hp_gain":0,"max_hp_loss":0,"event_name":"Vampires","floor":20,"gold_loss":0},{"damage_healed":0,"gold_gain":0,"player_choice":"Forge","damage_taken":0,"max_hp_gain":0,"max_hp_loss":0,"event_name":"Accursed Blacksmith","floor":21,"gold_loss":0,"cards_upgraded":["Defragment"]}],"is_beta":false,"boss_relics":[{"not_picked":["halation:HeavySnake","hubris:CrackedHourglass"],"picked":"Inserter"}],"items_purged_floors":[],"is_endless":false,"potions_floor_spawned":[5,16,18],"killed_by":"Book of Stabbing","ascension_level":0}}