{"host":"os7ajuuouznx3pj7","time":1609426016,"event":{"mods":["AchievementEnabler","BaseMod","Bestiary","Block Reminder","Colored Map","Colored Powertips","Keyboard Shortcuts","Minty Spire (QoL Compilation)","Quick Restart","Relic Stats","SuperFastMode"],"gold_per_floor":[118,67,83,83,101,132,152,152,152,164,164,196,196,206,206,283,283,295,210,130,130,30,30,50,50,73,104,154,12,12,24,24,24,24],"floor_reached":33,"playtime":3797,"items_purged":["Strike_R","Strike_R","Writhe"],"score":646,"play_id":"d34d5c91-8459-411d-94a1-78545cd01b57","local_time":"20201231124656","is_ascension_mode":true,"campfire_choices":[{"data":"Uppercut","floor":8.0,"key":"SMITH"},{"data":"Offering","floor":11.0,"key":"SMITH"},{"data":"Dropkick","floor":13.0,"key":"SMITH"},{"data":"Searing Blow","floor":15.0,"key":"SMITH"},{"data":"Searing Blow+1","floor":23.0,"key":"SMITH"},{"data":"Searing Blow+2","floor":30.0,"key":"SMITH"},{"floor":32.0,"key":"REST"}],"circlet_count":0,"master_deck":["AscendersBane","Strike_R","Strike_R","Strike_R+1","Defend_R","Defend_R","Defend_R","Defend_R","Bash","Offering+1","Thunderclap+1","Wild Strike+1","Uppercut+1","Armaments","Dropkick+1","Thunderclap","Searing Blow+3","Double Tap","Flame Barrier","Armaments","Shrug It Off","Flame Barrier","Armaments"],"relics":["Burning Blood","Boot","Whetstone","The Courier","SlaversCollar","Bag of Marbles","Nilry\u0027s Codex","Tiny Chest","Lantern","Pantograph"],"acts_visited":["Exordium","TheCity"],"potions_floor_usage":[],"damage_taken":[{"damage":6.0,"enemies":"Cultist","floor":1.0,"turns":2.0},{"damage":6.0,"enemies":"Small Slimes","floor":3.0,"turns":2.0},{"damage":0.0,"enemies":"2 Louse","floor":5.0,"turns":2.0},{"damage":21.0,"enemies":"3 Sentries","floor":6.0,"turns":5.0},{"damage":6.0,"enemies":"Looter","floor":7.0,"turns":1.0},{"damage":0.0,"enemies":"2 Fungi Beasts","floor":10.0,"turns":2.0},{"damage":6.0,"enemies":"Gremlin Nob","floor":12.0,"turns":2.0},{"damage":9.0,"enemies":"Large Slime","floor":14.0,"turns":4.0},{"damage":67.0,"enemies":"The Guardian","floor":16.0,"turns":8.0},{"damage":12.0,"enemies":"Spheric Guardian","floor":18.0,"turns":3.0},{"damage":18.0,"enemies":"3 Byrds","floor":24.0,"turns":2.0},{"damage":6.0,"enemies":"Book of Stabbing","floor":27.0,"turns":2.0},{"damage":6.0,"enemies":"Sentry and Sphere","floor":31.0,"turns":3.0},{"damage":70,"enemies":"Collector","floor":33,"turns":5}],"seed_played":"7055180473853182829","potions_obtained":[{"floor":1.0,"key":"Explosive Potion"},{"floor":7.0,"key":"Fire Potion"},{"floor":10.0,"key":"BloodPotion"},{"floor":14.0,"key":"Fruit Juice"},{"floor":24.0,"key":"DistilledChaos"}],"is_trial":false,"path_per_floor":["M","$","M","?","M","E","M","R","T","M","R","E","R","M","R","B",null,"M","?","$","?","$","R","M","?","T","E","?","$","R","M","R","B"],"character_chosen":"IRONCLAD","items_purchased":["Thunderclap","Armaments","Shrug It Off","Energy Potion"],"campfire_rested":1,"item_purchase_floors":[2,20,22,29],"current_hp_per_floor":[68,68,68,68,68,53,53,53,53,59,59,59,59,56,56,14,58,52,52,52,31,31,31,19,19,19,19,19,19,19,19,40,0,0],"gold":24,"neow_bonus":"THREE_RARE_CARDS","is_daily":false,"chose_seed":false,"campfire_upgraded":6,"win_rate":0.0,"timestamp":1609426016,"path_taken":["M","?","?","?","M","E","M","R","T","M","R","E","R","?","R","BOSS","M","?","$","?","$","R","M","?","T","E","?","?","R","M","R","BOSS"],"items_purchased_type":["Card","Card","Card","Potion"],"build_version":"2020-12-22","purchased_purges":3,"victory":false,"max_hp_per_floor":[68,68,68,68,68,68,68,68,68,68,68,68,68,68,68,73,73,73,73,73,73,73,73,73,73,73,73,73,73,73,73,73,73,73],"relic_stats":{"counters":[14,43],"Pantograph":25,"Tiny Chest":0,"Whetstone":["Thunderclap","Strike_R"],"Boot":[12],"obtain_stats":[{"SlaversCollar":17,"Lantern":26,"Nilry\u0027s Codex":21,"Pantograph":27,"Tiny Chest":25,"The Courier":12,"Bag of Marbles":19,"Whetstone":9,"Boot":6,"Burning Blood":0},{"SlaversCollar":9,"Lantern":11,"Nilry\u0027s Codex":10,"Pantograph":12,"Tiny Chest":11,"The Courier":7,"Bag of Marbles":10,"Whetstone":5,"Boot":4,"Burning Blood":0},{"SlaversCollar":28,"Lantern":33,"Nilry\u0027s Codex":31,"Pantograph":35,"Tiny Chest":33,"The Courier":16,"Bag of Marbles":31,"Whetstone":12,"Boot":11,"Burning Blood":0}],"Burning Blood":72},"card_choices":[{"not_picked":["Brutality","Double Tap"],"picked":"Offering","floor":0.0},{"not_picked":["Power Through","Body Slam","Dark Embrace"],"picked":"SKIP","floor":1.0},{"not_picked":["Ghostly Armor","Second Wind"],"picked":"Wild Strike","floor":3.0},{"not_picked":["Rage","Thunderclap"],"picked":"Uppercut","floor":5.0},{"not_picked":["Entrench","Body Slam"],"picked":"Armaments","floor":6.0},{"not_picked":["Metallicize","Limit Break"],"picked":"Dropkick","floor":7.0},{"not_picked":["Sword Boomerang","Rampage","Entrench"],"picked":"SKIP","floor":10.0},{"not_picked":["Clash","Wild Strike"],"picked":"Thunderclap","floor":12.0},{"not_picked":["Infernal Blade","Iron Wave"],"picked":"Searing Blow","floor":14.0},{"not_picked":["Offering","Exhume"],"picked":"Double Tap","floor":16.0},{"not_picked":["Anger","Perfected Strike+1"],"picked":"Flame Barrier","floor":18.0},{"not_picked":["True Grit","Combust","Fire Breathing"],"picked":"SKIP","floor":24.0},{"not_picked":["Warcry","Battle Trance"],"picked":"Flame Barrier","floor":27.0},{"not_picked":["Dropkick","Heavy Blade"],"picked":"Armaments","floor":31.0}],"player_experience":723355,"relics_obtained":[{"floor":6.0,"key":"Boot"},{"floor":9.0,"key":"Whetstone"},{"floor":12.0,"key":"The Courier"},{"floor":21.0,"key":"Nilry\u0027s Codex"},{"floor":26.0,"key":"Lantern"},{"floor":27.0,"key":"Pantograph"}],"event_choices":[{"damage_healed":0.0,"max_hp_gain":0.0,"max_hp_loss":0.0,"gold_gain":0.0,"event_name":"Accursed Blacksmith","player_choice":"Forge","floor":4.0,"gold_loss":0.0,"damage_taken":0.0,"cards_upgraded":["Wild Strike"]},{"damage_healed":0.0,"max_hp_gain":0.0,"max_hp_loss":0.0,"gold_gain":0.0,"event_name":"Addict","player_choice":"Obtained Relic","floor":19.0,"gold_loss":85.0,"damage_taken":0.0,"relics_obtained":["Bag of Marbles"]},{"damage_healed":0.0,"max_hp_gain":0.0,"max_hp_loss":0.0,"gold_gain":0.0,"event_name":"Cursed Tome","player_choice":"Obtained Book","floor":21.0,"gold_loss":0.0,"damage_taken":21.0},{"damage_healed":0.0,"max_hp_gain":0.0,"max_hp_loss":0.0,"gold_gain":0.0,"event_name":"The Mausoleum","player_choice":"Opened","floor":25.0,"gold_loss":0.0,"damage_taken":0.0,"relics_obtained":["Tiny Chest"],"cards_obtained":["Writhe"]},{"damage_healed":0.0,"max_hp_gain":0.0,"max_hp_loss":0.0,"gold_gain":50.0,"event_name":"Nest","player_choice":"Stole From Cult","floor":28.0,"gold_loss":0.0,"damage_taken":0.0}],"is_beta":false,"boss_relics":[{"not_picked":["Snecko Eye","Fusion Hammer"],"picked":"SlaversCollar"}],"items_purged_floors":[20,22,29],"is_endless":false,"potions_floor_spawned":[1,7,10,14,24],"killed_by":"Collector","ascension_level":20}}