{"host":"6z6y4ky8uzsz1dpj","time":1609385036,"event":{"mods":["AchievementEnabler","BaseMod","BetterRewards","Challenge The Spire","Colored Map","Custom Start","Hubris","Mad Scientist","Minty Spire (QoL Compilation)","Quick Restart","Relic Stats","Replay The Spire","StSLib","The Jungle"],"gold_per_floor":[116,133,21,21,35,69,34,34,34,34,66,166,176,192,192,289,289,304,180,180,180,35,69,69,82,82,100,100,100,10,27,27,128,228,243,67,81,81,81,81],"floor_reached":39,"playtime":2140,"items_purged":["MadScienceMod:Strike_MadScience","MadScienceMod:Defend_MadScience"],"score":432,"play_id":"302d4c87-decb-4319-a1a4-cbd06c263bc6","local_time":"20201230222356","is_ascension_mode":false,"campfire_choices":[{"data":"MadScienceMod:Detonate","floor":8,"key":"SMITH"},{"data":"MadScienceMod:BoxOfScraps","floor":10,"key":"SMITH"},{"floor":15,"key":"REST"},{"data":"MadScienceMod:MinatureWeapons","floor":24,"key":"SMITH"},{"data":"MadScienceMod:MinatureWeapons","floor":28,"key":"SMITH"},{"data":"MadScienceMod:GatherParts","floor":32,"key":"SMITH"}],"circlet_count":0,"master_deck":["MadScienceMod:Strike_MadScience","MadScienceMod:Defend_MadScience","MadScienceMod:Defend_MadScience","MadScienceMod:PoweredStrike+1","MadScienceMod:HideBehindJunk+1","MadScienceMod:AssemblyLine","MadScienceMod:NowOrNever","MadScienceMod:AssemblyLine","MadScienceMod:BoxOfScraps+1","MadScienceMod:Detonate+1","MadScienceMod:NowOrNever","MadScienceMod:Bombardment","MadScienceMod:GatherParts+1","MadScienceMod:FragmentationGrenade","MadScienceMod:CaptureMomentum","MadScienceMod:MinatureWeapons+1","MadScienceMod:Bombardment","MadScienceMod:MinatureWeapons+1","MadScienceMod:JunkLaser+1","hubris:NaturalOne","MadScienceMod:BoxOfScraps","MadScienceMod:Postpone","MadScienceMod:ImposingConstruct+1","MadScienceMod:Tune+1","MadScienceMod:Bombardment+1","MadScienceMod:BoxOfScraps","MadScienceMod:MinatureWeapons"],"relics":["MadScienceMod:FuelTank","hubris:BundleOfHerbs","Quantum Egg","hubris:Icosahedron","Replay:Wax Seal","Pen Nib","Kunai","Coffee Dripper","theJungle:BirthdayCakeSlice","Potion Belt","Ornamental Fan","Simple Rune","theJungle:ParSnip","Replay:Grab Bag","Replay:Wanted Poster","Philosopher\u0027s Stone","Astrolabe","hubris:Stopwatch"],"acts_visited":["Exordium","Exordium","TheBeyond"],"potions_floor_usage":[5,13,25,27,37,39],"damage_taken":[{"damage":1,"enemies":"2 Louse","floor":1,"turns":2},{"damage":6,"enemies":"Jaw Worm","floor":2,"turns":5},{"damage":1,"enemies":"Cultist","floor":5,"turns":7},{"damage":18,"enemies":"Lagavulin","floor":6,"turns":7},{"damage":25,"enemies":"Gremlin Nob","floor":11,"turns":4},{"damage":7,"enemies":"Blue Slaver","floor":13,"turns":4},{"damage":10,"enemies":"3 Louse","floor":14,"turns":6},{"damage":18,"enemies":"The Guardian","floor":16,"turns":7},{"damage":11,"enemies":"theJungle:GiantWrat","floor":18,"turns":4},{"damage":5,"enemies":"theJungle:2_Phrogs","floor":23,"turns":5},{"damage":20,"enemies":"theJungle:Flameango_and_Byrd","floor":25,"turns":3},{"damage":36,"enemies":"Snake Plant","floor":27,"turns":6},{"damage":1,"enemies":"theJungle:SlimyTreeVines","floor":31,"turns":5},{"damage":103,"enemies":"theJungle:TotemBoss","floor":33,"turns":8},{"damage":6,"enemies":"Orb Walker","floor":35,"turns":3},{"damage":40,"enemies":"3 Darklings","floor":37,"turns":8},{"damage":35,"enemies":"Transient","floor":39,"turns":4}],"seed_played":"-1565523713410234333","potions_obtained":[{"floor":2,"key":"Swift Potion"},{"floor":6,"key":"BlessingOfTheForge"},{"floor":16,"key":"Elixir"},{"floor":23,"key":"ColorlessPotion"},{"floor":25,"key":"FearPotion"},{"floor":33,"key":"EssenceOfSteel"},{"floor":35,"key":"FearPotion"},{"floor":37,"key":"SteroidPotion"}],"is_trial":false,"path_per_floor":["M","M","$","?","M","E","?","R","T","R","E","?","M","M","R","B",null,"M","$","?","?","$","E","R","M","T","M","R","T","?","M","R","B",null,"M","$","M","$","M"],"character_chosen":"MAD_SCIENTIST","items_purchased":["MadScienceMod:AssemblyLine","Quantum Egg","MadScienceMod:AssemblyLine","MadScienceMod:BoxOfScraps","MadScienceMod:FragmentationGrenade","MadScienceMod:MinatureWeapons","MadScienceMod:Bombardment","MadScienceMod:MinatureWeapons"],"campfire_rested":1,"item_purchase_floors":[0,0,3,3,19,22,22,36],"current_hp_per_floor":[66,60,60,60,59,41,59,59,59,59,34,34,27,17,39,27,75,64,64,69,69,69,64,64,44,44,8,8,8,8,12,12,32,80,74,74,34,34,0,0],"gold":81,"neow_bonus":"","is_daily":false,"chose_seed":false,"campfire_upgraded":5,"win_rate":0.0,"timestamp":1609385036,"path_taken":["M","M","$","?","M","E","?","R","T","R","E","?","?","M","R","BOSS","M","$","?","?","?","E","R","?","T","M","R","?","?","M","R","BOSS","M","$","M","$","M"],"items_purchased_type":["Card","Relic","Card","Card","Card","Card","Card","Card"],"build_version":"2020-12-22","purchased_purges":2,"victory":false,"max_hp_per_floor":[75,75,75,75,75,75,75,75,75,75,75,75,75,75,75,75,75,75,75,80,80,80,80,80,80,80,80,80,80,80,80,80,80,80,80,80,80,80,80,80],"relic_stats":{"counters":[24,124],"Ornamental Fan":[0],"Astrolabe":["MadScienceMod:ImposingConstruct","MadScienceMod:Tune","MadScienceMod:Bombardment"],"Pen Nib":[5],"Kunai":[0],"obtain_stats":[{"MadScienceMod:FuelTank":0,"Potion Belt":23,"Lantern":9,"Quantum Egg":0,"Replay:Grab Bag":34,"Astrolabe":34,"Oddly Smooth Stone":0,"Pen Nib":9,"Peace Pipe":0,"Replay:Wanted Poster":34,"hubris:Icosahedron":4,"hubris:AstralHammer":0,"theJungle:BirthdayCakeSlice":20,"Ornamental Fan":26,"hubris:Stopwatch":34,"Simple Rune":29,"Philosopher\u0027s Stone":34,"hubris:BundleOfHerbs":0,"Coffee Dripper":17,"Kunai":11,"Replay:Wax Seal":6,"theJungle:ParSnip":30},{"MadScienceMod:FuelTank":0,"Potion Belt":17,"Lantern":6,"Quantum Egg":7,"Replay:Grab Bag":21,"Astrolabe":21,"Oddly Smooth Stone":0,"Pen Nib":11,"Peace Pipe":0,"Replay:Wanted Poster":21,"hubris:Icosahedron":9,"hubris:AstralHammer":0,"theJungle:BirthdayCakeSlice":16,"Ornamental Fan":18,"hubris:Stopwatch":21,"Simple Rune":19,"Philosopher\u0027s Stone":21,"hubris:BundleOfHerbs":7,"Coffee Dripper":15,"Kunai":12,"Replay:Wax Seal":11,"theJungle:ParSnip":19},{"MadScienceMod:FuelTank":0,"Potion Belt":87,"Lantern":31,"Quantum Egg":36,"Replay:Grab Bag":109,"Astrolabe":109,"Oddly Smooth Stone":0,"Pen Nib":57,"Peace Pipe":0,"Replay:Wanted Poster":109,"hubris:Icosahedron":43,"hubris:AstralHammer":0,"theJungle:BirthdayCakeSlice":82,"Ornamental Fan":90,"hubris:Stopwatch":109,"Simple Rune":96,"Philosopher\u0027s Stone":109,"hubris:BundleOfHerbs":36,"Coffee Dripper":78,"Kunai":61,"Replay:Wax Seal":57,"theJungle:ParSnip":96}]},"card_choices":[{"not_picked":["MadScienceMod:MechanicalClaw","MadScienceMod:ExtractOil","MadScienceMod:ShrinkRay"],"picked":"SKIP","floor":1},{"not_picked":["MadScienceMod:SelfDestruct","MadScienceMod:Probe"],"picked":"MadScienceMod:NowOrNever","floor":2},{"not_picked":["MadScienceMod:FlameCannon","MadScienceMod:OmniHammer"],"picked":"MadScienceMod:Detonate","floor":5},{"not_picked":["MadScienceMod:AcidSpray","MadScienceMod:RadioactiveSword"],"picked":"MadScienceMod:NowOrNever","floor":6},{"not_picked":["MadScienceMod:Tune","MadScienceMod:FlexibleSpear","MadScienceMod:Retarget"],"picked":"SKIP","floor":11},{"not_picked":["MadScienceMod:Detonate","MadScienceMod:AntimatterBomb"],"picked":"MadScienceMod:Bombardment","floor":13},{"not_picked":["MadScienceMod:EnergyBarrier","MadScienceMod:AcidSpray","MadScienceMod:TimeDilationField"],"picked":"SKIP","floor":14},{"not_picked":["MadScienceMod:Booster","MadScienceMod:Mechanize"],"picked":"MadScienceMod:GatherParts","floor":16},{"not_picked":["MadScienceMod:ShrinkRay","MadScienceMod:Poke","MadScienceMod:MechanicalClaw+1"],"picked":"SKIP","floor":18},{"not_picked":["MadScienceMod:AntimatterBomb","MadScienceMod:Inflate"],"picked":"MadScienceMod:MinatureWeapons","floor":23},{"not_picked":["MadScienceMod:ShrinkRay","MadScienceMod:FragmentationGrenade"],"picked":"MadScienceMod:JunkLaser+1","floor":25},{"not_picked":["MadScienceMod:FumeBlast","MadScienceMod:NowOrNever+1","MadScienceMod:CondenseVapors"],"picked":"SKIP","floor":27},{"not_picked":["MadScienceMod:MechanicalClaw","MadScienceMod:Tune"],"picked":"MadScienceMod:BoxOfScraps","floor":31},{"not_picked":["MadScienceMod:Reconstitute","MadScienceMod:GlassCannon"],"picked":"MadScienceMod:Postpone","floor":33},{"not_picked":["MadScienceMod:Strafe","MadScienceMod:AntimatterBomb"],"picked":"MadScienceMod:BoxOfScraps","floor":35},{"not_picked":["MadScienceMod:LightOnFire+1","MadScienceMod:MechanicalClaw","MadScienceMod:FragmentationGrenade"],"picked":"SKIP","floor":37}],"player_experience":216420,"relics_obtained":[{"floor":6,"key":"Replay:Wax Seal"},{"floor":9,"key":"Pen Nib"},{"floor":11,"key":"Kunai"},{"floor":23,"key":"Potion Belt"},{"floor":26,"key":"Ornamental Fan"},{"floor":29,"key":"Simple Rune"}],"event_choices":[{"damage_healed":18,"gold_gain":0,"player_choice":"Healed","damage_taken":0,"max_hp_gain":0,"max_hp_loss":0,"event_name":"The Cleric","floor":7,"gold_loss":35},{"damage_healed":0,"gold_gain":100,"player_choice":"Pray","damage_taken":0,"max_hp_gain":0,"max_hp_loss":0,"event_name":"Golden Shrine","floor":12,"gold_loss":0}],"is_beta":false,"boss_relics":[{"not_picked":["Snecko Eye","SlaversCollar"],"picked":"Coffee Dripper"},{"not_picked":["Kintsugi","Pandora\u0027s Box"],"picked":"Replay:Grab Bag"},{"not_picked":["hubris:RunicObelisk","Velvet Choker"],"picked":"Replay:Wanted Poster"},{"not_picked":["hubris:TerracottaHorce","ReplayTheSpireMod:DimensionalGlitch"],"picked":"Philosopher\u0027s Stone"},{"not_picked":["Replay:Drink Me","Calling Bell"],"picked":"Astrolabe"},{"not_picked":["MadScienceMod:PortablePumpjack","hubris:HollowSoul"],"picked":"hubris:Stopwatch"}],"items_purged_floors":[19,36],"is_endless":false,"potions_floor_spawned":[2,6,16,23,25,33,35,37],"killed_by":"Transient","ascension_level":0}}