{"host":"htqwg582tjjtn9p7","time":1609415254,"event":{"mods":["2.2 Compatiblity","AchievementEnabler","Act Like it!","Aspiration","BaseMod","Better Third Choice","Colored Map","Conspire","Curses Come First","Displayed Cursed Tome","Energized Spire","Force Act Four","GifTheSpireLib","Hermit","Highlight Path","JesterMod","Mad Scientist","Minty Spire (QoL Compilation)","Pale of the Ancients","Permanent Neow","Random Character Button","Relic Stats","Replay The Spire","Robot Space Explorer","Somnambulant","Spicy Shops","Spikes Relics","StSLib","Stuff the Spire","The Blue Laboratory","The Disciple","The Dragon Tamer","The Forsaken","The Gatherer","The Judge","The Jungle","The Marked","The Runesmith","The Servant 0.9.4"],"gold_per_floor":[113,113,113,132,181,210,210,238,265,298,298,329,343,356,356,459,459,477,477,477,43,70,70,95,95,95,123,136,166,185,202,202,301,301,316,371,379,379],"floor_reached":37,"playtime":6442,"items_purged":["Shame"],"score":984,"play_id":"77713ba6-b758-49d9-8790-64ac48e5a19f","local_time":"20201231124734","is_ascension_mode":true,"campfire_choices":[{"floor":7,"key":"REST"},{"floor":11,"key":"REST"},{"data":"RobotSpaceExplorer:StarDust","floor":15,"key":"SMITH"},{"floor":23,"key":"REST"},{"floor":25,"key":"REST"},{"floor":32,"key":"REST"}],"circlet_count":0,"master_deck":["RobotSpaceExplorer:Strike","RobotSpaceExplorer:Strike","RobotSpaceExplorer:Strike","RobotSpaceExplorer:Defend","RobotSpaceExplorer:Defend","RobotSpaceExplorer:Defend","RobotSpaceExplorer:Scan","RobotSpaceExplorer:MiniLasers","RobotSpaceExplorer:IronShell","RobotSpaceExplorer:SurgingShield","RobotSpaceExplorer:SurgingStrike+1","RobotSpaceExplorer:SwiftStep","RobotSpaceExplorer:Jetpack","RobotSpaceExplorer:PlasmaMissile","RobotSpaceExplorer:MiniDrones","RobotSpaceExplorer:StarDust+1","RobotSpaceExplorer:SelfCleaning","RobotSpaceExplorer:GearShield","RobotSpaceExplorer:StarLightning","Apotheosis","RobotSpaceExplorer:Probe","RobotSpaceExplorer:Probe","RobotSpaceExplorer:ChargingLaser","RobotSpaceExplorer:Pulsar+1","RobotSpaceExplorer:JunkDive+1"],"relics":["RobotSpaceExplorer:RoboCore","Blood Vial","aspiration:Lifesprig","Regal Pillow","theForsaken:Lifeblossom","Shuriken","Ice Cream","Philosopher\u0027s Stone","StuffTheSpire:EmeraldSignet","Replay:Baseball","ZombieTooth","StuffTheSpire:RubySignet","aspiration:SeaSaltIceCream","ReplayTheSpireMod:Ninjato","ReplayFunnel","energizedSpire:MagnifyingGlass","Replay:PocketPolymizer"],"acts_visited":["Exordium","TheCity","TheBeyond"],"potions_floor_usage":[6,8,16,24,24,27,31,33,37],"damage_taken":[{"damage":0,"enemies":"Small Slimes","floor":1,"turns":5},{"damage":0,"enemies":"Jaw Worm","floor":4,"turns":3},{"damage":45,"enemies":"Gremlin Nob","floor":6,"turns":6},{"damage":6,"enemies":"Replay:BlueRogue","floor":8,"turns":11},{"damage":24,"enemies":"Gremlin Nob","floor":10,"turns":4},{"damage":32,"enemies":"Lagavulin","floor":12,"turns":10},{"damage":3,"enemies":"Cultist","floor":13,"turns":4},{"damage":8,"enemies":"Exordium Wildlife","floor":14,"turns":5},{"damage":19,"enemies":"Hexaghost","floor":16,"turns":9},{"damage":25,"enemies":"Chosen","floor":18,"turns":5},{"damage":38,"enemies":"Slavers","floor":24,"turns":6},{"damage":19,"enemies":"Book of Stabbing","floor":27,"turns":5},{"damage":13,"enemies":"3 Byrds","floor":28,"turns":4},{"damage":20,"enemies":"Replay:Snechameleon","floor":29,"turns":5},{"damage":20,"enemies":"Snake Plant","floor":30,"turns":5},{"damage":7,"enemies":"Shelled Parasite and Fungi","floor":31,"turns":4},{"damage":2,"enemies":"Pondfish","floor":33,"turns":9},{"damage":0,"enemies":"Orb Walker","floor":35,"turns":4},{"damage":52,"enemies":"2 Orb Walkers","floor":36,"turns":7},{"damage":44,"enemies":"conspire:MimicChest","floor":37,"turns":8}],"seed_played":"8455237185268482157","potions_obtained":[{"floor":4,"key":"Reflective Coating"},{"floor":6,"key":"Explosive Potion"},{"floor":14,"key":"Fire Potion"},{"floor":24,"key":"AttackPotion"},{"floor":30,"key":"AttackPotion"},{"floor":31,"key":"BlessingOfTheForge"},{"floor":33,"key":"blueLaboratory:PhilterOfMotion"}],"is_trial":false,"path_per_floor":["M","?","?","M","T","E","R","E","T","E","R","E","M","M","R","B",null,"M","?","?","$","T","R","E","R","T","E","M","E","M","M","R","B",null,"M","?","?"],"character_chosen":"RobotSpaceExplorer","items_purchased":["Apotheosis","PowerPotion"],"campfire_rested":5,"item_purchase_floors":[21,21],"current_hp_per_floor":[68,68,73,73,73,30,54,50,50,34,73,48,53,53,53,42,71,54,54,54,54,54,80,49,80,80,62,57,45,35,44,80,80,80,80,31,0,0],"gold":379,"neow_bonus":"TRANSFORM_CARD","is_daily":false,"chose_seed":false,"campfire_upgraded":1,"win_rate":0.0,"timestamp":1609415254,"path_taken":["M","?","?","M","?","E","R","E","T","E","R","E","M","?","R","BOSS","M","?","?","$","?","R","E","R","T","E","M","E","?","?","R","BOSS","M","?","?"],"items_purchased_type":["Card","Potion"],"build_version":"2020-12-22","purchased_purges":1,"victory":false,"max_hp_per_floor":[75,75,80,80,80,80,80,80,80,80,80,80,80,80,80,80,80,80,80,80,80,80,80,80,80,80,80,80,80,80,80,80,80,80,80,80,80,80],"relic_stats":{"Blood Vial":26,"Regal Pillow":36,"counters":[20,119],"Shuriken":[24],"obtain_stats":[{"Ice Cream":12,"ReplayFunnel":29,"aspiration:Lifesprig":6,"Regal Pillow":8,"ReplayTheSpireMod:Ninjato":27,"Replay:PocketPolymizer":36,"RobotSpaceExplorer:RoboCore":0,"theForsaken:Lifeblossom":9,"StuffTheSpire:EmeraldSignet":20,"aspiration:SeaSaltIceCream":27,"Blood Vial":5,"Replay:Baseball":22,"ZombieTooth":24,"Shuriken":10,"Philosopher\u0027s Stone":17,"StuffTheSpire:RubySignet":26,"energizedSpire:MagnifyingGlass":34},{"Ice Cream":6,"ReplayFunnel":14,"aspiration:Lifesprig":3,"Regal Pillow":4,"ReplayTheSpireMod:Ninjato":12,"Replay:PocketPolymizer":19,"RobotSpaceExplorer:RoboCore":0,"theForsaken:Lifeblossom":4,"StuffTheSpire:EmeraldSignet":10,"aspiration:SeaSaltIceCream":12,"Blood Vial":2,"Replay:Baseball":10,"ZombieTooth":11,"Shuriken":5,"Philosopher\u0027s Stone":9,"StuffTheSpire:RubySignet":11,"energizedSpire:MagnifyingGlass":17},{"Ice Cream":39,"ReplayFunnel":82,"aspiration:Lifesprig":14,"Regal Pillow":25,"ReplayTheSpireMod:Ninjato":73,"Replay:PocketPolymizer":111,"RobotSpaceExplorer:RoboCore":0,"theForsaken:Lifeblossom":25,"StuffTheSpire:EmeraldSignet":62,"aspiration:SeaSaltIceCream":73,"Blood Vial":8,"Replay:Baseball":62,"ZombieTooth":68,"Shuriken":29,"Philosopher\u0027s Stone":57,"StuffTheSpire:RubySignet":68,"energizedSpire:MagnifyingGlass":100}]},"card_choices":[{"not_picked":["RobotSpaceExplorer:MetalStrike","RobotSpaceExplorer:Electropulse"],"picked":"RobotSpaceExplorer:SurgingShield","floor":1},{"not_picked":["RobotSpaceExplorer:MetalStrike","RobotSpaceExplorer:StunGrenade"],"picked":"RobotSpaceExplorer:SwiftStep","floor":4},{"not_picked":["RobotSpaceExplorer:SurgingShield","RobotSpaceExplorer:SlimeMissile"],"picked":"RobotSpaceExplorer:Jetpack","floor":6},{"not_picked":["RobotSpaceExplorer:ExhaustFan","RobotSpaceExplorer:StunGrenade"],"picked":"RobotSpaceExplorer:PlasmaMissile","floor":8},{"not_picked":["RobotSpaceExplorer:BigMissile","RobotSpaceExplorer:SlimeMissile"],"picked":"RobotSpaceExplorer:MiniDrones","floor":10},{"not_picked":["RobotSpaceExplorer:GlueShot","RobotSpaceExplorer:FrostMissile"],"picked":"RobotSpaceExplorer:StarDust","floor":12},{"not_picked":["RobotSpaceExplorer:SwiftStep","RobotSpaceExplorer:MakeshiftVolley"],"picked":"RobotSpaceExplorer:SelfCleaning","floor":13},{"not_picked":["RobotSpaceExplorer:Counterblock","RobotSpaceExplorer:Electropulse"],"picked":"RobotSpaceExplorer:GearShield","floor":14},{"not_picked":["RobotSpaceExplorer:StunGrenade","RobotSpaceExplorer:Probe"],"picked":"RobotSpaceExplorer:StarLightning","floor":18},{"not_picked":["RobotSpaceExplorer:SlimeMissile","RobotSpaceExplorer:SurgingShield","RobotSpaceExplorer:StunGrenade"],"picked":"SKIP","floor":24},{"not_picked":["RobotSpaceExplorer:ShockKick","RobotSpaceExplorer:PowerCollector"],"picked":"RobotSpaceExplorer:Probe","floor":27},{"not_picked":["RobotSpaceExplorer:SurgingShield","RobotSpaceExplorer:GlueShot","RobotSpaceExplorer:FrostMissile"],"picked":"SKIP","floor":28},{"not_picked":["RobotSpaceExplorer:TurboDodge+1","RobotSpaceExplorer:Blaster","RobotSpaceExplorer:Counterblock"],"picked":"SKIP","floor":29},{"not_picked":["RobotSpaceExplorer:Electropulse","RobotSpaceExplorer:SlimeMissile","RobotSpaceExplorer:SwiftStep"],"picked":"SKIP","floor":30},{"not_picked":["RobotSpaceExplorer:SwiftStep","RobotSpaceExplorer:GlueShot"],"picked":"RobotSpaceExplorer:Probe","floor":31},{"not_picked":["RobotSpaceExplorer:Autoloader","RobotSpaceExplorer:TrailblazerForm"],"picked":"RobotSpaceExplorer:ChargingLaser","floor":33},{"not_picked":["RobotSpaceExplorer:SurgingStrike+1","RobotSpaceExplorer:SwiftStep+1"],"picked":"RobotSpaceExplorer:Pulsar+1","floor":35},{"not_picked":["RobotSpaceExplorer:ImprovisedAttack+1","RobotSpaceExplorer:Electroshield+1"],"picked":"RobotSpaceExplorer:JunkDive+1","floor":36}],"player_experience":1841587,"relics_obtained":[{"floor":5,"key":"Blood Vial"},{"floor":6,"key":"aspiration:Lifesprig"},{"floor":8,"key":"Regal Pillow"},{"floor":9,"key":"theForsaken:Lifeblossom"},{"floor":10,"key":"Shuriken"},{"floor":12,"key":"Ice Cream"},{"floor":22,"key":"Replay:Baseball"},{"floor":24,"key":"ZombieTooth"},{"floor":26,"key":"StuffTheSpire:RubySignet"},{"floor":27,"key":"aspiration:SeaSaltIceCream"},{"floor":29,"key":"ReplayFunnel"},{"floor":36,"key":"Replay:PocketPolymizer"}],"event_choices":[{"damage_healed":0,"gold_gain":0,"player_choice":"Donut","damage_taken":0,"max_hp_gain":5,"max_hp_loss":0,"event_name":"Big Fish","floor":3,"gold_loss":0},{"damage_healed":0,"gold_gain":0,"player_choice":"Stole Relic","damage_taken":0,"relics_obtained":["StuffTheSpire:EmeraldSignet"],"max_hp_gain":0,"max_hp_loss":0,"event_name":"Addict","floor":20,"gold_loss":0,"cards_obtained":["Shame"]},{"damage_healed":0,"gold_gain":0,"player_choice":"Fight","damage_taken":0,"max_hp_gain":0,"max_hp_loss":0,"event_name":"Mysterious Sphere","floor":36,"gold_loss":0}],"is_beta":false,"boss_relics":[{"not_picked":["aspiration:IroncladSkillbook","Sozu"],"picked":"Philosopher\u0027s Stone"},{"not_picked":["aspiration:SecretTechniqueScroll","Runesmith:UraniumAnvil"],"picked":"energizedSpire:MagnifyingGlass"}],"items_purged_floors":[21],"is_endless":false,"potions_floor_spawned":[4,6,14,24,30,31,33,35],"killed_by":"conspire:MimicChest","ascension_level":8}}