{"host":"m77rrhbqzv44va4v","time":1609392723,"event":{"mods":["AchievementEnabler","BaseMod","Colored Map","DeckTracker","Keyboard Shortcuts","Minty Spire (QoL Compilation)","StSLib","SuperFastMode","everything is the same but u backflip on backflip"],"gold_per_floor":[109,121,132,150,150,150,179,104,128,128,147,182,119,119,119,119,119],"floor_reached":16,"playtime":368,"items_purged":["Strike_R"],"score":204,"play_id":"2257ae61-edbd-41c6-8e56-25bf477fbc82","local_time":"20201231143203","is_ascension_mode":true,"campfire_choices":[{"data":"Metallicize","floor":6.0,"key":"SMITH"},{"floor":10.0,"key":"REST"},{"data":"Shockwave","floor":15,"key":"SMITH"}],"circlet_count":0,"master_deck":["AscendersBane","Strike_R","Strike_R","Strike_R","Defend_R","Defend_R","Defend_R","Defend_R","Bash","Trip","Shrug It Off","Dropkick","True Grit","Metallicize+1","Cleave","Dropkick","Shockwave+1"],"relics":["Burning Blood","Toy Ornithopter","Regal Pillow","Strawberry","MawBank"],"acts_visited":["Exordium"],"potions_floor_usage":[12,12],"damage_taken":[{"damage":7.0,"enemies":"Small Slimes","floor":1.0,"turns":4.0},{"damage":19.0,"enemies":"Jaw Worm","floor":2.0,"turns":6.0},{"damage":1.0,"enemies":"2 Louse","floor":3.0,"turns":3.0},{"damage":6.0,"enemies":"Blue Slaver","floor":4.0,"turns":4.0},{"damage":56.0,"enemies":"Gremlin Nob","floor":7.0,"turns":7.0},{"damage":14.0,"enemies":"Lots of Slimes","floor":11.0,"turns":5.0},{"damage":28,"enemies":"Lagavulin","floor":12,"turns":5},{"damage":44,"enemies":"Hexaghost","floor":16,"turns":11}],"seed_played":"-9185414321049480361","potions_obtained":[{"floor":1.0,"key":"ElixirPotion"},{"floor":4.0,"key":"Weak Potion"},{"floor":7.0,"key":"BlessingOfTheForge"},{"floor":11.0,"key":"ColorlessPotion"}],"is_trial":false,"path_per_floor":["M","M","M","M","?","R","E","?","T","R","M","E","$","?","R","B"],"character_chosen":"IRONCLAD","items_purchased":[],"campfire_rested":1,"item_purchase_floors":[],"current_hp_per_floor":[67,54,59,59,54,54,14,14,21,60,52,40,40,40,40,0,0],"gold":119,"neow_bonus":"RANDOM_COLORLESS","is_daily":false,"chose_seed":false,"campfire_upgraded":2,"win_rate":0.0,"timestamp":1609392723,"path_taken":["M","M","M","M","?","R","E","?","T","R","M","E","$","?","R","BOSS"],"items_purchased_type":[],"build_version":"2020-12-22","purchased_purges":1,"victory":false,"max_hp_per_floor":[75,75,75,75,75,75,75,75,82,82,82,82,82,82,82,82,82],"card_choices":[{"not_picked":["Mind Blast","PanicButton"],"picked":"Trip","floor":0.0},{"not_picked":["Reckless Charge","Evolve"],"picked":"Shrug It Off","floor":1.0},{"not_picked":["Twin Strike","Anger"],"picked":"Dropkick","floor":2.0},{"not_picked":["Feel No Pain","Heavy Blade"],"picked":"True Grit","floor":3.0},{"not_picked":["Flex","Headbutt"],"picked":"Metallicize","floor":4.0},{"not_picked":["Rage","Anger"],"picked":"Cleave","floor":7.0},{"not_picked":["Rage","Metallicize"],"picked":"Dropkick","floor":11.0},{"not_picked":["Shrug It Off","Twin Strike"],"picked":"Shockwave","floor":12}],"player_experience":847894,"relics_obtained":[{"floor":7.0,"key":"Regal Pillow"},{"floor":9.0,"key":"Strawberry"},{"floor":12,"key":"MawBank"}],"event_choices":[{"damage_healed":0.0,"max_hp_gain":0.0,"max_hp_loss":0.0,"gold_gain":0.0,"event_name":"Scrap Ooze","player_choice":"Success","floor":5.0,"gold_loss":0.0,"damage_taken":5.0,"relics_obtained":["Toy Ornithopter"]},{"cards_removed":["Strike_R"],"damage_healed":0.0,"max_hp_gain":0.0,"max_hp_loss":0.0,"gold_gain":0.0,"event_name":"The Cleric","player_choice":"Card Removal","floor":8.0,"gold_loss":75.0,"damage_taken":0.0},{"damage_healed":0,"gold_gain":0,"player_choice":"Ignored","damage_taken":0,"max_hp_gain":0,"max_hp_loss":0,"event_name":"Liars Game","floor":14,"gold_loss":0}],"is_beta":false,"boss_relics":[],"items_purged_floors":[13],"is_endless":false,"potions_floor_spawned":[1,4,7,11],"killed_by":"Hexaghost","ascension_level":17}}