{"host":"bf9sa99gaumonoeu","time":1609422483,"event":{"mods":["AchievementEnabler","Act Like it!","BaseMod","Colored Map","Colored Powertips","Downfall","Friendly Minions","Gensokyo","Hermit","Jorbs\u0027s Wanderer Trilogy","Marisa????????","Minty Spire (QoL Compilation)","Remilia??????","Replay The Spire","Shop Mod","StSLib","The Animator","The Bug Knight","The Cursed","The Disciple","The Hierophant","The Senshi","The Servant 0.9.4"],"gold_per_floor":[121,136,149,164,164,199,199,244,244,244,254,286,286,316,316,421,421,438,458,477,497,497,497,497,527,527,543,584,609,609,622,622,622,622],"floor_reached":33,"playtime":4092,"items_purged":[],"score":349,"play_id":"0753e707-1812-4848-ad97-d49b238cd883","local_time":"20201231114803","is_ascension_mode":true,"campfire_choices":[{"data":"animator:YunYun","floor":10.0,"key":"SMITH"},{"data":"animator:Elsword","floor":13.0,"key":"SMITH"},{"data":"animator:Tatsumaki","floor":15.0,"key":"SMITH"},{"floor":23.0,"key":"REST"},{"data":"animator:Saitama","floor":32,"key":"SMITH"}],"circlet_count":0,"master_deck":["animator:Strike_Konosuba","animator:Defend_Konosuba","animator:Strike","animator:Strike","animator:Defend","animator:Defend","animator:Defend","animator:Kazuma","animator:Aqua","animator:Sonic","animator:YunYun+1","animator:Genos","animator:EmiyaShirou","animator:Vanir","animator:RinTohsaka","animator:Chung","animator:Elsword+1","animator:Ara","animator:Tatsumaki+1","animator:Saber","animator:HighElfArcher","animator:EmiyaShirou","animator:Vanir+1","animator:Saitama+1","animator:GuildGirl","animator:Kazuma+1","animator:Archer","animator:Aqua"],"relics":["animator:LivingPicture","animator:TheMissingPiece","animator:Buoy","Mango","animator:EngravedStaff","animator:OldCoffin","Painkiller Herb","Replay:Kaleidoscope","Meat on the Bone","ReplayTheSpireMod:TigerMarble","Omamori"],"acts_visited":["Exordium","TheCity"],"potions_floor_usage":[28,28,33],"damage_taken":[{"damage":3.0,"enemies":"Cultist","floor":1.0,"turns":7.0},{"damage":0.0,"enemies":"Small Slimes","floor":2.0,"turns":4.0},{"damage":1.0,"enemies":"2 Louse","floor":3.0,"turns":2.0},{"damage":0.0,"enemies":"Blue Slaver","floor":4.0,"turns":4.0},{"damage":13.0,"enemies":"Replay:BlueRogue","floor":6.0,"turns":5.0},{"damage":8.0,"enemies":"3 Sentries","floor":8.0,"turns":5.0},{"damage":4.0,"enemies":"3 Louse","floor":11.0,"turns":4.0},{"damage":1.0,"enemies":"Exordium Wildlife","floor":12.0,"turns":4.0},{"damage":4.0,"enemies":"Gremlin Nob","floor":14.0,"turns":3.0},{"damage":5.0,"enemies":"Fading Forest","floor":16.0,"turns":11.0},{"damage":0.0,"enemies":"Spheric Guardian","floor":18.0,"turns":3.0},{"damage":0.0,"enemies":"Chosen","floor":19.0,"turns":4.0},{"damage":15.0,"enemies":"Centurion and Healer","floor":20.0,"turns":5.0},{"damage":4.0,"enemies":"Cultist and Chosen","floor":21.0,"turns":4.0},{"damage":37.0,"enemies":"Slavers","floor":25.0,"turns":4.0},{"damage":11,"enemies":"Snecko","floor":27,"turns":5},{"damage":33,"enemies":"animator:HornedBat","floor":28,"turns":8},{"damage":4,"enemies":"3 Cultists","floor":31,"turns":4},{"damage":37,"enemies":"Pondfish","floor":33,"turns":4}],"seed_played":"661428536947839675","potions_obtained":[{"floor":1.0,"key":"Explosive Potion"},{"floor":2.0,"key":"BlessingOfTheForge"},{"floor":8.0,"key":"Explosive Potion"},{"floor":14.0,"key":"BlessingOfTheForge"},{"floor":25.0,"key":"Dexterity Potion"},{"floor":27,"key":"Energy Potion"},{"floor":28,"key":"animator:FalseLifePotion"}],"is_trial":false,"path_per_floor":["M","M","M","M","?","E","?","E","T","R","M","M","R","E","R","B",null,"?","?","?","?","?","T","?","E","T","?","E","T","?","?","T","B"],"character_chosen":"THE_ANIMATOR","items_purchased":[],"campfire_rested":1,"item_purchase_floors":[],"current_hp_per_floor":[63,65,66,67,60,49,49,57,57,57,56,57,57,53,53,64,82,82,82,67,63,47,73,73,38,38,41,22,22,22,32,32,0,0],"gold":622,"neow_bonus":"THREE_CARDS","is_daily":false,"chose_seed":false,"campfire_upgraded":4,"win_rate":0.0,"timestamp":1609422483,"path_taken":["M","M","M","M","?","E","?","E","T","R","M","M","R","E","R","BOSS","?","?","?","?","?","T","?","E","T","?","E","?","?","?","T","BOSS"],"items_purchased_type":[],"build_version":"2020-12-22","purchased_purges":0,"victory":false,"max_hp_per_floor":[66,66,66,67,67,67,67,81,81,81,82,82,82,82,82,82,82,82,82,82,82,87,87,87,87,87,87,87,87,87,87,87,87,87],"card_choices":[{"not_picked":["animator:Kuribayashi","animator:TukaLunaMarceau"],"picked":"animator:Sonic","floor":0.0},{"not_picked":["animator:Archer","animator:Witch"],"picked":"animator:YunYun","floor":1.0},{"not_picked":["animator:Sonic","animator:Verdia"],"picked":"animator:Genos","floor":2.0},{"not_picked":["animator:Illya","animator:SuzuneAmano"],"picked":"animator:EmiyaShirou","floor":3.0},{"not_picked":["animator:Verdia","animator:Kazuma"],"picked":"animator:Vanir","floor":4.0},{"not_picked":["animator:MamiTomoe","animator:Assassin"],"picked":"animator:RinTohsaka","floor":6.0},{"not_picked":["animator:SakuraMatou","animator:SuzuneAmano"],"picked":"animator:Chung","floor":8.0},{"not_picked":["animator:Illya","animator:Assassin"],"picked":"animator:Elsword","floor":11.0},{"not_picked":["animator:Ain","animator:Elsword"],"picked":"animator:Ara","floor":12.0},{"not_picked":["animator:IrohaTamaki","animator:SilverFang"],"picked":"animator:Tatsumaki","floor":14.0},{"not_picked":["animator:Wiz","animator:Eve"],"picked":"animator:Saber","floor":16.0},{"not_picked":["animator:Tyuule","animator:Spearman"],"picked":"animator:HighElfArcher","floor":18.0},{"not_picked":["animator:Illya","animator:Tatsumaki","animator:Verdia"],"picked":"SKIP","floor":19.0},{"not_picked":["animator:RinTohsaka","animator:Rider"],"picked":"animator:EmiyaShirou","floor":20.0},{"not_picked":["animator:IrohaTamaki","animator:Rider"],"picked":"animator:Vanir+1","floor":21.0},{"not_picked":["animator:KyokoSakura","animator:Spearman"],"picked":"animator:GuildGirl","floor":25.0},{"not_picked":["animator:Add","animator:Elsword"],"picked":"animator:Kazuma+1","floor":27},{"not_picked":["animator:Caster","animator:RinTohsaka"],"picked":"animator:Archer","floor":28},{"not_picked":["animator:Assassin","animator:YaoHaDucy"],"picked":"animator:Aqua","floor":31}],"player_experience":621004,"relics_obtained":[{"floor":6.0,"key":"animator:Buoy"},{"floor":8.0,"key":"Mango"},{"floor":9.0,"key":"animator:EngravedStaff"},{"floor":14.0,"key":"animator:OldCoffin"},{"floor":25.0,"key":"Replay:Kaleidoscope"},{"floor":26.0,"key":"Meat on the Bone"},{"floor":28,"key":"ReplayTheSpireMod:TigerMarble"},{"floor":29,"key":"Omamori"}],"event_choices":[{"cards_removed":["animator:Strike"],"damage_healed":0.0,"max_hp_gain":0.0,"max_hp_loss":0.0,"gold_gain":0.0,"event_name":"Golden Wing","player_choice":"Card Removal","floor":5.0,"gold_loss":0.0,"damage_taken":7.0},{"damage_healed":0.0,"max_hp_gain":0.0,"max_hp_loss":0.0,"gold_gain":0.0,"event_name":"Liars Game","player_choice":"Ignored","floor":7.0,"gold_loss":0.0,"damage_taken":0.0},{"damage_healed":0.0,"max_hp_gain":5.0,"max_hp_loss":0.0,"gold_gain":0.0,"event_name":"Forgotten Altar","player_choice":"Shed Blood","floor":22.0,"gold_loss":0.0,"damage_taken":21.0},{"damage_healed":0.0,"max_hp_gain":0.0,"max_hp_loss":0.0,"gold_gain":0.0,"event_name":"The Library","player_choice":"Read","floor":24.0,"gold_loss":0.0,"damage_taken":0.0,"cards_obtained":["animator:Saitama"]}],"is_beta":false,"boss_relics":[{"not_picked":["Cursed Key","Philosopher\u0027s Stone"],"picked":"Painkiller Herb"}],"items_purged_floors":[],"is_endless":false,"potions_floor_spawned":[1,2,8,14,25,27,28],"killed_by":"Pondfish","ascension_level":1}}