{"host":"vhvubw4jk4f204qs","time":1609439593,"event":{"mods":["AchievementEnabler","Act Like it!","BaseMod","Better Altar","Better Match","Better Note","Better Sensory Stone","Better Skull","Better Third Choice","BetterRewards","Colored Powertips","Conspire","GifTheSpireLib","Googly Eyes","Highlight Path","Hubris","Infinite Spire","Jorbs Mod","Marisa????????","Minty Spire (QoL Compilation)","Permanent Neow","Quick Restart","Replay The Spire","StSLib","SuperFastMode","The Animator","The IronCluck","The Mystic","The Poker Player","The Servant 0.9.4","slay the spire mod where everything is the same but ironclad has a cowboy hat"],"gold_per_floor":[116,41,64,64,84,127,140,171,171,181,192,192,192,43,43,43,43],"floor_reached":16,"playtime":904,"items_purged":["animator:Strike","Parasite"],"score":112,"play_id":"c1712b61-5ef3-45dd-a66f-0cf5721d7c27","local_time":"20201231133313","is_ascension_mode":false,"campfire_choices":[{"data":"animator:Raven","floor":15,"key":"SMITH"}],"circlet_count":0,"master_deck":["animator:Strike_Elsword+1","animator:Defend_Elsword","animator:Strike","animator:Strike","animator:Defend","animator:Defend","animator:Defend","animator:Chung","animator:Raven+1","animator:Ciel","animator:Ain","animator:Add","animator:Chung","animator:Rena"],"relics":["animator:LivingPicture","animator:TheMissingPiece","Ice Cream","Red Skull","Pet Ghost","InkBottle","Question Card"],"acts_visited":["Exordium"],"potions_floor_usage":[6,7,16,16],"damage_taken":[{"damage":1,"enemies":"Cultist","floor":1,"turns":4},{"damage":4,"enemies":"2 Louse","floor":3,"turns":3},{"damage":3,"enemies":"Jaw Worm","floor":5,"turns":3},{"damage":14,"enemies":"Gremlin Nob","floor":6,"turns":3},{"damage":8,"enemies":"3 Louse","floor":7,"turns":3},{"damage":17,"enemies":"Lagavulin","floor":8,"turns":7},{"damage":2,"enemies":"Looter","floor":10,"turns":3},{"damage":3,"enemies":"Exordium Wildlife","floor":11,"turns":5},{"damage":0,"enemies":"Slime Boss","floor":16,"turns":6}],"seed_played":"-1529540860450432052","potions_obtained":[{"floor":1,"key":"Strength Potion"},{"floor":3,"key":"Death Potion"},{"floor":7,"key":"SteroidPotion"}],"is_trial":false,"path_per_floor":["M","$","M","?","M","E","M","E","T","M","M","T","?","$","R","B"],"character_chosen":"THE_ANIMATOR","items_purchased":["BlessingOfTheForge"],"campfire_rested":0,"item_purchase_floors":[14],"current_hp_per_floor":[65,65,61,61,59,45,37,20,20,18,16,16,33,33,33,33,33],"gold":43,"neow_bonus":"UPGRADE_CARD","is_daily":false,"chose_seed":false,"campfire_upgraded":1,"win_rate":0.0,"timestamp":1609439593,"path_taken":["M","?","M","?","M","E","M","E","T","M","M","?","?","?","R","BOSS"],"items_purchased_type":["Potion"],"build_version":"2020-12-22","purchased_purges":2,"victory":false,"max_hp_per_floor":[66,66,66,66,67,67,67,67,67,67,68,68,68,65,65,65,65],"card_choices":[{"not_picked":["animator:Verdia","animator:Mitsuba","animator:Berserker"],"picked":"SKIP","floor":1},{"not_picked":["animator:Assassin","animator:Shion"],"picked":"animator:Ciel","floor":3},{"not_picked":["animator:GazelDwargon","animator:Kuribayashi"],"picked":"animator:Ain","floor":5},{"not_picked":["animator:Ain","animator:Chung"],"picked":"animator:Add","floor":6},{"not_picked":["animator:YaoHaDucy","animator:Mikaela","animator:Guy"],"picked":"SKIP","floor":7},{"not_picked":["animator:Arpeggio","animator:Souei"],"picked":"animator:Chung","floor":8},{"not_picked":["animator:ChaikaBohdan","animator:Rider","animator:Layla"],"picked":"SKIP","floor":10},{"not_picked":["animator:Laby","animator:Aisha"],"picked":"animator:Rena","floor":11}],"player_experience":1177367,"relics_obtained":[{"floor":4,"key":"Ice Cream"},{"floor":6,"key":"Red Skull"},{"floor":8,"key":"Pet Ghost"},{"floor":9,"key":"InkBottle"},{"floor":12,"key":"Question Card"}],"event_choices":[{"damage_healed":17,"gold_gain":0,"player_choice":"Healed and dodged fight","damage_taken":0,"max_hp_gain":0,"max_hp_loss":0,"event_name":"Mushrooms","floor":13,"gold_loss":0,"cards_obtained":["Parasite"]}],"is_beta":false,"boss_relics":[],"items_purged_floors":[2,14],"is_endless":false,"potions_floor_spawned":[1,3,7],"killed_by":"Slime Boss","ascension_level":0}}