{"host":"fmwbmnqnrup981we","time":1609417006,"event":{"mods":["AchievementEnabler","Act Like it!","BaseMod","Better Match","Better Note","Better Skull","Better Synergies","Better Third Choice","Better Vampires","Block Reminder","Curses Come First","Downfall","Duelist Mod","Elementarium","GungeonMod","HexUI Lib","HornydragonMod","Marked Mod","Minty Spire (QoL Compilation)","Pikachu Mod","Quick Restart","Relic Stats","SIMod","StSLib","The Bug Knight","The Death Knight","The Forsaken","The Marked","The Necromancer","The Runesmith","The Servant 0.9.4","The Wild Card","TheHero","TheVacant","TheVelvet","Transform Curses","Waifu the Spire","Yuri Mod","everything is the same but u backflip on backflip"],"gold_per_floor":[114,130,180,180,190,190,219,219,246,246,264,284,294,306,306,408,408,426,426,283,294,310,310,310],"floor_reached":23,"playtime":1477,"items_purged":["Pain"],"score":152,"play_id":"7f8aa295-870b-4746-8d58-bafddd3ef61b","local_time":"20201231121646","is_ascension_mode":true,"campfire_choices":[{"floor":6,"key":"RECALL"},{"floor":15,"key":"REST"}],"circlet_count":0,"master_deck":["Strike_R","Strike_R","Strike_R","Strike_R","Strike_R","Defend_R","Defend_R","Defend_R","Defend_R","Bash","Warcry","Flex","Clash","Doppelganger","Armaments","Twin Strike","Cleave","Anger","Sword Boomerang","Demon Form","Disarm","Inflame","Anger","Sword Boomerang"],"relics":["Burning Blood","DemoMod:MonsterBlood","Runesmith:Nanobots","Pyrelight","DemoMod:LamentConfigurum","DeathKnight:SindragosasSkull","Black Star","WarpedTongs"],"acts_visited":["Exordium","TheCity"],"potions_floor_usage":[16,16,16,16],"damage_taken":[{"damage":0,"enemies":"2 Louse","floor":1,"turns":2},{"damage":0,"enemies":"Small Slimes","floor":2,"turns":3},{"damage":0,"enemies":"Cultist","floor":5,"turns":3},{"damage":21,"enemies":"3 Sentries","floor":7,"turns":8},{"damage":30,"enemies":"2 Fungi Beasts","floor":11,"turns":7},{"damage":16,"enemies":"Exordium Thugs","floor":12,"turns":5},{"damage":0,"enemies":"Gremlin Gang","floor":13,"turns":3},{"damage":9,"enemies":"Large Slime","floor":14,"turns":5},{"damage":2,"enemies":"Slime Boss","floor":16,"turns":9},{"damage":36,"enemies":"Chosen","floor":18,"turns":8},{"damage":15,"enemies":"3 Byrds","floor":21,"turns":5},{"damage":3,"enemies":"Centurion and Healer","floor":22,"turns":6},{"damage":52,"enemies":"Gremlin Leader","floor":23,"turns":7}],"seed_played":"7801689550863543421","potions_obtained":[{"floor":2,"key":"Ancient Potion"},{"floor":7,"key":"DemoMod:LeadSkinPotion"},{"floor":13,"key":"EntropicBrew"},{"floor":14,"key":"FearPotion"},{"floor":21,"key":"Slimebound:ThreeZeroPotion"}],"is_trial":false,"path_per_floor":["M","M","?","?","M","R","E","?","T","?","M","M","M","M","R","B",null,"M","?","$","M","M","E"],"character_chosen":"IRONCLAD","items_purchased":["Inflame"],"campfire_rested":1,"item_purchase_floors":[20],"current_hp_per_floor":[80,80,80,60,66,66,51,51,51,51,27,17,23,20,46,50,87,57,57,57,48,51,0,0],"gold":310,"neow_bonus":"THREE_CARDS","is_daily":false,"chose_seed":false,"campfire_upgraded":0,"win_rate":0.0,"timestamp":1609417006,"path_taken":["M","M","?","?","M","R","E","?","T","?","M","M","M","?","R","BOSS","M","?","?","?","M","E"],"items_purchased_type":["Card"],"build_version":"2020-12-22","purchased_purges":1,"victory":false,"max_hp_per_floor":[80,80,80,87,87,87,87,87,87,87,87,87,87,87,87,87,87,87,87,87,87,87,87,87],"relic_stats":{"counters":[13,71],"Black Star":0,"obtain_stats":[{"Runesmith:Nanobots":7,"DemoMod:MonsterBlood":4,"DemoMod:LamentConfigurum":10,"Pyrelight":8,"DemoMod:GlassGuonStoneRelic":12,"Black Star":17,"Burning Blood":0,"DeathKnight:SindragosasSkull":12,"WarpedTongs":19},{"Runesmith:Nanobots":4,"DemoMod:MonsterBlood":2,"DemoMod:LamentConfigurum":4,"Pyrelight":4,"DemoMod:GlassGuonStoneRelic":6,"Black Star":9,"Burning Blood":0,"DeathKnight:SindragosasSkull":6,"WarpedTongs":10},{"Runesmith:Nanobots":16,"DemoMod:MonsterBlood":5,"DemoMod:LamentConfigurum":16,"Pyrelight":16,"DemoMod:GlassGuonStoneRelic":28,"Black Star":45,"Burning Blood":0,"DeathKnight:SindragosasSkull":25,"WarpedTongs":53}],"Burning Blood":60,"WarpedTongs":[18]},"card_choices":[{"not_picked":["Dark Embrace","Heavy Blade"],"picked":"Warcry","floor":0},{"not_picked":["Sword Boomerang","Wild Strike"],"picked":"Flex","floor":1},{"not_picked":["Heavy Blade","Sever Soul"],"picked":"Clash","floor":2},{"not_picked":["Berserk","Body Slam"],"picked":"Armaments","floor":5},{"not_picked":["Burning Pact","Flex"],"picked":"Twin Strike","floor":7},{"not_picked":["True Grit","Uppercut"],"picked":"Cleave","floor":11},{"not_picked":["Burning Pact","Shrug It Off"],"picked":"Anger","floor":12},{"not_picked":["Heavy Blade","Searing Blow","Perfected Strike"],"picked":"SKIP","floor":13},{"not_picked":["Perfected Strike","Clothesline"],"picked":"Sword Boomerang","floor":14},{"not_picked":["Berserk","Brutality"],"picked":"Demon Form","floor":16},{"not_picked":["Dropkick","Body Slam"],"picked":"Disarm","floor":18},{"not_picked":["Havoc","Whirlwind"],"picked":"Anger","floor":21},{"not_picked":["Heavy Blade","Evolve"],"picked":"Sword Boomerang","floor":22}],"player_experience":413917,"relics_obtained":[{"floor":7,"key":"Runesmith:Nanobots"}],"event_choices":[{"damage_healed":0,"gold_gain":50,"player_choice":"Gained Gold","damage_taken":0,"max_hp_gain":0,"max_hp_loss":0,"event_name":"Golden Wing","floor":3,"gold_loss":0},{"damage_healed":0,"gold_gain":0,"player_choice":"Gave Potion","damage_taken":0,"relics_obtained":["DemoMod:LamentConfigurum"],"max_hp_gain":0,"max_hp_loss":0,"event_name":"WeMeetAgain","floor":10,"gold_loss":0},{"damage_healed":0,"gold_gain":0,"player_choice":"Rummage","damage_taken":0,"relics_obtained":["WarpedTongs"],"max_hp_gain":0,"max_hp_loss":0,"event_name":"Accursed Blacksmith","floor":19,"gold_loss":0,"cards_obtained":["Pain"]}],"is_beta":false,"boss_relics":[{"not_picked":["Black Blood","Ectoplasm"],"picked":"Black Star"}],"items_purged_floors":[20],"is_endless":false,"potions_floor_spawned":[2,7,13,14,21],"killed_by":"Gremlin Leader","ascension_level":1}}