{"host":"f5n4tidiz2n5sooh","time":1609391987,"event":{"mods":["BaseMod","Bestiary","Colored Map","Minty Spire (QoL Compilation)","Relic Stats","StSLib"],"gold_per_floor":[360,373,393,65,85,117,132,132,132,162,174,196,0,62,62,137,137,157,169,444,18,18,18,49,67,67,67,81,81,94,94,94],"floor_reached":31,"playtime":1293,"items_purged":["Regret"],"score":543,"play_id":"78d023c8-9804-40eb-86ec-48c4c5c0d85e","local_time":"20201230231947","is_ascension_mode":true,"campfire_choices":[{"data":"Disarm","floor":8,"key":"SMITH"},{"data":"Shockwave","floor":15,"key":"SMITH"},{"floor":23,"key":"REST"},{"data":"Disarm","floor":27,"key":"SMITH"}],"circlet_count":0,"master_deck":["AscendersBane","Strike_R","Strike_R+1","Strike_R","Strike_R","Strike_R","Defend_R","Defend_R","Defend_R","Defend_R","Bash+1","Shockwave+1","Uppercut","Anger","Disarm+1","Disarm+1","Shrug It Off","Offering","Corruption","Pommel Strike","Fiend Fire","Battle Trance+1","Dark Embrace"],"relics":["Burning Blood","PreservedInsect","Lantern","Pen Nib","MawBank","Whetstone","Regal Pillow","SlaversCollar","Membership Card","Red Skull","InkBottle","Centennial Puzzle","Bottled Tornado","Incense Burner"],"acts_visited":["Exordium","TheCity"],"potions_floor_usage":[5,16,30,31],"damage_taken":[{"damage":14,"enemies":"Small Slimes","floor":1,"turns":4},{"damage":13,"enemies":"2 Louse","floor":2,"turns":2},{"damage":12,"enemies":"Cultist","floor":3,"turns":4},{"damage":7,"enemies":"Exordium Thugs","floor":5,"turns":4},{"damage":6,"enemies":"Gremlin Nob","floor":6,"turns":3},{"damage":9,"enemies":"3 Louse","floor":7,"turns":4},{"damage":12,"enemies":"Looter","floor":10,"turns":3},{"damage":5,"enemies":"2 Fungi Beasts","floor":12,"turns":3},{"damage":3,"enemies":"Gremlin Nob","floor":14,"turns":3},{"damage":8,"enemies":"Hexaghost","floor":16,"turns":9},{"damage":27,"enemies":"2 Thieves","floor":18,"turns":4},{"damage":18,"enemies":"Spheric Guardian","floor":19,"turns":4},{"damage":26,"enemies":"Slavers","floor":24,"turns":4},{"damage":16,"enemies":"3 Cultists","floor":25,"turns":5},{"damage":16,"enemies":"Chosen and Byrds","floor":28,"turns":4},{"damage":0,"enemies":"Snake Plant","floor":30,"turns":3},{"damage":19,"enemies":"Shelled Parasite and Fungi","floor":31,"turns":1}],"seed_played":"2137436503070124258","potions_obtained":[{"floor":1,"key":"Weak Potion"},{"floor":3,"key":"SteroidPotion"},{"floor":12,"key":"GamblersBrew"},{"floor":14,"key":"LiquidMemories"},{"floor":16,"key":"SneckoOil"},{"floor":19,"key":"EssenceOfSteel"}],"is_trial":false,"path_per_floor":["M","M","M","$","M","E","M","R","T","M","?","M","$","?","R","B",null,"M","M","?","$","T","R","E","M","T","R","M","?","M","M"],"character_chosen":"IRONCLAD","items_purchased":["PreservedInsect","Lantern","Whetstone","Shrug It Off","Membership Card","Red Skull","InkBottle"],"campfire_rested":1,"item_purchase_floors":[4,4,13,13,21,21,21],"current_hp_per_floor":[42,35,29,29,28,28,25,25,25,19,19,20,20,23,23,21,62,41,29,29,29,29,66,46,36,36,36,26,5,11,0,0],"gold":94,"neow_bonus":"TWO_FIFTY_GOLD","is_daily":false,"chose_seed":false,"campfire_upgraded":3,"win_rate":0.0,"timestamp":1609391987,"path_taken":["M","M","M","$","M","E","M","R","T","M","?","M","$","?","R","BOSS","M","M","?","$","?","R","E","M","T","R","?","?","M","M"],"items_purchased_type":["Relic","Relic","Relic","Card","Relic","Relic","Relic"],"build_version":"2020-12-22","purchased_purges":1,"victory":false,"max_hp_per_floor":[75,75,75,75,75,75,75,75,75,75,75,75,75,75,75,75,75,75,75,75,75,75,75,75,75,75,75,75,80,80,80,80],"relic_stats":{"Regal Pillow":15,"Centennial Puzzle":[6],"counters":[17,64],"PreservedInsect":87,"Pen Nib":[10],"Whetstone":["Bash","Strike_R"],"MawBank":48,"obtain_stats":[{"Lantern":4,"Regal Pillow":14,"PreservedInsect":4,"Pen Nib":6,"Incense Burner":26,"Whetstone":13,"Bottled Tornado":24,"MawBank":9,"Burning Blood":0,"SlaversCollar":17,"Centennial Puzzle":22,"Membership Card":21,"Red Skull":21,"InkBottle":21},{"Lantern":3,"Regal Pillow":9,"PreservedInsect":3,"Pen Nib":5,"Incense Burner":14,"Whetstone":8,"Bottled Tornado":13,"MawBank":6,"Burning Blood":0,"SlaversCollar":10,"Centennial Puzzle":12,"Membership Card":12,"Red Skull":12,"InkBottle":12},{"Lantern":10,"Regal Pillow":30,"PreservedInsect":10,"Pen Nib":17,"Incense Burner":56,"Whetstone":27,"Bottled Tornado":51,"MawBank":21,"Burning Blood":0,"SlaversCollar":39,"Centennial Puzzle":47,"Membership Card":47,"Red Skull":47,"InkBottle":47}],"Burning Blood":96,"InkBottle":[5]},"card_choices":[{"not_picked":["Body Slam","Armaments"],"picked":"Shockwave","floor":1},{"not_picked":["Anger","Shrug It Off"],"picked":"Uppercut","floor":2},{"not_picked":["Intimidate","Warcry"],"picked":"Anger","floor":3},{"not_picked":["Pommel Strike","Thunderclap"],"picked":"Disarm","floor":5},{"not_picked":["Sentinel","Berserk","Brutality"],"picked":"SKIP","floor":6},{"not_picked":["Sever Soul","Headbutt"],"picked":"Disarm","floor":7},{"not_picked":["Heavy Blade","Hemokinesis","Cleave"],"picked":"SKIP","floor":10},{"not_picked":["Dual Wield","Clothesline","Warcry"],"picked":"SKIP","floor":12},{"not_picked":["Power Through","Armaments"],"picked":"Offering","floor":14},{"not_picked":["Juggernaut","Bludgeon"],"picked":"Corruption","floor":16},{"not_picked":["Flex","Seeing Red+1"],"picked":"Pommel Strike","floor":18},{"not_picked":["Iron Wave","Body Slam"],"picked":"Fiend Fire","floor":19},{"not_picked":["Burning Pact","Warcry"],"picked":"Battle Trance+1","floor":24},{"not_picked":["Heavy Blade","Twin Strike","Evolve"],"picked":"SKIP","floor":25},{"not_picked":["Armaments","Shockwave"],"picked":"Dark Embrace","floor":28},{"not_picked":["Heavy Blade","Thunderclap","Armaments"],"picked":"SKIP","floor":30}],"player_experience":1951822,"relics_obtained":[{"floor":6,"key":"Pen Nib"},{"floor":9,"key":"MawBank"},{"floor":14,"key":"Regal Pillow"},{"floor":22,"key":"Centennial Puzzle"},{"floor":24,"key":"Bottled Tornado"},{"floor":26,"key":"Incense Burner"}],"event_choices":[{"damage_healed":0,"gold_gain":0,"player_choice":"Ignored","damage_taken":0,"max_hp_gain":0,"max_hp_loss":0,"event_name":"Shining Light","floor":11,"gold_loss":0},{"damage_healed":0,"gold_gain":0,"player_choice":"Searched \u00271\u0027 times","damage_taken":0,"max_hp_gain":0,"max_hp_loss":0,"event_name":"Dead Adventurer","floor":14,"gold_loss":0},{"damage_healed":0,"gold_gain":275,"player_choice":"Desecrate","damage_taken":0,"max_hp_gain":0,"max_hp_loss":0,"event_name":"Golden Shrine","floor":20,"gold_loss":0,"cards_obtained":["Regret"]},{"damage_healed":0,"gold_gain":0,"player_choice":"Shed Blood","damage_taken":26,"max_hp_gain":5,"max_hp_loss":0,"event_name":"Forgotten Altar","floor":29,"gold_loss":0}],"is_beta":false,"boss_relics":[{"not_picked":["Pandora\u0027s Box","Astrolabe"],"picked":"SlaversCollar"}],"items_purged_floors":[21],"is_endless":false,"potions_floor_spawned":[1,3,12,14,16,19,24],"killed_by":"Shelled Parasite and Fungi","ascension_level":20}}