{"host":"1zfbckszmdcrhnfi","time":1609444955,"event":{"mods":["AchievementEnabler","BaseMod","Colored Map","Downfall","Marisa£®ÏF”Í°°ƒß¿Ì…≥£©","Minty Spire (QoL Compilation)","Replay The Spire","Shop Mod","StSLib","The Cursed","The Servant 0.9.4"],"gold_per_floor":[117,127,138,149,157,184,195,214,214,214,242,259,259,1,1,96,96,107,120,139,139,14,14,44,44,44,70,86,96,96,111,111,214,214,231,231,247,247,30,30,30],"floor_reached":40,"playtime":3158,"items_purged":["TheCursedMod:EmpowerCircles","TheCursedMod:ReleasedKnowledge"],"score":645,"play_id":"d90aae35-fec6-4549-bf64-b079886bf1b7","local_time":"20210101040235","is_ascension_mode":true,"campfire_choices":[{"floor":10.0,"key":"REST"},{"data":"TheCursedMod:HellsGateOpen","floor":15.0,"key":"SMITH"},{"floor":23.0,"key":"RECALL"},{"floor":25.0,"key":"REST"},{"floor":30.0,"key":"REST"},{"floor":32.0,"key":"REST"}],"circlet_count":0,"master_deck":["TheCursedMod:Strike_TheCursed+1","TheCursedMod:Strike_TheCursed+1","TheCursedMod:Strike_TheCursed+1","TheCursedMod:Defend_TheCursed+1","TheCursedMod:Defend_TheCursed+1","TheCursedMod:Defend_TheCursed+1","TheCursedMod:CursedWand","TheCursedMod:CleanUpWorkshop","TheCursedMod:Dregs","TheCursedMod:Neurasthenia","TheCursedMod:CursedStaff","TheCursedMod:FleshFromBone","Voices","TheCursedMod:CursedShiv","TheCursedMod:Obscuration","TheCursedMod:CursedBlade","TheCursedMod:SmokeScreen","TheCursedMod:LuckyCharm","TheCursedMod:StingEye","Sadistic Nature","TheCursedMod:HellsGateOpen+1","TheCursedMod:AntiAging","TheCursedMod:CircleOfFlame+1","TheCursedMod:CircleOfAbyss","TheCursedMod:CircleOfFocus","TheCursedMod:WearCloak+1","TheCursedMod:AntiAging","Overencumbered","Spreading Infection","TheCursedMod:Grudge+1","ReplayTheSpireMod:Necrogeddon"],"relics":["TheCursedMod:BlackMagic101","ReplayTheSpireMod:CursedCoin","Boot","Centennial Puzzle","Philosopher\u0027s Stone","TheCursedMod:BloodyHarpoon","Replay:Bottled Eggs","The Courier","Kintsugi","ReplayTheSpireMod:Ring of Challenge"],"acts_visited":["Exordium","TheCity","TheBeyond"],"potions_floor_usage":[],"damage_taken":[{"damage":0.0,"enemies":"2 Louse","floor":1.0,"turns":3.0},{"damage":11.0,"enemies":"Jaw Worm","floor":2.0,"turns":4.0},{"damage":0.0,"enemies":"Small Slimes","floor":3.0,"turns":4.0},{"damage":10.0,"enemies":"Exordium Thugs","floor":4.0,"turns":5.0},{"damage":21.0,"enemies":"Gremlin Nob","floor":6.0,"turns":5.0},{"damage":0.0,"enemies":"3 Louse","floor":7.0,"turns":2.0},{"damage":0.0,"enemies":"Exordium Wildlife","floor":8.0,"turns":3.0},{"damage":14.0,"enemies":"3 Sentries","floor":11.0,"turns":7.0},{"damage":4.0,"enemies":"Blue Slaver","floor":12.0,"turns":4.0},{"damage":7.0,"enemies":"Fading Forest","floor":16.0,"turns":11.0},{"damage":21.0,"enemies":"Shell Parasite","floor":18.0,"turns":5.0},{"damage":2.0,"enemies":"Spheric Guardian","floor":19.0,"turns":6.0},{"damage":11.0,"enemies":"Shelled Parasite and Fungi","floor":20.0,"turns":5.0},{"damage":15.0,"enemies":"Gremlin Leader","floor":24.0,"turns":7.0},{"damage":31.0,"enemies":"Slavers","floor":27.0,"turns":5.0},{"damage":4.0,"enemies":"Centurion and Healer","floor":28.0,"turns":7.0},{"damage":13.0,"enemies":"Snake Plant","floor":29.0,"turns":6.0},{"damage":2.0,"enemies":"3 Cultists","floor":31.0,"turns":5.0},{"damage":60.0,"enemies":"Pondfish","floor":33.0,"turns":18.0},{"damage":26.0,"enemies":"3 Darklings","floor":35.0,"turns":9.0},{"damage":0.0,"enemies":"Orb Walker","floor":37.0,"turns":4.0},{"damage":146,"enemies":"Giant Head","floor":40,"turns":11}],"seed_played":"-3057135679554662070","potions_obtained":[{"floor":1.0,"key":"Swift Potion"},{"floor":2.0,"key":"champ:CounterPotion"},{"floor":6.0,"key":"Explosive Potion"},{"floor":11.0,"key":"Languid Potion"},{"floor":18.0,"key":"EssenceOfSteel"},{"floor":24.0,"key":"SpeedPotion"},{"floor":28.0,"key":"Energy Potion"},{"floor":29.0,"key":"SpeedPotion"},{"floor":33.0,"key":"hexamod:EctoCoolerPotion"},{"floor":35.0,"key":"Weak Potion"},{"floor":37.0,"key":"FairyPotion"}],"is_trial":false,"path_per_floor":["M","M","M","M","$","E","M","M","T","R","E","M","?","$","R","B",null,"M","M","M","?","$","R","E","R","T","E","M","M","R","M","R","B",null,"M","?","M","?","$","E"],"character_chosen":"THE_CURSED","items_purchased":["ReplayTheSpireMod:CursedCoin","TheCursedMod:CursedShiv","TheCursedMod:Obscuration","TheCursedMod:EmpowerCircles","Sadistic Nature","TheCursedMod:HellsGateOpen","TheCursedMod:SpitefulStrike","ReplayTheSpireMod:Necrogeddon"],"campfire_rested":4,"item_purchase_floors":[5,5,5,5,14,14,22,39],"current_hp_per_floor":[75,64,64,54,54,33,33,33,33,55,41,37,62,62,62,65,75,56,56,47,47,47,47,34,58,58,29,27,16,42,42,69,11,93,71,71,73,73,73,0,0],"gold":30,"neow_bonus":"ONE_RANDOM_RARE_CARD","is_daily":false,"chose_seed":false,"campfire_upgraded":1,"win_rate":0.0,"timestamp":1609444955,"path_taken":["M","M","M","M","$","E","M","M","T","R","E","M","?","$","R","BOSS","M","M","M","?","$","R","E","R","T","E","M","M","R","M","R","BOSS","M","?","M","?","$","E"],"items_purchased_type":["Relic","Card","Card","Card","Card","Card","Card","Card"],"build_version":"2020-12-22","purchased_purges":2,"victory":false,"max_hp_per_floor":[75,75,75,75,75,75,75,75,75,75,75,75,75,75,75,75,75,77,79,81,81,81,81,83,83,83,85,87,89,89,91,91,93,93,97,92,94,94,94,96,96],"card_choices":[{"not_picked":["TheCursedMod:SoulCrush","TheCursedMod:TacticalStrike"],"picked":"TheCursedMod:ReleasedKnowledge","floor":1.0},{"not_picked":["TheCursedMod:SpitefulPlan","TheCursedMod:ManaBullet","TheCursedMod:PrepareRite"],"picked":"SKIP","floor":2.0},{"not_picked":["TheCursedMod:PrepareRite","TheCursedMod:SpitefulStrike"],"picked":"TheCursedMod:CursedStaff","floor":3.0},{"not_picked":["TheCursedMod:SpitefulStrike","TheCursedMod:Stretching"],"picked":"TheCursedMod:FleshFromBone","floor":4.0},{"not_picked":["TheCursedMod:UltimatePain","TheCursedMod:RapidMovement"],"picked":"TheCursedMod:CursedBlade","floor":6.0},{"not_picked":["TheCursedMod:Torture","TheCursedMod:StunningStrike","TheCursedMod:CursedArmor"],"picked":"SKIP","floor":7.0},{"not_picked":["TheCursedMod:Evocation","TheCursedMod:Obscuration"],"picked":"TheCursedMod:SmokeScreen","floor":8.0},{"not_picked":["TheCursedMod:CircleOfWindfury","TheCursedMod:SaltUponWound"],"picked":"TheCursedMod:LuckyCharm","floor":11.0},{"not_picked":["TheCursedMod:CircleOfBlood","TheCursedMod:Obscuration"],"picked":"TheCursedMod:StingEye","floor":12.0},{"not_picked":["TheCursedMod:VoidForm","TheCursedMod:DemonicPact"],"picked":"TheCursedMod:AntiAging","floor":16.0},{"not_picked":["TheCursedMod:RapidMovement","TheCursedMod:SmokeScreen"],"picked":"TheCursedMod:CircleOfFlame","floor":18.0},{"not_picked":["TheCursedMod:Stretching","TheCursedMod:CursedShiv","TheCursedMod:SurpriseAttack"],"picked":"SKIP","floor":19.0},{"not_picked":["TheCursedMod:Obscuration+1","TheCursedMod:WearCloak+1","TheCursedMod:CircleOfWindfury"],"picked":"SKIP","floor":20.0},{"not_picked":["TheCursedMod:Evocation","TheCursedMod:ReleasedKnowledge"],"picked":"TheCursedMod:Grudge","floor":24.0},{"not_picked":["TheCursedMod:SpitefulStrike","TheCursedMod:CursedBlade"],"picked":"TheCursedMod:CircleOfAbyss","floor":27.0},{"not_picked":["TheCursedMod:CursedMace","TheCursedMod:RapidMovement"],"picked":"TheCursedMod:BlessingInDisguise","floor":28.0},{"not_picked":["TheCursedMod:Stigma+1","TheCursedMod:CursedArmor"],"picked":"TheCursedMod:CircleOfFocus","floor":29.0},{"not_picked":["TheCursedMod:HellsGateOpen","TheCursedMod:RavingStaff"],"picked":"TheCursedMod:WearCloak+1","floor":31.0},{"not_picked":["TheCursedMod:DarkBarrier","TheCursedMod:ForbiddenAlchemy"],"picked":"TheCursedMod:AntiAging","floor":33.0},{"not_picked":["TheCursedMod:SmokeScreen","TheCursedMod:LuckyCharm","TheCursedMod:VitalStrike+1"],"picked":"SKIP","floor":35.0},{"not_picked":["TheCursedMod:SurpriseAttack+1","TheCursedMod:Obscuration+1"],"picked":"TheCursedMod:Grudge+1","floor":37.0}],"player_experience":172622,"relics_obtained":[{"floor":6.0,"key":"Boot"},{"floor":11.0,"key":"Centennial Puzzle"},{"floor":24.0,"key":"TheCursedMod:BloodyHarpoon"},{"floor":26.0,"key":"Replay:Bottled Eggs"},{"floor":27.0,"key":"The Courier"},{"floor":38,"key":"ReplayTheSpireMod:Ring of Challenge"}],"event_choices":[{"damage_healed":25.0,"max_hp_gain":0.0,"max_hp_loss":0.0,"gold_gain":0.0,"event_name":"Big Fish","player_choice":"Banana","floor":13.0,"gold_loss":0.0,"damage_taken":0.0},{"damage_healed":0.0,"max_hp_gain":0.0,"max_hp_loss":0.0,"gold_gain":0.0,"event_name":"Back to Basics","player_choice":"Simplicity","floor":21.0,"gold_loss":0.0,"damage_taken":0.0,"cards_upgraded":["TheCursedMod:Strike_TheCursed","TheCursedMod:Strike_TheCursed","TheCursedMod:Strike_TheCursed","TheCursedMod:Strike_TheCursed","TheCursedMod:Defend_TheCursed","TheCursedMod:Defend_TheCursed","TheCursedMod:Defend_TheCursed","TheCursedMod:Defend_TheCursed"]},{"damage_healed":0.0,"max_hp_gain":0.0,"max_hp_loss":5.0,"gold_gain":0.0,"event_name":"Winding Halls","player_choice":"Max HP","floor":36.0,"gold_loss":0.0,"damage_taken":0.0}],"is_beta":false,"boss_relics":[{"not_picked":["Sozu","ReplayTheSpireMod:DimensionalGlitch"],"picked":"Philosopher\u0027s Stone"},{"not_picked":["TheCursedMod:BlackMagicAdvanced","Empty Cage"],"picked":"Kintsugi"}],"items_purged_floors":[22,39],"is_endless":false,"potions_floor_spawned":[1,2,6,11,18,24,28,29,31,33,35,37],"killed_by":"Giant Head","ascension_level":1}}