{"host":"obl22cu6uafq1ffx","time":1609385338,"event":{"mods":["BaseMod","Colored Map","Hubris","Hunter ¡‘»À","KinomotoSakuraMod(ƒæ÷Æ±æ”£)","Lobotomy","Minty Spire (QoL Compilation)","Pikachu Mod","Shop Mod","Small Relic Pack","StSLib","The Poker Player","The Saiyan","TheHero","[IsaacMod]“‘»ˆº‚À˛","vexMod","°æ“≈ŒÔø®≈∆°øREMEMod"],"gold_per_floor":[115,115,190,210,222,222,222],"floor_reached":6,"playtime":513,"items_purged":[],"score":36,"play_id":"16fd4f0b-7aa8-4caf-a069-cd536e6a04af","local_time":"20201231112858","is_ascension_mode":false,"campfire_choices":[],"circlet_count":0,"master_deck":["Strike_G","Strike_G","Strike_G","Strike_G","Strike_G","Defend_G","Defend_G","Defend_G","Defend_G","Defend_G","Survivor","Neutralize","BettingIsNotGood+1","DevaForm","Distraction","Riddle With Holes","Quick Slash"],"relics":["Ring of the Snake","HushsDoor","REME_ComplimentaryCards","MaYiHuaBei","relicPack:DSword"],"acts_visited":["Exordium"],"potions_floor_usage":[6],"damage_taken":[{"damage":16,"enemies":"Jaw Worm","floor":1,"turns":6},{"damage":0,"enemies":"2 Louse","floor":4,"turns":2},{"damage":6,"enemies":"Cultist","floor":5,"turns":4},{"damage":3,"enemies":"Lagavulin","floor":6,"turns":2}],"seed_played":"-634462762593481645","potions_obtained":[{"floor":1,"key":"FearPotion"}],"is_trial":false,"path_per_floor":["M","?","?","M","M","E"],"character_chosen":"THE_SILENT","items_purchased":[],"campfire_rested":0,"item_purchase_floors":[],"current_hp_per_floor":[54,19,8,8,2,0,0],"gold":222,"neow_bonus":"UPGRADE_CARD","is_daily":false,"chose_seed":false,"campfire_upgraded":0,"win_rate":0.0,"timestamp":1609385338,"path_taken":["M","?","?","M","M","E"],"items_purchased_type":[],"build_version":"2020-12-22","purchased_purges":0,"victory":false,"max_hp_per_floor":[70,70,70,70,70,70,70],"card_choices":[{"not_picked":[],"picked":"BettingIsNotGood","floor":0},{"not_picked":["Footwork","PiercingWail"],"picked":"Distraction","floor":1},{"not_picked":["All Out Attack","Flechettes"],"picked":"Riddle With Holes","floor":4},{"not_picked":["Underhanded Strike","Acrobatics"],"picked":"Quick Slash","floor":5}],"player_experience":16419,"relics_obtained":[],"event_choices":[{"damage_healed":0,"gold_gain":75,"player_choice":"Gather Gold","damage_taken":11,"max_hp_gain":0,"max_hp_loss":0,"event_name":"World of Goop","floor":3,"gold_loss":0}],"is_beta":false,"boss_relics":[],"items_purged_floors":[],"is_endless":false,"potions_floor_spawned":[1],"killed_by":"Lagavulin","ascension_level":0}}