{"host":"ixqzyafodex1tsi5","time":1609438047,"event":{"mods":["ATMod(°¢èªMod)","AchievementEnabler","Act Like it!","BaseMod","Gensokyo","GifTheSpireLib","Lobotomy","LobotomyExtend","Minty Spire (QoL Compilation)","Relic Stats","Replay The Spire","RumiaBox-Â¶Ã×æ«µÄÉñÃØºÐ×Ó","Spicy Shops","StSLib","The Cursed","[IsaacMod]ÒÔÈö¼âËþ","¡¾¹¦ÄÜMod¡¿»ìãçÖ®»·ÐÞ¸´²¹¶¡","¡¾ÒÅÎï¿¨ÅÆ¡¿REMEMod"],"gold_per_floor":[118,118,138,63,123,193,248,248,248,306,306,334,334,334,334,408,408,509,509,573,573,498,563,581,652,707,44,70,176,284,340,399,584,584,761,761,951,1037,1337,1337,1474,1529,1453,1555,1608,1743,1822,1834,1834,1941,1941,2141],"floor_reached":53,"playtime":3550,"items_purged":["TheCursedMod:ParallelWorld","Amnesia","TheCursedMod:AshesToAshes","Shame","Woodsman","Mercenary"],"score":1501,"play_id":"a8aa624a-a59b-46aa-8cb4-4c8891efb2f9","local_time":"20210101020727","is_ascension_mode":true,"campfire_choices":[{"floor":11.0,"key":"REST"},{"floor":15.0,"key":"REST"},{"data":"AT_FalsePromise","floor":17.0,"key":"SMITH"},{"data":"TheCursedMod:Stigma","floor":34,"key":"SMITH"},{"floor":51,"key":"DIG"}],"circlet_count":0,"master_deck":["TheCursedMod:Stigma+1","TheCursedMod:Mangle+1","TheCursedMod:Mangle+1","TheCursedMod:Mangle+1","TheCursedMod:NeowsMight+1","Flash of Steel","AT_FalsePromise+1","Seek+1","TheCursedMod:SurpriseAttack","AT_TearsDenial","BlueStar","MHz","TheCursedMod:SurpriseAttack","TheCursedMod:SurpriseAttack+1","RedShoes","REME_AllRoundStrike","TheCursedMod:CircleOfBlood+1"],"relics":["TheCursedMod:Tack","HushsDoor","Void","CogitoBucket","RabbitCall","ReplayTheSpireMod:Ring of Challenge","MagicDraw3","DeadEye","Dream Catcher","AdjustmentMirror","Amita_r","Juzu Bracelet","Smiling Mask","Philosopher\u0027s Stone","MutagenicStrength","Art of War","Incense Burner","Mercury Hourglass","Membership Card","AT_BellDemon","AT_MibuBalloonWealth","Letter Opener","Orichalcum","WingedGreaves","Replay:Wax Seal","Replay:Baseball","REME_HourglassOfDeath","Ancient Tea Set","Replay:Mystery Machine","Garlic","Coffee Dripper","Boot","ZombieArmy","Pantograph","HornCleat","BookOfRevelations","Replay:Bottled Flurry","SteamSale","AT_ImmortalShieldbow","SatanicBible","Blood Vial","Ccalipers","BargainBundle","Replay:Kaleidoscope","SalivaCoin","TheBean","TheCursedMod:DemonicMark","Iron Hammer","Pocketwatch","Anchor","Mirror","TheAbacus","Lee\u0027s Waffle","Bottled Tornado","Vajra","Happy Flower","LastBattle","GnawedLeaf","Orrery","Mummified Hand","AT_ArchangelStaff","LetterFromLob","HowToJump"],"acts_visited":["Gensokyo:Gensokyo","TheCity","TheBeyond"],"potions_floor_usage":[47],"damage_taken":[{"damage":0.0,"enemies":"Gensokyo:2_Kodama","floor":1.0,"turns":2.0},{"damage":6.0,"enemies":"Gensokyo:3_Fairies","floor":3.0,"turns":3.0},{"damage":0.0,"enemies":"Gensokyo:Python","floor":5.0,"turns":1.0},{"damage":1.0,"enemies":"Gensokyo:Mamizou","floor":6.0,"turns":1.0},{"damage":0.0,"enemies":"Gensokyo:3_Kodama","floor":7.0,"turns":1.0},{"damage":8.0,"enemies":"Gensokyo:VengefulSpirit","floor":10.0,"turns":1.0},{"damage":45.0,"enemies":"Gensokyo:Cirno","floor":12.0,"turns":5.0},{"damage":6.0,"enemies":"Gensokyo:Mamizou","floor":16.0,"turns":1.0},{"damage":0.0,"enemies":"Gensokyo:Kokoro","floor":18.0,"turns":2.0},{"damage":5.0,"enemies":"3 Byrds","floor":20.0,"turns":1.0},{"damage":11.0,"enemies":"Chosen","floor":23.0,"turns":2.0},{"damage":0.0,"enemies":"Slavers","floor":25.0,"turns":1.0},{"damage":0.0,"enemies":"Snecko","floor":26.0,"turns":1.0},{"damage":0.0,"enemies":"Centurion and Healer","floor":29.0,"turns":2.0},{"damage":0.0,"enemies":"Shelled Parasite and Fungi","floor":30.0,"turns":1.0},{"damage":0.0,"enemies":"Book of Stabbing","floor":31.0,"turns":2.0},{"damage":0,"enemies":"Chosen and Byrds","floor":33,"turns":1},{"damage":2,"enemies":"Automaton","floor":35,"turns":4},{"damage":0,"enemies":"3 Darklings","floor":37,"turns":1},{"damage":0,"enemies":"Orb Walker","floor":38,"turns":1},{"damage":0,"enemies":"Sphere and 2 Shapes","floor":41,"turns":1},{"damage":0,"enemies":"R_Hoarder","floor":42,"turns":3},{"damage":0,"enemies":"Nemesis","floor":44,"turns":1},{"damage":0,"enemies":"Jaw Worm Horde","floor":46,"turns":1},{"damage":0,"enemies":"R_Hoarder","floor":47,"turns":3},{"damage":0,"enemies":"Giant Head","floor":50,"turns":1},{"damage":14,"enemies":"FixerMidnight","floor":52,"turns":1},{"damage":18,"enemies":"Malkuth","floor":53,"turns":1},{"damage":21,"enemies":"Yesod","floor":53,"turns":1},{"damage":23,"enemies":"Chesed","floor":53,"turns":1},{"damage":104,"enemies":"Binah","floor":53,"turns":3},{"damage":76,"enemies":"Angela","floor":53,"turns":1}],"seed_played":"2408555164371920364","potions_obtained":[{"floor":5.0,"key":"Strength Potion"},{"floor":6.0,"key":"Explosive Potion"},{"floor":16.0,"key":"Venom Potion"},{"floor":26.0,"key":"Toxic Potion"},{"floor":30.0,"key":"Milkshake"}],"is_trial":false,"path_per_floor":["M","?","M","$","M","E","M","E","T","M","R","E","PTL","PTL","R","E","R","B",null,"M","?","?","M","?","E","M","$","T","M","M","E","?","M","R","B",null,"M","M","?","?","M","E","$","E","T","M","E","$","$","E","R","B",null],"character_chosen":"THE_CURSED","items_purchased":["AT_TearsDenial","Membership Card","AT_BellDemon","AT_MibuBalloonWealth","Replay:Bottled Eggs","Letter Opener","SteamSale","AT_ImmortalShieldbow","SatanicBible","Blood Vial","Ccalipers","BargainBundle","Pocketwatch","Anchor","Mirror","TheAbacus","Lee\u0027s Waffle","Bottled Tornado","Vajra","Happy Flower","LastBattle","GnawedLeaf","REME_AllRoundStrike","Orrery"],"campfire_rested":2,"item_purchase_floors":[19,27,27,27,27,27,43,43,43,43,43,43,48,48,48,48,48,48,49,49,49,49,49,49],"current_hp_per_floor":[75,75,69,69,69,74,75,46,46,44,66,27,27,27,49,43,43,43,73,68,68,68,57,34,34,40,40,40,52,64,70,55,55,55,59,113,119,120,120,120,121,121,121,125,125,125,129,136,136,136,136,136],"gold":3690,"neow_bonus":"","is_daily":false,"chose_seed":false,"campfire_upgraded":2,"win_rate":0.0,"timestamp":1609438047,"path_taken":["M","?","M","$","?","E","M","E","T","M","R","E","PTL","PTL","R","E","R","BOSS","M","?","?","M","?","E","M","$","T","M","M","E","?","M","R","BOSS","M","M","?","?","M","E","$","E","T","M","E","?","$","E","R","BOSS"],"items_purchased_type":["Card","Relic","Relic","Relic","Relic","Relic","Relic","Relic","Relic","Relic","Relic","Relic","Relic","Relic","Relic","Relic","Relic","Relic","Relic","Relic","Relic","Relic","Card","Relic"],"build_version":"2020-12-22","purchased_purges":6,"victory":true,"max_hp_per_floor":[75,75,75,75,75,75,75,75,75,75,75,76,76,76,76,77,77,78,73,76,76,76,95,95,98,99,99,99,101,103,104,104,112,112,113,113,119,120,120,120,123,124,124,125,125,128,129,136,136,137,137,138],"relic_stats":{"Lee\u0027s Waffle":7,"Happy Flower":[3],"counters":[35,55],"Juzu Bracelet":1,"Letter Opener":[142],"Orichalcum":[48],"Smiling Mask":126,"Boot":[53],"Mercury Hourglass":[117],"Blood Vial":7,"Dream Catcher":2,"TheAbacus":[312],"Mummified Hand":[2],"Pantograph":0,"Art of War":[0],"obtain_stats":[{"AT_ATBox":0,"TheCursedMod:Tack":0,"AT_MibuBalloonWealth":27,"LuminousBracelet":23,"Vajra":49,"DeadEye":9,"AdjustmentMirror":10,"Bottled Tornado":48,"MagicDraw3":6,"Boot":37,"AT_ArchangelStaff":50,"SatanicBible":43,"Blood Vial":43,"HornCleat":41,"TheBean":46,"Ccalipers":43,"Philosopher\u0027s Stone":19,"Iron Hammer":47,"Replay:Bottled Flurry":42,"Void":0,"Replay:Wax Seal":29,"KeepersGift":0,"Happy Flower":49,"BookOfRevelations":42,"Letter Opener":27,"Replay:Kaleidoscope":44,"SteamSale":43,"Replay:Baseball":30,"REME_HourglassOfDeath":31,"MutagenicStrength":21,"HushsDoor":0,"Mirror":48,"Pocketwatch":48,"AT_BellDemon":27,"RabbitCall":0,"GnawedLeaf":49,"ResearcherNote":33,"Juzu Bracelet":12,"Incense Burner":24,"Replay:Mystery Machine":33,"Smiling Mask":16,"Ancient Tea Set":31,"TheCursedMod:DemonicMark":47,"Amita_r":12,"CogitoBucket":0,"Dream Catcher":10,"TheAbacus":48,"Mummified Hand":50,"Pantograph":38,"WingedGreaves":29,"Replay:Bottled Eggs":27,"ZombieArmy":38,"BargainBundle":43,"Lee\u0027s Waffle":48,"HowToJump":51,"Orichalcum":28,"LastBattle":49,"MawBank":46,"Mercury Hourglass":25,"AT_ImmortalShieldbow":43,"Moonlight_r":8,"Anchor":48,"Orrery":49,"LetterFromLob":1,"Art of War":23,"Garlic":35,"Coffee Dripper":36,"SalivaCoin":44,"Membership Card":27,"ReplayTheSpireMod:Ring of Challenge":2,"REME_ComplimentaryCards":0},{"AT_ATBox":0,"TheCursedMod:Tack":0,"AT_MibuBalloonWealth":15,"LuminousBracelet":13,"Vajra":28,"DeadEye":5,"AdjustmentMirror":7,"Bottled Tornado":28,"MagicDraw3":4,"Boot":22,"AT_ArchangelStaff":29,"SatanicBible":25,"Blood Vial":25,"HornCleat":24,"TheBean":27,"Ccalipers":25,"Philosopher\u0027s Stone":10,"Iron Hammer":28,"Replay:Bottled Flurry":25,"Void":0,"Replay:Wax Seal":16,"KeepersGift":0,"Happy Flower":28,"BookOfRevelations":25,"Letter Opener":15,"Replay:Kaleidoscope":26,"SteamSale":25,"Replay:Baseball":17,"REME_HourglassOfDeath":18,"MutagenicStrength":11,"HushsDoor":0,"Mirror":28,"Pocketwatch":28,"AT_BellDemon":15,"RabbitCall":0,"GnawedLeaf":28,"ResearcherNote":20,"Juzu Bracelet":8,"Incense Burner":13,"Replay:Mystery Machine":20,"Smiling Mask":9,"Ancient Tea Set":18,"TheCursedMod:DemonicMark":28,"Amita_r":8,"CogitoBucket":0,"Dream Catcher":7,"TheAbacus":28,"Mummified Hand":29,"Pantograph":23,"WingedGreaves":16,"Replay:Bottled Eggs":15,"ZombieArmy":23,"BargainBundle":25,"Lee\u0027s Waffle":28,"HowToJump":29,"Orichalcum":15,"LastBattle":28,"MawBank":27,"Mercury Hourglass":14,"AT_ImmortalShieldbow":25,"Moonlight_r":5,"Anchor":28,"Orrery":28,"LetterFromLob":1,"Art of War":13,"Garlic":21,"Coffee Dripper":21,"SalivaCoin":26,"Membership Card":15,"ReplayTheSpireMod:Ring of Challenge":1,"REME_ComplimentaryCards":0},{"AT_ATBox":0,"TheCursedMod:Tack":0,"AT_MibuBalloonWealth":24,"LuminousBracelet":22,"Vajra":46,"DeadEye":8,"AdjustmentMirror":10,"Bottled Tornado":46,"MagicDraw3":7,"Boot":36,"AT_ArchangelStaff":47,"SatanicBible":41,"Blood Vial":41,"HornCleat":38,"TheBean":43,"Ccalipers":41,"Philosopher\u0027s Stone":18,"Iron Hammer":46,"Replay:Bottled Flurry":41,"Void":0,"Replay:Wax Seal":26,"KeepersGift":0,"Happy Flower":46,"BookOfRevelations":41,"Letter Opener":24,"Replay:Kaleidoscope":42,"SteamSale":41,"Replay:Baseball":27,"REME_HourglassOfDeath":29,"MutagenicStrength":19,"HushsDoor":0,"Mirror":46,"Pocketwatch":46,"AT_BellDemon":24,"RabbitCall":0,"GnawedLeaf":46,"ResearcherNote":31,"Juzu Bracelet":15,"Incense Burner":22,"Replay:Mystery Machine":31,"Smiling Mask":16,"Ancient Tea Set":29,"TheCursedMod:DemonicMark":46,"Amita_r":13,"CogitoBucket":0,"Dream Catcher":10,"TheAbacus":46,"Mummified Hand":47,"Pantograph":37,"WingedGreaves":26,"Replay:Bottled Eggs":24,"ZombieArmy":37,"BargainBundle":41,"Lee\u0027s Waffle":46,"HowToJump":47,"Orichalcum":24,"LastBattle":46,"MawBank":43,"Mercury Hourglass":23,"AT_ImmortalShieldbow":41,"Moonlight_r":8,"Anchor":46,"Orrery":46,"LetterFromLob":2,"Art of War":22,"Garlic":35,"Coffee Dripper":35,"SalivaCoin":42,"Membership Card":24,"ReplayTheSpireMod:Ring of Challenge":2,"REME_ComplimentaryCards":0}],"Pocketwatch":[0]},"card_choices":[{"not_picked":["NakedNest","CrumblingArmor","HeroicMonk"],"picked":"Singing Bowl","floor":1.0},{"not_picked":["TheCursedMod:Torture","TheCursedMod:CircleOfFlame","TheCursedMod:WearCloak"],"picked":"SKIP","floor":1.0},{"not_picked":["Variant","WhitesApple","FairyFestival"],"picked":"Singing Bowl","floor":3.0},{"not_picked":["TheCursedMod:RavingStaff","TheCursedMod:Wield","TheCursedMod:TroublousMinions"],"picked":"SKIP","floor":3.0},{"not_picked":["MeatLantern","PunishingBird"],"picked":"Woodsman","floor":5.0},{"not_picked":["TheCursedMod:HellfireBreathing","TheCursedMod:SpitefulStrike","TheCursedMod:CircleOfCorruption"],"picked":"SKIP","floor":5.0},{"not_picked":["MeatLantern","BeautyBeast","OSAHOGD"],"picked":"Singing Bowl","floor":6.0},{"not_picked":["TheCursedMod:CircleOfCorruption","TheCursedMod:Neurasthenia","TheCursedMod:Wield"],"picked":"SKIP","floor":6.0},{"not_picked":["GreedKing","GalaxyChild","PunishingBird"],"picked":"Singing Bowl","floor":7.0},{"not_picked":["TheCursedMod:SpitefulStrike","TheCursedMod:StunningStrike","TheCursedMod:CircleOfFocus"],"picked":"SKIP","floor":7.0},{"not_picked":["VoidDream","Rudolta","LittleHelper"],"picked":"Singing Bowl","floor":10.0},{"not_picked":["TheCursedMod:SpreadPlague","TheCursedMod:Stigma"],"picked":"TheCursedMod:SurpriseAttack","floor":10.0},{"not_picked":["NakedNest","CherryBlossoms","Murderer"],"picked":"Singing Bowl","floor":12.0},{"not_picked":["TheCursedMod:Torture","TheCursedMod:SpreadPlague","TheCursedMod:VitalStrike"],"picked":"SKIP","floor":12.0},{"not_picked":["Murderer","HeroicMonk","BeautyBeast"],"picked":"Singing Bowl","floor":16.0},{"not_picked":["TheCursedMod:CircleOfCorruption","TheCursedMod:BlessingInDisguise","TheCursedMod:FleshFromBone"],"picked":"SKIP","floor":16.0},{"not_picked":["MeltingLove","OSAHOGD","SpiderBud"],"picked":"Singing Bowl","floor":18.0},{"not_picked":["NothingThere","SilentOrchestra"],"picked":"BlueStar","floor":20.0},{"not_picked":["TheCursedMod:CircleOfCorruption+1","TheCursedMod:AbyssShockwave","TheCursedMod:SmokeScreen"],"picked":"SKIP","floor":20.0},{"not_picked":["Yin","BlackSwan","LongBird"],"picked":"Singing Bowl","floor":23.0},{"not_picked":["TheCursedMod:SpitefulStrike","TheCursedMod:RapidMovement","TheCursedMod:TroublousMinions"],"picked":"SKIP","floor":23.0},{"not_picked":["Variant","OldLady","Scorched"],"picked":"Singing Bowl","floor":25.0},{"not_picked":["TheCursedMod:ReleasedKnowledge","TheCursedMod:SmokeScreen","TheCursedMod:Evocation"],"picked":"SKIP","floor":25.0},{"not_picked":["SnowQueen","ShyLook","UniverseFragment"],"picked":"Singing Bowl","floor":26.0},{"not_picked":["TheCursedMod:CursedShiv+1","TheCursedMod:Grudge","TheCursedMod:PrepareRite"],"picked":"SKIP","floor":26.0},{"not_picked":["DespairKnight","QueenOfHatred","Yin"],"picked":"Singing Bowl","floor":29.0},{"not_picked":["TheCursedMod:CursedAmulet","TheCursedMod:CircleOfAmplification","TheCursedMod:Stretching"],"picked":"SKIP","floor":29.0},{"not_picked":["HeroicMonk","CrumblingArmor"],"picked":"Mercenary","floor":30.0},{"not_picked":["TheCursedMod:Evocation","TheCursedMod:AbyssShockwave","TheCursedMod:CursedMace"],"picked":"SKIP","floor":30.0},{"not_picked":["CrumblingArmor","SingingMachine","Rudolta"],"picked":"Singing Bowl","floor":31.0},{"not_picked":["Scorched","VoidDream"],"picked":"MHz","floor":31.0},{"not_picked":["TheCursedMod:HellfireBreathing+1","TheCursedMod:CircleOfBlood","TheCursedMod:CursedBlade"],"picked":"SKIP","floor":31.0},{"not_picked":["Bloodbath","WhitesApple","FairyFestival"],"picked":"Singing Bowl","floor":33},{"not_picked":["TheCursedMod:CircleOfCorruption+1","TheCursedMod:CursedBlade","TheCursedMod:TacticalStrike+1"],"picked":"SKIP","floor":33},{"not_picked":["LaLuna","QueenOfHatred","CrumblingArmor"],"picked":"Singing Bowl","floor":35},{"not_picked":["SpiderBud","CherryBlossoms","OldLady"],"picked":"Singing Bowl","floor":37},{"not_picked":["TheCursedMod:Torture+1","TheCursedMod:CircleOfCorruption+1","TheCursedMod:CursedMace+1"],"picked":"SKIP","floor":37},{"not_picked":["BeautyBeast","Funeral","Bloodbath"],"picked":"Singing Bowl","floor":38},{"not_picked":["TheCursedMod:CursedStaff+1","TheCursedMod:LuckyCharm","TheCursedMod:RapidMovement+1"],"picked":"SKIP","floor":38},{"not_picked":["BigBadWolf","Variant","MeltingLove"],"picked":"Singing Bowl","floor":41},{"not_picked":["TheCursedMod:Stigma+1","TheCursedMod:CursedBlade+1","TheCursedMod:ReleasedKnowledge"],"picked":"SKIP","floor":41},{"not_picked":["WhiteNight","Yin","NothingThere"],"picked":"Singing Bowl","floor":42},{"not_picked":["TheCursedMod:RapidMovement","TheCursedMod:Obscuration"],"picked":"TheCursedMod:SurpriseAttack","floor":42},{"not_picked":["GreedKing","LaLuna","HeroicMonk"],"picked":"Singing Bowl","floor":44},{"not_picked":["TheCursedMod:FleshFromBone+1","TheCursedMod:ParallelWorld","TheCursedMod:SpitefulPlan"],"picked":"SKIP","floor":44},{"not_picked":["Porccubus","GalaxyChild","DreamingCurrent"],"picked":"Singing Bowl","floor":46},{"not_picked":["TheCursedMod:Wield","TheCursedMod:PrepareRite"],"picked":"TheCursedMod:SurpriseAttack+1","floor":46},{"not_picked":["HappyTeddy","QueenBee","BigBadWolf"],"picked":"Singing Bowl","floor":47},{"not_picked":["GalaxyChild","QueenOfHatred"],"picked":"RedShoes","floor":47},{"not_picked":["TheCursedMod:Obscuration","TheCursedMod:EmpowerCircles+1","TheCursedMod:BloodBarrier+1"],"picked":"SKIP","floor":47},{"not_picked":["TheCursedMod:NeowsMight","TheCursedMod:CursedBlade+1"],"picked":"TheCursedMod:CircleOfBlood+1","floor":49},{"not_picked":["DespairKnight","BlackArmy","Scarecrow"],"picked":"Singing Bowl","floor":50},{"not_picked":["TheCursedMod:OutForBlood","TheCursedMod:Grudge","TheCursedMod:SpitefulStrike"],"picked":"SKIP","floor":50}],"player_experience":170348,"relics_obtained":[{"floor":1.0,"key":"LetterFromLob"},{"floor":2.0,"key":"ReplayTheSpireMod:Ring of Challenge"},{"floor":6.0,"key":"MagicDraw3"},{"floor":9.0,"key":"DeadEye"},{"floor":10.0,"key":"Dream Catcher"},{"floor":12.0,"key":"Juzu Bracelet"},{"floor":16.0,"key":"Smiling Mask"},{"floor":23.0,"key":"Art of War"},{"floor":24.0,"key":"Incense Burner"},{"floor":25.0,"key":"Mercury Hourglass"},{"floor":28.0,"key":"Orichalcum"},{"floor":29.0,"key":"WingedGreaves"},{"floor":29.0,"key":"Replay:Wax Seal"},{"floor":30.0,"key":"Replay:Baseball"},{"floor":31.0,"key":"REME_HourglassOfDeath"},{"floor":31.0,"key":"Ancient Tea Set"},{"floor":33,"key":"Replay:Mystery Machine"},{"floor":35,"key":"Garlic"},{"floor":37,"key":"Boot"},{"floor":38,"key":"ZombieArmy"},{"floor":38,"key":"Pantograph"},{"floor":41,"key":"HornCleat"},{"floor":42,"key":"BookOfRevelations"},{"floor":42,"key":"Replay:Bottled Flurry"},{"floor":44,"key":"Replay:Kaleidoscope"},{"floor":44,"key":"SalivaCoin"},{"floor":46,"key":"TheBean"},{"floor":46,"key":"MawBank"},{"floor":47,"key":"TheCursedMod:DemonicMark"},{"floor":47,"key":"Iron Hammer"},{"floor":50,"key":"Mummified Hand"},{"floor":50,"key":"AT_ArchangelStaff"},{"floor":50,"key":"LetterFromLob"},{"floor":51,"key":"HowToJump"}],"event_choices":[{"damage_healed":0.0,"max_hp_gain":0.0,"max_hp_loss":0.0,"gold_gain":0.0,"event_name":"Drug Dealer","player_choice":"Inject Mutagens","floor":21.0,"gold_loss":0.0,"damage_taken":0.0,"relics_obtained":["MutagenicStrength"]},{"cards_removed":["TheCursedMod:CursedWand"],"damage_healed":0.0,"max_hp_gain":0.0,"max_hp_loss":0.0,"gold_gain":0.0,"event_name":"Beggar","player_choice":"Gave Gold","floor":22.0,"gold_loss":75.0,"damage_taken":0.0},{"damage_healed":0,"gold_gain":300,"player_choice":"Gold","damage_taken":0,"max_hp_gain":0,"max_hp_loss":0,"event_name":"Wheel of Change","floor":39,"gold_loss":0}],"is_beta":false,"boss_relics":[{"not_picked":["EasyGame_NEW","REME_ChargedStone"],"picked":"Philosopher\u0027s Stone"},{"not_picked":[]},{"not_picked":["Astrolabe","SacredBark"],"picked":"Coffee Dripper"},{"not_picked":[]}],"items_purged_floors":[4,27,27,43,48,49],"is_endless":false,"potions_floor_spawned":[5,6,16,26,30],"ascension_level":2}}