{"host":"oy4pyvr762z5n0bb","time":1609395643,"event":{"mods":["AchievementEnabler","BaseMod","Colored Map","Colored Powertips","Googly Eyes","Key Reminder","Minty Spire (QoL Compilation)","Quick Restart","Relic Sorter","StSLib","SuperFastMode","Unceasing Turn Reminder","slay the spire mod where everything is the same but ironclad has a cowboy hat"],"gold_per_floor":[114,114,124,101,112,112,146,111,135,164,164,203,234,278,290,302,302],"floor_reached":16,"playtime":498,"items_purged":[],"score":156,"play_id":"59e53a75-07d1-4bc9-84ac-5feb95bb532d","local_time":"20201230222043","is_ascension_mode":true,"campfire_choices":[{"data":"Cleave","floor":6,"key":"SMITH"},{"data":"Battle Trance","floor":11,"key":"SMITH"},{"data":"True Grit","floor":15,"key":"SMITH"}],"circlet_count":0,"master_deck":["Strike_R","Strike_R","Strike_R","Strike_R","Strike_R","Defend_R+1","Defend_R+1","Defend_R","Defend_R","Bash","Twin Strike","Thunderclap","Perfected Strike","Cleave+1","Battle Trance+1","True Grit+1","Warcry","Intimidate"],"relics":["Burning Blood","War Paint","Ancient Tea Set","CeramicFish","MawBank","Paper Frog","keyreminder:keyreminder"],"acts_visited":["Exordium"],"potions_floor_usage":[14,16],"damage_taken":[{"damage":6,"enemies":"Jaw Worm","floor":1,"turns":5},{"damage":6,"enemies":"Cultist","floor":3,"turns":3},{"damage":0,"enemies":"Small Slimes","floor":5,"turns":3},{"damage":32,"enemies":"Gremlin Nob","floor":7,"turns":4},{"damage":7,"enemies":"2 Fungi Beasts","floor":10,"turns":3},{"damage":27,"enemies":"Lagavulin","floor":12,"turns":6},{"damage":19,"enemies":"Large Slime","floor":13,"turns":4},{"damage":11,"enemies":"3 Sentries","floor":14,"turns":10},{"damage":40,"enemies":"Hexaghost","floor":16,"turns":11}],"seed_played":"-4213307278762092844","potions_obtained":[{"floor":3,"key":"EssenceOfSteel"},{"floor":5,"key":"Ancient Potion"},{"floor":7,"key":"SpeedPotion"},{"floor":14,"key":"EssenceOfSteel"}],"is_trial":false,"path_per_floor":["M","?","M","$","M","R","E","?","T","M","R","E","M","E","R","B"],"character_chosen":"IRONCLAD","items_purchased":["Perfected Strike"],"campfire_rested":0,"item_purchase_floors":[4],"current_hp_per_floor":[72,80,80,80,80,80,54,74,74,73,73,52,39,34,34,0,0],"gold":302,"neow_bonus":"RANDOM_COMMON_RELIC","is_daily":false,"chose_seed":false,"campfire_upgraded":3,"win_rate":0.0,"timestamp":1609395643,"path_taken":["M","?","M","$","?","R","E","?","T","M","R","E","M","E","R","BOSS"],"items_purchased_type":["Card"],"build_version":"2020-12-22","purchased_purges":0,"victory":false,"max_hp_per_floor":[80,80,80,80,80,80,80,80,80,80,80,80,80,80,80,80,80],"card_choices":[{"not_picked":["Headbutt","Iron Wave"],"picked":"Twin Strike","floor":1},{"not_picked":["Shrug It Off","Heavy Blade"],"picked":"Thunderclap","floor":3},{"not_picked":["Clash","Entrench"],"picked":"Cleave","floor":5},{"not_picked":["Fiend Fire","Ghostly Armor"],"picked":"Battle Trance","floor":7},{"not_picked":["Twin Strike","Rampage"],"picked":"True Grit","floor":10},{"not_picked":["Heavy Blade","Thunderclap"],"picked":"Warcry","floor":12},{"not_picked":["Cleave","Flex"],"picked":"Intimidate","floor":13},{"not_picked":["Warcry","Headbutt","Rupture"],"picked":"SKIP","floor":14}],"player_experience":621113,"relics_obtained":[{"floor":7,"key":"Ancient Tea Set"},{"floor":9,"key":"CeramicFish"},{"floor":12,"key":"MawBank"},{"floor":14,"key":"Paper Frog"}],"event_choices":[{"damage_healed":8,"gold_gain":0,"player_choice":"Full Heal","damage_taken":0,"max_hp_gain":0,"max_hp_loss":0,"event_name":"Wheel of Change","floor":2,"gold_loss":0},{"damage_healed":20,"gold_gain":0,"player_choice":"Healed","damage_taken":0,"max_hp_gain":0,"max_hp_loss":0,"event_name":"The Cleric","floor":8,"gold_loss":35}],"is_beta":false,"boss_relics":[],"items_purged_floors":[],"is_endless":false,"potions_floor_spawned":[3,5,7,14],"killed_by":"Hexaghost","ascension_level":6}}