{"host":"cgv4xfjbrthxr81g","time":1609378737,"event":{"mods":["2.2 Compatiblity","Act Like it!","BaseMod","Bestiary","Better Altar","Better Match","Better Note","Better Sensory Stone","Better Skull","Better Third Choice","BetterRewards","Block Reminder","Card Forge","Clawfect","Colored Map","Colored Powertips","Curses Come First","DeckTracker","Defuse TimeMaze Blight","Downfall","Energized Spire","Evolution","Friendly Minions","Hallownest","Highlight Path","Hubris","Infinite Spire","Mimic Mod","Minty Spire (QoL Compilation)","Permanent Neow","Quick Restart","Rare Cards Sparkle","Relic Sorter","Relic Stats","Replay The Spire","Robot Space Explorer","Shop Mod","Spicy Shops","StSLib","SuperFastMode","The Bug Knight","The Caster","The Construct","The Jungle","TheVacant","Uncapped","Wandering Minibosses"],"gold_per_floor":[115,16,16,30,30,30,30,57,57,57,71,100,25,59,59,156,156,174,187,29,128,128,128],"floor_reached":22,"playtime":914,"items_purged":["construct:Defend_Gold","Clumsy"],"score":210,"play_id":"d9ff13af-103c-413e-a0a3-d7224c710474","local_time":"20201230203857","is_ascension_mode":true,"campfire_choices":[{"data":"construct:AttackMode","floor":6,"key":"SMITH"},{"floor":10,"key":"REST"},{"floor":15,"key":"REST"}],"circlet_count":0,"master_deck":["construct:SweepLaser","construct:SweepLaser","construct:Strike_Gold","construct:Strike_Gold","construct:Strike_Gold","construct:Defend_Gold","construct:Defend_Gold","construct:Defend_Gold","construct:AttackMode+1","construct:DefenseMode+1","construct:Hazardproof","construct:Autoturret","construct:Reinforce","construct:Reinforce","construct:Autoturret","construct:ForceCore","construct:FocusedBeam","Pot Of Greed","Pot Of Greed","construct:HyperBeam","construct:LaserCore","construct:FocusedBeam"],"relics":["construct:Cogwheel","hubris:BundleOfHerbs","construct:Challenge1","Hammer of Thor","Seething Fire","Anvil of the Gods","EVO:Axolotl","Replay:WaspNest","HollowMod:PaleOreRelic","Grinning Jar","construct:ClawGrip","Lantern"],"acts_visited":["Exordium","TheCity"],"potions_floor_usage":[],"damage_taken":[{"damage":10,"enemies":"Jaw Worm","floor":1,"turns":6},{"damage":3,"enemies":"Cultist","floor":4,"turns":5},{"damage":53,"enemies":"Gremlin Nob","floor":8,"turns":6},{"damage":0,"enemies":"Small Slimes","floor":11,"turns":9},{"damage":28,"enemies":"Lagavulin","floor":12,"turns":9},{"damage":7,"enemies":"3 Sentries","floor":14,"turns":6},{"damage":34,"enemies":"Hexaghost","floor":16,"turns":9},{"damage":19,"enemies":"Spheric Guardian","floor":18,"turns":4},{"damage":52,"enemies":"Shell Parasite","floor":19,"turns":6},{"damage":21,"enemies":"Snake Plant","floor":22,"turns":3}],"seed_played":"-7962242280122129235","potions_obtained":[{"floor":4,"key":"Block Potion"},{"floor":8,"key":"sneckomod:MuddlingPotion"},{"floor":16,"key":"FearPotion"}],"is_trial":false,"path_per_floor":["M","$","?","M","?","R","?","E","T","R","M","E","$","E","R","B",null,"M","M","$","?","M"],"character_chosen":"THE_CONSTRUCT_MOD","items_purchased":["construct:Autoturret","construct:Reinforce","Lantern"],"campfire_rested":2,"item_purchase_floors":[2,2,20],"current_hp_per_floor":[75,75,75,72,77,77,77,24,24,51,69,41,41,34,61,48,90,71,19,19,19,0,0],"gold":128,"neow_bonus":"RANDOM_EVENT","is_daily":false,"chose_seed":false,"campfire_upgraded":1,"win_rate":0.0,"timestamp":1609378737,"path_taken":["M","$","?","?","?","R","?","E","T","R","?","E","$","E","R","BOSS","M","M","$","?","M"],"items_purchased_type":["Card","Card","Relic"],"build_version":"2020-12-22","purchased_purges":2,"victory":false,"max_hp_per_floor":[85,85,85,85,90,90,90,90,90,90,90,90,90,90,90,90,90,90,90,90,90,90,90],"relic_stats":{"counters":[10,63],"obtain_stats":[{"construct:Challenge1":0,"construct:ClawGrip":17,"Lantern":20,"Anvil of the Gods":0,"construct:Cogwheel":0,"Hammer of Thor":0,"Replay:WaspNest":8,"hubris:BundleOfHerbs":9,"EVO:Axolotl":0,"Seething Fire":0,"HollowMod:PaleOreRelic":12,"Grinning Jar":14},{"construct:Challenge1":0,"construct:ClawGrip":7,"Lantern":9,"Anvil of the Gods":0,"construct:Cogwheel":0,"Hammer of Thor":0,"Replay:WaspNest":3,"hubris:BundleOfHerbs":3,"EVO:Axolotl":0,"Seething Fire":0,"HollowMod:PaleOreRelic":5,"Grinning Jar":6},{"construct:Challenge1":0,"construct:ClawGrip":50,"Lantern":60,"Anvil of the Gods":0,"construct:Cogwheel":0,"Hammer of Thor":0,"Replay:WaspNest":17,"hubris:BundleOfHerbs":17,"EVO:Axolotl":0,"Seething Fire":0,"HollowMod:PaleOreRelic":35,"Grinning Jar":41}]},"card_choices":[{"not_picked":["construct:Versatility","construct:FierceBash","construct:FlakBarrage"],"picked":"SKIP","floor":1},{"not_picked":["construct:Hazardproof","construct:Versatility"],"picked":"construct:Autoturret","floor":4},{"not_picked":["construct:FierceBash","construct:Hazardproof"],"picked":"construct:ForceCore","floor":8},{"not_picked":["construct:HeavyBolt","construct:ChargeShot"],"picked":"construct:FocusedBeam","floor":11},{"not_picked":["construct:CriticalHit","construct:Backup","construct:VentSteam"],"picked":"SKIP","floor":12},{"not_picked":["construct:ClusterMines","construct:VentSteam","construct:HardReboot"],"picked":"SKIP","floor":14},{"not_picked":["construct:SpinDrive","construct:SiegeForm"],"picked":"construct:HyperBeam","floor":16},{"not_picked":["construct:HardReboot","construct:HeavyBolt+1"],"picked":"construct:LaserCore","floor":18},{"not_picked":["construct:VentSteam+1","construct:Disrupt"],"picked":"construct:FocusedBeam","floor":19}],"player_experience":86186,"relics_obtained":[{"floor":8,"key":"Replay:WaspNest"},{"floor":9,"key":"hubris:BundleOfHerbs"},{"floor":12,"key":"HollowMod:PaleOreRelic"},{"floor":14,"key":"Grinning Jar"}],"event_choices":[{"cards_removed":["construct:Defend_Gold"],"damage_healed":0,"gold_gain":0,"player_choice":"Purged","damage_taken":0,"max_hp_gain":0,"max_hp_loss":0,"event_name":"Purifier","floor":3,"gold_loss":0},{"damage_healed":0,"gold_gain":0,"player_choice":"Donut","damage_taken":0,"max_hp_gain":5,"max_hp_loss":0,"event_name":"Big Fish","floor":5,"gold_loss":0},{"damage_healed":0,"gold_gain":0,"player_choice":"Forge","damage_taken":0,"max_hp_gain":0,"max_hp_loss":0,"event_name":"Accursed Blacksmith","floor":7,"gold_loss":0,"cards_upgraded":["construct:DefenseMode"]},{"damage_healed":0,"gold_gain":99,"player_choice":"Steal","damage_taken":0,"max_hp_gain":0,"max_hp_loss":0,"event_name":"betterThird:BetterNest","floor":21,"gold_loss":0}],"is_beta":false,"boss_relics":[{"not_picked":["hubris:VirtuousBlindfold","Ring of Chaos"],"picked":"construct:ClawGrip"}],"items_purged_floors":[13,20],"is_endless":false,"potions_floor_spawned":[4,8,16,18],"killed_by":"Snake Plant","ascension_level":1}}