{"host":"7k2a2omxz3voj5ax","time":1609424694,"event":{"mods":["BaseMod","Marisa£¨ìFÓê¡¡Ä§ÀíÉ³£©","Minty Spire (QoL Compilation)","Quick Restart","Spicy Shops","StSLib","Starting Relic: Pandora\u0027s Box","óô»ðÖ¸ÄÏ"],"gold_per_floor":[115,190,200,281,281,308,308,325,348,348,1,18,74,106,106,183,183,193,208,44,56,56,84,102,128,128,862,890,432,432,432],"floor_reached":30,"playtime":1443,"items_purged":["MasterSpark","DarkMatter+1"],"score":742,"play_id":"2675c548-a941-4be2-a1dc-1f7be56760a0","local_time":"20201231232454","is_ascension_mode":true,"campfire_choices":[{"data":"MeteoricShower","floor":7.0,"key":"SMITH"},{"data":"OortCloud","floor":15.0,"key":"SMITH"}],"circlet_count":0,"master_deck":["AscendersBane","WitchLeyline","PowerUp","MeteoricShower+1","SporeBomb","GasGiant","SuperPerseids","Acceleration","DragonMeteor","OortCloud","MagicChant","OortCloud+1","EscapeVelocity","WitchLeyline+1","SprinkleStarSeal+1","MillisecondPulsars","PowerUp"],"relics":["MiniHakkero","Blue Candle","Centennial Puzzle","Sundial","Singing Bowl","Juzu Bracelet","Pen Nib","Astrolabe","Art of War","Matryoshka","Blood Vial","Tiny Chest","BreadOfAWashokuLover","Mummified Hand","Orichalcum","White Beast Statue","HornCleat"],"acts_visited":["Exordium","TheCity"],"potions_floor_usage":[28,30],"damage_taken":[{"damage":0.0,"enemies":"Jaw Worm","floor":1.0,"turns":2.0},{"damage":3.0,"enemies":"2 Louse","floor":3.0,"turns":2.0},{"damage":2.0,"enemies":"Gremlin Nob","floor":6.0,"turns":2.0},{"damage":0.0,"enemies":"Small Slimes","floor":8.0,"turns":1.0},{"damage":0.0,"enemies":"2 Fungi Beasts","floor":12.0,"turns":2.0},{"damage":2.0,"enemies":"Lagavulin Event","floor":13.0,"turns":3.0},{"damage":0.0,"enemies":"Lagavulin","floor":14.0,"turns":4.0},{"damage":0.0,"enemies":"The Guardian","floor":16.0,"turns":5.0},{"damage":3.0,"enemies":"Shell Parasite","floor":18.0,"turns":2.0},{"damage":2.0,"enemies":"2 Thieves","floor":19.0,"turns":3.0},{"damage":12.0,"enemies":"Snake Plant","floor":21.0,"turns":3.0},{"damage":6.0,"enemies":"Book of Stabbing","floor":23.0,"turns":3.0},{"damage":1.0,"enemies":"Centurion and Healer","floor":24.0,"turns":4.0},{"damage":41.0,"enemies":"Slavers","floor":25.0,"turns":5.0},{"damage":5,"enemies":"Book of Stabbing","floor":28,"turns":3},{"damage":15,"enemies":"Slavers","floor":30,"turns":1}],"seed_played":"-1653702070110238905","potions_obtained":[{"floor":3.0,"key":"CultistPotion"},{"floor":8.0,"key":"PowerPotion"},{"floor":14.0,"key":"FearPotion"},{"floor":28,"key":"SpeedPotion"}],"is_trial":false,"path_per_floor":["M","?","M","T","?","E","R","M","T","?","$","M","?","E","R","B",null,"M","M","$","M","?","E","M","E","T","$","E","$","E"],"character_chosen":"MARISA","items_purchased":["Singing Bowl","Art of War","Mummified Hand","White Beast Statue","PowerUp","HornCleat"],"campfire_rested":0,"item_purchase_floors":[11,20,27,29,29,29],"current_hp_per_floor":[63,52,49,49,49,47,47,47,47,36,36,36,34,34,34,34,61,60,60,60,50,50,46,47,6,6,6,7,7,0,0],"gold":432,"neow_bonus":"TRANSFORM_CARD","is_daily":false,"chose_seed":false,"campfire_upgraded":2,"win_rate":0.0,"timestamp":1609424694,"path_taken":["M","?","M","?","?","E","R","M","T","?","$","M","?","E","R","BOSS","M","M","$","M","?","E","M","E","T","$","E","$","E"],"items_purchased_type":["Relic","Relic","Relic","Relic","Card","Relic"],"build_version":"2020-12-22","purchased_purges":2,"victory":false,"max_hp_per_floor":[70,70,70,70,70,70,70,70,70,70,70,70,70,70,70,70,70,72,74,74,76,76,78,80,80,80,80,82,82,82,82],"card_choices":[{"not_picked":["ManaConvection","GasGiant"],"picked":"SuperPerseids","floor":1.0},{"not_picked":["DoubleSpark","SporeBomb"],"picked":"Acceleration","floor":3.0},{"not_picked":["OrrerysSun","NonDirectionalLaser","6A"],"picked":"SKIP","floor":6.0},{"not_picked":["AsteroidBelt","OrrerysSun"],"picked":"DragonMeteor","floor":8.0},{"not_picked":["DarkMatter","DeepEcoloBomb"],"picked":"OortCloud","floor":12.0},{"not_picked":["OrrerysSun","PropBag"],"picked":"MagicChant","floor":13.0},{"not_picked":["DoubleSpark","FairyDestructionRay"],"picked":"OortCloud","floor":14.0},{"not_picked":["CasketOfStar","MillisecondPulsars"],"picked":"EscapeVelocity","floor":16.0},{"not_picked":["ShootingEcho","GalacticHalo","PowerUp"],"picked":"Singing Bowl","floor":18.0},{"not_picked":["OortCloud+1","ShootingEcho","SporeBomb"],"picked":"Singing Bowl","floor":19.0},{"not_picked":["MilkyWay","IllusionStar","DarkSpark"],"picked":"Singing Bowl","floor":21.0},{"not_picked":["GrandCross","GalacticHalo","RefractionSpark"],"picked":"Singing Bowl","floor":23.0},{"not_picked":["DC+1","UnstableBomb","6A"],"picked":"Singing Bowl","floor":24.0},{"not_picked":["GravityBeat","GalacticHalo"],"picked":"MillisecondPulsars","floor":25.0},{"not_picked":["UnstableBomb","BinaryStars","PowerUp"],"picked":"Singing Bowl","floor":28}],"player_experience":372937,"relics_obtained":[{"floor":4.0,"key":"Blue Candle"},{"floor":6.0,"key":"Centennial Puzzle"},{"floor":13.0,"key":"Juzu Bracelet"},{"floor":14.0,"key":"Pen Nib"},{"floor":23.0,"key":"Matryoshka"},{"floor":25.0,"key":"Blood Vial"},{"floor":26.0,"key":"Tiny Chest"},{"floor":26.0,"key":"BreadOfAWashokuLover"},{"floor":28,"key":"Orichalcum"}],"event_choices":[{"damage_healed":0.0,"max_hp_gain":0.0,"max_hp_loss":0.0,"gold_gain":75.0,"event_name":"World of Goop","player_choice":"Gather Gold","floor":2.0,"gold_loss":0.0,"damage_taken":11.0},{"cards_removed":["6A"],"damage_healed":0.0,"max_hp_gain":0.0,"max_hp_loss":0.0,"gold_gain":0.0,"event_name":"Living Wall","player_choice":"Forget","floor":5.0,"gold_loss":0.0,"damage_taken":0.0},{"damage_healed":0.0,"max_hp_gain":0.0,"max_hp_loss":0.0,"gold_gain":0.0,"event_name":"Scrap Ooze","player_choice":"Success","floor":10.0,"gold_loss":0.0,"damage_taken":11.0,"relics_obtained":["Sundial"]},{"damage_healed":0.0,"max_hp_gain":0.0,"max_hp_loss":0.0,"gold_gain":0.0,"event_name":"Dead Adventurer","player_choice":"Searched \u00271\u0027 times","floor":13.0,"gold_loss":0.0,"damage_taken":0.0}],"is_beta":false,"boss_relics":[{"not_picked":["Fusion Hammer","Busted Crown"],"picked":"Astrolabe"}],"items_purged_floors":[11,27],"is_endless":false,"potions_floor_spawned":[3,8,14,21,23,28],"killed_by":"Slavers","ascension_level":20}}