{"host":"hhk99zdwe8tkcyq7","time":1609387726,"event":{"mods":["AchievementEnabler","BaseMod","Minty Spire (QoL Compilation)"],"gold_per_floor":[116,135,60,71,82,82,102,102,129,160,60,75,75,89,89,89,89],"floor_reached":16,"playtime":797,"items_purged":["Strike_G","Strike_G"],"score":104,"play_id":"6c89e8f9-296f-47b9-84d0-6c45a0d6808d","local_time":"20201230220846","is_ascension_mode":false,"campfire_choices":[{"floor":6,"key":"REST"},{"data":"Infinite Blades","floor":8,"key":"SMITH"},{"floor":13,"key":"REST"},{"floor":15,"key":"REST"}],"circlet_count":0,"master_deck":["Strike_G","Strike_G","Strike_G","Defend_G","Defend_G","Defend_G","Defend_G","Defend_G","Survivor","Neutralize","Infinite Blades+1"],"relics":["Ring of the Snake","Boot","Juzu Bracelet"],"acts_visited":["Exordium"],"potions_floor_usage":[14,14,16,16],"damage_taken":[{"damage":4,"enemies":"Cultist","floor":1,"turns":4},{"damage":1,"enemies":"2 Louse","floor":2,"turns":4},{"damage":0,"enemies":"Small Slimes","floor":4,"turns":3},{"damage":42,"enemies":"Gremlin Gang","floor":5,"turns":8},{"damage":5,"enemies":"Large Slime","floor":7,"turns":6},{"damage":32,"enemies":"Gremlin Nob","floor":10,"turns":5},{"damage":5,"enemies":"2 Fungi Beasts","floor":12,"turns":5},{"damage":8,"enemies":"Gremlin Gang","floor":14,"turns":4},{"damage":56,"enemies":"The Guardian","floor":16,"turns":20}],"seed_played":"-285673427947510800","potions_obtained":[{"floor":4,"key":"SkillPotion"},{"floor":7,"key":"PowerPotion"},{"floor":10,"key":"FearPotion"},{"floor":14,"key":"Swift Potion"}],"is_trial":false,"path_per_floor":["M","M","$","M","M","R","M","R","T","E","$","M","R","M","R","B"],"character_chosen":"THE_SILENT","items_purchased":[],"campfire_rested":3,"item_purchase_floors":[],"current_hp_per_floor":[73,72,72,72,30,53,48,48,48,16,16,11,34,26,49,0,0],"gold":89,"neow_bonus":"TEN_PERCENT_HP_BONUS","is_daily":false,"chose_seed":false,"campfire_upgraded":1,"win_rate":0.0,"timestamp":1609387726,"path_taken":["M","?","$","M","M","R","?","R","T","E","$","M","R","M","R","BOSS"],"items_purchased_type":[],"build_version":"2020-12-22","purchased_purges":2,"victory":false,"max_hp_per_floor":[77,77,77,77,77,77,77,77,77,77,77,77,77,77,77,77,77],"card_choices":[{"not_picked":["Deflect","Tactician","Sucker Punch"],"picked":"SKIP","floor":1},{"not_picked":["Quick Slash","Bane"],"picked":"Infinite Blades","floor":2},{"not_picked":["Underhanded Strike","Dagger Spray","Expertise"],"picked":"SKIP","floor":4},{"not_picked":["Underhanded Strike","Poisoned Stab","Bane"],"picked":"SKIP","floor":5},{"not_picked":["Dodge and Roll","Well Laid Plans","Riddle With Holes"],"picked":"SKIP","floor":7},{"not_picked":["Quick Slash","Blur","Tactician"],"picked":"SKIP","floor":10},{"not_picked":["Die Die Die","Finisher","Acrobatics"],"picked":"SKIP","floor":12},{"not_picked":["Expertise","Deadly Poison","Bane"],"picked":"SKIP","floor":14}],"player_experience":25029,"relics_obtained":[{"floor":9,"key":"Boot"},{"floor":10,"key":"Juzu Bracelet"}],"event_choices":[],"is_beta":false,"boss_relics":[],"items_purged_floors":[3,11],"is_endless":false,"potions_floor_spawned":[4,7,10,14],"killed_by":"The Guardian","ascension_level":0}}