{"host":"mttmnrdvbvzz8cuy","time":1609413138,"event":{"mods":["BaseMod","Bestiary","Better Altar","Better Note","Better Sensory Stone","Better Skull","BetterRewards","Colored Map","Colored Powertips","Minty Spire (QoL Compilation)","StSLib"],"gold_per_floor":[119,294,309,309,22,22,37,63,63,89,110,137,151,185,185,284,284,303,321,65,65,76,76,102,118,171,171,171,171,181,29,29,125,125,137,155,155,42,92,92,111,111,111,111,111,126,26,36,36,36],"floor_reached":51,"playtime":2429,"items_purged":["Strike_G","Defend_G"],"score":718,"play_id":"9590b099-576f-45fc-9f6e-3a28cf36a2b4","local_time":"20201231221218","is_ascension_mode":false,"campfire_choices":[{"data":"Cloak And Dagger","floor":6,"key":"SMITH"},{"floor":15,"key":"REST"},{"floor":23,"key":"REST"},{"floor":27,"key":"REST"},{"data":"Storm of Steel","floor":29,"key":"SMITH"},{"data":"Envenom","floor":32,"key":"SMITH"},{"data":"Sadistic Nature","floor":40,"key":"SMITH"},{"floor":42,"key":"REST"},{"data":"Blade Dance","floor":44,"key":"SMITH"},{"floor":49,"key":"REST"}],"circlet_count":0,"master_deck":["Strike_G+1","Defend_G","Defend_G","Defend_G","Defend_G","Survivor","Neutralize","Cloak And Dagger+1","Flying Knee+1","Noxious Fumes","Tactician","Corpse Explosion","Blade Dance+1","After Image","Accuracy","Envenom+1","Storm of Steel+1","Blade Dance","Backflip","Sadistic Nature+1","Choke+1","PiercingWail+1","Footwork","Burst+1","Blade Dance+1","Finisher+1","Accuracy","Finisher+1","After Image","Parasite"],"relics":["Ring of the Snake","Snake Skull","Molten Egg 2","Meat on the Bone","Ancient Tea Set","Odd Mushroom","Bag of Preparation","Regal Pillow","Black Star","Toxic Egg 2","Whetstone","Vajra","Boot","WristBlade","Lizard Tail","Thread and Needle"],"acts_visited":["Exordium","TheCity","TheBeyond"],"potions_floor_usage":[12,12,16,25,41,48,50,50],"damage_taken":[{"damage":0,"enemies":"Small Slimes","floor":1,"turns":3},{"damage":0,"enemies":"2 Louse","floor":3,"turns":2},{"damage":0,"enemies":"Cultist","floor":7,"turns":5},{"damage":35,"enemies":"Gremlin Nob","floor":8,"turns":5},{"damage":18,"enemies":"Lagavulin","floor":10,"turns":6},{"damage":17,"enemies":"The Mushroom Lair","floor":11,"turns":4},{"damage":4,"enemies":"3 Sentries","floor":12,"turns":2},{"damage":8,"enemies":"Looter","floor":13,"turns":4},{"damage":32,"enemies":"Gremlin Nob","floor":14,"turns":6},{"damage":22,"enemies":"The Guardian","floor":16,"turns":7},{"damage":26,"enemies":"Spheric Guardian","floor":18,"turns":4},{"damage":21,"enemies":"3 Byrds","floor":19,"turns":3},{"damage":8,"enemies":"Snecko","floor":22,"turns":3},{"damage":60,"enemies":"Slavers","floor":24,"turns":4},{"damage":15,"enemies":"Shelled Parasite and Fungi","floor":25,"turns":4},{"damage":0,"enemies":"3 Cultists","floor":30,"turns":2},{"damage":42,"enemies":"Collector","floor":33,"turns":5},{"damage":2,"enemies":"Orb Walker","floor":35,"turns":2},{"damage":26,"enemies":"3 Shapes","floor":36,"turns":3},{"damage":9,"enemies":"Mind Bloom Boss Battle","floor":39,"turns":5},{"damage":31,"enemies":"Maw","floor":41,"turns":6},{"damage":0,"enemies":"3 Darklings","floor":46,"turns":3},{"damage":30,"enemies":"Writhing Mass","floor":48,"turns":5},{"damage":30,"enemies":"Donu and Deca","floor":50,"turns":3}],"seed_played":"-3714269204032265784","potions_obtained":[{"floor":1,"key":"CunningPotion"},{"floor":3,"key":"Regen Potion"},{"floor":12,"key":"Block Potion"},{"floor":16,"key":"FearPotion"},{"floor":19,"key":"Weak Potion"},{"floor":25,"key":"Swift Potion"},{"floor":30,"key":"DuplicationPotion"},{"floor":41,"key":"ColorlessPotion"},{"floor":48,"key":"SkillPotion"}],"is_trial":false,"path_per_floor":["M","?","M","?","$","R","M","E","T","E","?","E","M","E","R","B",null,"M","M","$","?","M","R","E","M","T","R","?","R","M","$","R","B",null,"M","M","?","$","?","R","M","R","T","R","?","M","$","M","R","B",null],"character_chosen":"THE_SILENT","items_purchased":["Snake Skull","Noxious Fumes","SteroidPotion","Sadistic Nature","Boot","Accuracy","Finisher+1"],"campfire_rested":5,"item_purchase_floors":[5,5,5,20,31,38,38],"current_hp_per_floor":[70,70,70,63,63,63,63,28,28,22,17,34,38,18,54,44,70,44,35,35,35,39,70,22,19,19,55,55,55,55,55,55,25,70,68,42,42,42,45,45,26,62,62,62,62,62,62,44,70,40],"gold":36,"neow_bonus":"REMOVE_CARD","is_daily":false,"chose_seed":false,"campfire_upgraded":5,"win_rate":0.0,"timestamp":1609413138,"path_taken":["M","?","M","?","$","R","M","E","T","E","?","E","M","E","R","BOSS","M","M","$","?","M","R","E","?","T","R","?","R","M","$","R","BOSS","M","?","?","$","?","R","M","R","T","R","?","M","$","M","R","BOSS"],"items_purchased_type":["Relic","Card","Potion","Card","Relic","Card","Card"],"build_version":"2020-12-22","purchased_purges":2,"victory":true,"max_hp_per_floor":[70,70,70,70,70,70,70,70,70,70,70,70,70,70,70,70,70,70,70,70,70,70,70,70,70,70,70,70,70,70,70,70,70,70,70,70,70,70,70,70,70,70,70,70,70,70,70,70,70,70],"card_choices":[{"not_picked":["Heel Hook","Poisoned Stab"],"picked":"Cloak And Dagger","floor":1},{"not_picked":["Bane","Sucker Punch"],"picked":"Flying Knee","floor":3},{"not_picked":["Endless Agony","Prepared"],"picked":"Tactician","floor":7},{"not_picked":["Choke+1","Reflex"],"picked":"Corpse Explosion","floor":8},{"not_picked":["Backflip","Dagger Throw+1"],"picked":"Blade Dance","floor":10},{"not_picked":["Deflect","Sucker Punch+1"],"picked":"After Image","floor":12},{"not_picked":["Infinite Blades","PiercingWail"],"picked":"Accuracy","floor":13},{"not_picked":["Blade Dance","Sucker Punch+1"],"picked":"Envenom","floor":14},{"not_picked":["Die Die Die+1","After Image"],"picked":"Storm of Steel","floor":16},{"not_picked":["Masterful Stab+1","Cloak And Dagger"],"picked":"Blade Dance","floor":18},{"not_picked":["Prepared","Deadly Poison"],"picked":"Backflip","floor":19},{"not_picked":["Distraction","Deadly Poison+1","Escape Plan"],"picked":"SKIP","floor":22},{"not_picked":["Quick Slash+1","Well Laid Plans","Deadly Poison+1"],"picked":"SKIP","floor":24},{"not_picked":["Slice+1","Cloak And Dagger+1"],"picked":"Choke+1","floor":25},{"not_picked":["Dagger Spray+1","Doppelganger+1"],"picked":"Footwork","floor":30},{"not_picked":["Unload+1","Glass Knife+1"],"picked":"Burst+1","floor":33},{"not_picked":["Dash+1","Prepared+1"],"picked":"Blade Dance+1","floor":35},{"not_picked":["Prepared+1","Backflip+1"],"picked":"Finisher+1","floor":36},{"not_picked":["Masterful Stab+1","Cloak And Dagger+1"],"picked":"After Image","floor":41},{"not_picked":["Deflect+1","PiercingWail+1","Sucker Punch+1"],"picked":"SKIP","floor":46},{"not_picked":["Dagger Throw+1","Distraction+1","Crippling Poison+1"],"picked":"SKIP","floor":48}],"player_experience":155284,"relics_obtained":[{"floor":8,"key":"Molten Egg 2"},{"floor":9,"key":"Meat on the Bone"},{"floor":10,"key":"Ancient Tea Set"},{"floor":11,"key":"Odd Mushroom"},{"floor":12,"key":"Bag of Preparation"},{"floor":14,"key":"Regal Pillow"},{"floor":24,"key":"Toxic Egg 2"},{"floor":24,"key":"Whetstone"},{"floor":26,"key":"Vajra"},{"floor":39,"key":"Lizard Tail"},{"floor":43,"key":"Thread and Needle"}],"event_choices":[{"damage_healed":0,"gold_gain":175,"player_choice":"AGREE","damage_taken":0,"max_hp_gain":0,"max_hp_loss":0,"event_name":"Liars Game","floor":2,"gold_loss":0,"cards_obtained":["Doubt"]},{"cards_removed":["Strike_G"],"damage_healed":0,"gold_gain":0,"player_choice":"Card Removal","damage_taken":7,"max_hp_gain":0,"max_hp_loss":0,"event_name":"Golden Wing","floor":4,"gold_loss":0},{"damage_healed":0,"gold_gain":0,"player_choice":"Fought Mushrooms","damage_taken":0,"max_hp_gain":0,"max_hp_loss":0,"event_name":"Mushrooms","floor":11,"gold_loss":0},{"cards_removed":["Strike_G"],"damage_healed":0,"gold_gain":0,"player_choice":"Purged","damage_taken":0,"max_hp_gain":0,"max_hp_loss":0,"event_name":"Purifier","floor":21,"gold_loss":0},{"cards_removed":["Storm of Steel"],"damage_healed":0,"gold_gain":0,"player_choice":"Take \u0026 Give","damage_taken":0,"max_hp_gain":0,"max_hp_loss":0,"event_name":"betterNote:BetterNote","floor":28,"gold_loss":0,"cards_obtained":["PiercingWail"]},{"damage_healed":0,"gold_gain":0,"player_choice":"Ignored","damage_taken":0,"max_hp_gain":0,"max_hp_loss":0,"event_name":"Tomb of Lord Red Mask","floor":37,"gold_loss":0},{"damage_healed":0,"gold_gain":0,"player_choice":"Fight","damage_taken":0,"max_hp_gain":0,"max_hp_loss":0,"event_name":"MindBloom","floor":39,"gold_loss":0},{"cards_removed":["Doubt"],"damage_healed":0,"gold_gain":0,"player_choice":"Removed Curses","damage_taken":0,"max_hp_gain":0,"max_hp_loss":0,"event_name":"Fountain of Cleansing","floor":45,"gold_loss":0}],"is_beta":false,"boss_relics":[{"not_picked":["Tiny House","Velvet Choker"],"picked":"Black Star"},{"not_picked":["Fusion Hammer","Calling Bell"],"picked":"WristBlade"}],"items_purged_floors":[20,47],"is_endless":false,"potions_floor_spawned":[1,3,11,12,16,19,25,30,41,46,48],"ascension_level":0}}