{"host":"9n6i2vl93jt4o42q","time":1609379762,"event":{"mods":["BaseMod","Minty Spire (QoL Compilation)","Relic Stats"],"gold_per_floor":[19,36,136,151,151,151,165,195,195,195,206,231,20,33,33,105,155,166,181,194,62,62,62,81,81,106,106,36,36,36,36,36],"floor_reached":31,"playtime":1894,"items_purged":[],"score":478,"play_id":"ed8b9dcc-c82e-4dc0-a769-6efb251f0409","local_time":"20201231025602","is_ascension_mode":true,"campfire_choices":[{"data":"Bash","floor":6.0,"key":"SMITH"},{"data":"True Grit","floor":10.0,"key":"SMITH"},{"floor":15.0,"key":"REST"},{"data":"Armaments","floor":23,"key":"SMITH"},{"data":"Pommel Strike","floor":25,"key":"SMITH"},{"floor":27,"key":"REST"}],"circlet_count":0,"master_deck":["AscendersBane","Strike_R+1","Strike_R+1","Strike_R+1","Defend_R+1","Defend_R+1","Defend_R+1","Defend_R+1","Bash+1","Panache","Pommel Strike+1","Shockwave","Rampage+1","True Grit","True Grit+1","Armaments+1","Reckless Charge+1","Iron Wave+1","Shrug It Off","Headbutt+1","Immolate+1","Sentinel","Iron Wave+1","Thunderclap+1","Shrug It Off+1","Carnage+1","Power Through","Hemokinesis+1","Disarm","Pummel+1","Shrug It Off"],"relics":["Burning Blood","Pear","Molten Egg 2","The Courier","Centennial Puzzle","Tiny House","SsserpentHead"],"acts_visited":["Exordium","TheCity"],"potions_floor_usage":[16,24,31],"damage_taken":[{"damage":8.0,"enemies":"2 Louse","floor":1.0,"turns":3.0},{"damage":1.0,"enemies":"Cultist","floor":2.0,"turns":3.0},{"damage":4.0,"enemies":"Jaw Worm","floor":4.0,"turns":6.0},{"damage":13.0,"enemies":"Lots of Slimes","floor":7.0,"turns":5.0},{"damage":41.0,"enemies":"3 Sentries","floor":8.0,"turns":8.0},{"damage":4.0,"enemies":"Blue Slaver","floor":11.0,"turns":4.0},{"damage":38.0,"enemies":"Gremlin Nob","floor":12.0,"turns":5.0},{"damage":5.0,"enemies":"Exordium Wildlife","floor":14.0,"turns":6.0},{"damage":24,"enemies":"Hexaghost","floor":16,"turns":9},{"damage":12,"enemies":"3 Byrds","floor":18,"turns":5},{"damage":18,"enemies":"Spheric Guardian","floor":19,"turns":5},{"damage":35,"enemies":"3 Cultists","floor":20,"turns":5},{"damage":6,"enemies":"Centurion and Healer","floor":24,"turns":5},{"damage":55,"enemies":"Gremlin Leader","floor":31,"turns":10}],"seed_played":"539007895964124045","potions_obtained":[{"floor":4.0,"key":"DistilledChaos"},{"floor":8.0,"key":"Weak Potion"},{"floor":11.0,"key":"SpeedPotion"},{"floor":12.0,"key":"PowerPotion"},{"floor":17,"key":"Ancient Potion"},{"floor":20,"key":"SteroidPotion"},{"floor":24,"key":"LiquidBronze"}],"is_trial":false,"path_per_floor":["M","M","?","M","?","R","M","E","T","R","M","E","$","M","R","B",null,"M","M","M","$","?","R","M","R","T","R","$","?","?","E"],"character_chosen":"IRONCLAD","items_purchased":["Iron Wave+1","Centennial Puzzle","Shrug It Off","Carnage+1","Power Through","Disarm"],"campfire_rested":2,"item_purchase_floors":[13,13,13,21,21,28],"current_hp_per_floor":[66,71,71,73,73,73,66,41,41,41,43,11,11,12,37,19,74,68,56,27,27,27,27,27,27,27,54,54,54,54,0,0],"gold":36,"neow_bonus":"RANDOM_COLORLESS_2","is_daily":false,"chose_seed":false,"campfire_upgraded":4,"win_rate":0.0,"timestamp":1609379762,"path_taken":["M","M","?","?","?","R","M","E","T","R","M","E","?","M","R","BOSS","M","M","?","$","?","R","M","R","T","R","?","?","?","E"],"items_purchased_type":["Card","Relic","Card","Card","Card","Card"],"build_version":"2020-12-22","purchased_purges":0,"victory":false,"max_hp_per_floor":[75,75,75,75,75,75,75,85,85,85,85,85,85,85,85,85,90,90,90,90,90,90,90,90,90,90,90,90,90,90,90,90],"relic_stats":{"SsserpentHead":0,"Centennial Puzzle":[21],"counters":[14,79],"obtain_stats":[{"SsserpentHead":30,"Centennial Puzzle":13,"Pear":8,"Tiny House":17,"Molten Egg 2":9,"The Courier":12,"Burning Blood":0},{"SsserpentHead":13,"Centennial Puzzle":7,"Pear":5,"Tiny House":9,"Molten Egg 2":5,"The Courier":7,"Burning Blood":0},{"SsserpentHead":69,"Centennial Puzzle":34,"Pear":25,"Tiny House":49,"Molten Egg 2":25,"The Courier":34,"Burning Blood":0}],"Burning Blood":78},"card_choices":[{"not_picked":["Thinking Ahead","Magnetism"],"picked":"Panache","floor":0.0},{"not_picked":["Thunderclap","Sever Soul"],"picked":"Pommel Strike","floor":1.0},{"not_picked":["Pommel Strike","Blood for Blood"],"picked":"Shockwave","floor":2.0},{"not_picked":["Body Slam","Armaments"],"picked":"Rampage","floor":4.0},{"not_picked":["Twin Strike","Wild Strike"],"picked":"True Grit","floor":7.0},{"not_picked":["Pummel","Body Slam"],"picked":"True Grit","floor":8.0},{"not_picked":["Inflame","Rupture"],"picked":"Armaments","floor":11.0},{"not_picked":["Shrug It Off","Demon Form"],"picked":"Reckless Charge+1","floor":12.0},{"not_picked":["Second Wind","True Grit"],"picked":"Headbutt+1","floor":14.0},{"not_picked":["Limit Break","Brutality"],"picked":"Immolate+1","floor":16},{"not_picked":["Combust","Wild Strike+1"],"picked":"Sentinel","floor":17},{"not_picked":["Twin Strike+1","Exhume"],"picked":"Iron Wave+1","floor":18},{"not_picked":["Burning Pact+1","Heavy Blade+1"],"picked":"Thunderclap+1","floor":19},{"not_picked":["Rage","Blood for Blood+1"],"picked":"Shrug It Off+1","floor":20},{"not_picked":["True Grit","Sword Boomerang+1"],"picked":"Hemokinesis+1","floor":24}],"player_experience":1996269,"relics_obtained":[{"floor":8.0,"key":"Pear"},{"floor":9.0,"key":"Molten Egg 2"},{"floor":12.0,"key":"The Courier"}],"event_choices":[{"damage_healed":0.0,"max_hp_gain":0.0,"max_hp_loss":0.0,"gold_gain":100.0,"event_name":"Wheel of Change","player_choice":"Gold","floor":3.0,"gold_loss":0.0,"damage_taken":0.0},{"damage_healed":0.0,"max_hp_gain":0.0,"max_hp_loss":0.0,"gold_gain":0.0,"event_name":"Living Wall","player_choice":"Grow","floor":5.0,"gold_loss":0.0,"damage_taken":0.0,"cards_upgraded":["Rampage"]},{"damage_healed":0,"gold_gain":0,"player_choice":"Simplicity","damage_taken":0,"max_hp_gain":0,"max_hp_loss":0,"event_name":"Back to Basics","floor":22,"gold_loss":0,"cards_upgraded":["Strike_R","Strike_R","Strike_R","Strike_R","Strike_R","Defend_R","Defend_R","Defend_R"]},{"damage_healed":0,"gold_gain":0,"cards_transformed":["Strike_R","Strike_R"],"player_choice":"Became Test Subject","damage_taken":0,"max_hp_gain":0,"max_hp_loss":0,"event_name":"Drug Dealer","floor":29,"gold_loss":0,"cards_obtained":["Pummel","Shrug It Off"]},{"damage_healed":0,"gold_gain":0,"player_choice":"Trade","damage_taken":0,"relics_obtained":["SsserpentHead"],"max_hp_gain":0,"max_hp_loss":0,"event_name":"FaceTrader","floor":30,"gold_loss":0}],"is_beta":false,"boss_relics":[{"not_picked":["Velvet Choker","Fusion Hammer"],"picked":"Tiny House"}],"items_purged_floors":[],"is_endless":false,"potions_floor_spawned":[4,8,11,12,20,24],"killed_by":"Gremlin Leader","ascension_level":19}}