{"host":"d4km6p8r92tm3vpl","time":1609412742,"event":{"mods":["BaseMod","Minty Spire (QoL Compilation)","Relic Stats","StSLib"],"gold_per_floor":[109,120,120,134,134,168,168,168,213,213,226,45,56,69,69,174,174,193,209,220,220,6,6,33,33,33,33,33,33],"floor_reached":28,"playtime":869,"items_purged":["Strike_B"],"score":406,"play_id":"b6128020-dfc2-45ee-9298-84028fcb8333","local_time":"20201231060542","is_ascension_mode":true,"campfire_choices":[{"data":"Dualcast","floor":7,"key":"SMITH"},{"floor":10,"key":"REST"},{"data":"Static Discharge","floor":15,"key":"SMITH"},{"data":"Defragment","floor":23,"key":"SMITH"},{"data":"Self Repair","floor":25,"key":"SMITH"},{"data":"Seek","floor":27,"key":"SMITH"}],"circlet_count":0,"master_deck":["AscendersBane","Strike_B+1","Strike_B+1","Strike_B+1","Defend_B+1","Defend_B+1","Defend_B+1","Defend_B+1","Zap+1","Dualcast+1","Biased Cognition+1","Rebound","Undo","Cold Snap","Rebound","Rebound","Rebound","Static Discharge+1","Coolheaded","Rebound","Electrodynamics","Rebound","Barrage","Seek+1","Defragment+1","Self Repair+1"],"relics":["Cracked Core","Ancient Tea Set","Darkstone Periapt","MealTicket","Philosopher\u0027s Stone","Sling","Calipers","Pantograph"],"acts_visited":["Exordium","TheCity"],"potions_floor_usage":[14,16,20,24,24],"damage_taken":[{"damage":3,"enemies":"Small Slimes","floor":1,"turns":3},{"damage":9,"enemies":"Jaw Worm","floor":2,"turns":5},{"damage":0,"enemies":"Cultist","floor":4,"turns":2},{"damage":8,"enemies":"Lagavulin","floor":6,"turns":8},{"damage":14,"enemies":"Exordium Thugs","floor":11,"turns":4},{"damage":14,"enemies":"Red Slaver","floor":13,"turns":2},{"damage":3,"enemies":"Gremlin Gang","floor":14,"turns":5},{"damage":9,"enemies":"The Guardian","floor":16,"turns":7},{"damage":2,"enemies":"Shell Parasite","floor":18,"turns":7},{"damage":12,"enemies":"Chosen","floor":19,"turns":4},{"damage":14,"enemies":"Snecko","floor":20,"turns":4},{"damage":30,"enemies":"Slavers","floor":24,"turns":5},{"damage":20,"enemies":"Centurion and Healer","floor":28,"turns":2}],"seed_played":"-5051722081733915750","potions_obtained":[{"floor":6,"key":"SkillPotion"},{"floor":11,"key":"EssenceOfDarkness"},{"floor":14,"key":"Explosive Potion"},{"floor":19,"key":"LiquidMemories"},{"floor":20,"key":"ColorlessPotion"}],"is_trial":false,"path_per_floor":["M","M","?","M","?","E","R","?","T","R","M","$","M","M","R","B",null,"M","M","M","?","$","R","E","R","T","R","M"],"character_chosen":"DEFECT","items_purchased":["Rebound","Static Discharge","Defragment","Sling"],"campfire_rested":1,"item_purchase_floors":[12,12,22,22],"current_hp_per_floor":[65,56,41,41,41,33,33,15,15,37,23,38,24,21,21,12,59,57,45,31,31,46,46,16,16,16,16,0,0],"gold":33,"neow_bonus":"ONE_RANDOM_RARE_CARD","is_daily":false,"chose_seed":false,"campfire_upgraded":5,"win_rate":0.0,"timestamp":1609412742,"path_taken":["M","M","?","M","?","E","R","?","T","R","M","$","M","M","R","BOSS","M","M","M","?","$","R","E","R","T","R","M"],"items_purchased_type":["Card","Card","Card","Relic"],"build_version":"2020-12-22","purchased_purges":1,"victory":false,"max_hp_per_floor":[75,75,75,75,75,75,75,75,75,75,75,75,75,75,75,75,75,75,75,75,75,75,75,75,75,75,75,75,75],"relic_stats":{"Darkstone Periapt":0,"counters":[13,58],"Pantograph":0,"MealTicket":30,"obtain_stats":[{"Darkstone Periapt":8,"Calipers":24,"Pantograph":26,"MealTicket":9,"Philosopher\u0027s Stone":17,"Cracked Core":0,"Ancient Tea Set":6,"Sling":22},{"Darkstone Periapt":4,"Calipers":12,"Pantograph":12,"MealTicket":4,"Philosopher\u0027s Stone":8,"Cracked Core":0,"Ancient Tea Set":4,"Sling":11},{"Darkstone Periapt":18,"Calipers":56,"Pantograph":56,"MealTicket":18,"Philosopher\u0027s Stone":36,"Cracked Core":0,"Ancient Tea Set":18,"Sling":51}]},"card_choices":[{"not_picked":["Hologram","Go for the Eyes"],"picked":"Rebound","floor":1},{"not_picked":["Tempest","Rip and Tear"],"picked":"Undo","floor":2},{"not_picked":["Glacier","Rebound"],"picked":"Cold Snap","floor":4},{"not_picked":["Recycle","Reinforced Body"],"picked":"Rebound","floor":6},{"not_picked":["Leap","Creative AI"],"picked":"Rebound","floor":11},{"not_picked":["Streamline","Sweeping Beam"],"picked":"Coolheaded","floor":13},{"not_picked":["Sunder","Streamline"],"picked":"Rebound","floor":14},{"not_picked":["Amplify","Echo Form"],"picked":"Electrodynamics","floor":16},{"not_picked":["Beam Cell","Go for the Eyes"],"picked":"Rebound","floor":18},{"not_picked":["Rip and Tear+1","Auto Shields"],"picked":"Barrage","floor":19},{"not_picked":["Stack","Streamline"],"picked":"Seek","floor":20},{"not_picked":["Ball Lightning","Coolheaded"],"picked":"Self Repair","floor":24}],"player_experience":798640,"relics_obtained":[{"floor":6,"key":"Ancient Tea Set"},{"floor":9,"key":"MealTicket"},{"floor":24,"key":"Calipers"},{"floor":26,"key":"Pantograph"}],"event_choices":[{"damage_healed":0,"gold_gain":0,"player_choice":"Entered Light","damage_taken":15,"max_hp_gain":0,"max_hp_loss":0,"event_name":"Shining Light","floor":3,"gold_loss":0,"cards_upgraded":["Defend_B","Zap"]},{"damage_healed":0,"gold_gain":0,"player_choice":"Grow","damage_taken":0,"max_hp_gain":0,"max_hp_loss":0,"event_name":"Living Wall","floor":5,"gold_loss":0,"cards_upgraded":["Biased Cognition"]},{"damage_healed":0,"gold_gain":0,"player_choice":"Success","damage_taken":18,"relics_obtained":["Darkstone Periapt"],"max_hp_gain":0,"max_hp_loss":0,"event_name":"Scrap Ooze","floor":8,"gold_loss":0},{"damage_healed":0,"gold_gain":0,"player_choice":"Simplicity","damage_taken":0,"max_hp_gain":0,"max_hp_loss":0,"event_name":"Back to Basics","floor":21,"gold_loss":0,"cards_upgraded":["Strike_B","Strike_B","Strike_B","Defend_B","Defend_B","Defend_B"]}],"is_beta":false,"boss_relics":[{"not_picked":["FrozenCore","Calling Bell"],"picked":"Philosopher\u0027s Stone"}],"items_purged_floors":[12],"is_endless":false,"potions_floor_spawned":[6,11,14,19,20],"killed_by":"Centurion and Healer","ascension_level":12}}