{"host":"hzinic87vu8p95wn","time":1609426520,"event":{"mods":["BaseMod","Minty Spire (QoL Compilation)"],"gold_per_floor":[111,131,151,164,164,190,190,190,242,242,257,270,270,295,295,295,295],"floor_reached":16,"playtime":423,"items_purged":[],"score":213,"play_id":"89b454ea-1d1e-407e-a4eb-ff0685f7db94","local_time":"20210101015520","is_ascension_mode":true,"campfire_choices":[{"data":"Armaments","floor":8,"key":"SMITH"},{"data":"Body Slam","floor":13,"key":"SMITH"},{"floor":15,"key":"REST"}],"circlet_count":0,"master_deck":["AscendersBane","Strike_R","Strike_R","Strike_R","Strike_R","Defend_R","Defend_R","Defend_R","Defend_R","Bash","Anger","Evolve","Armaments+1","Body Slam+1"],"relics":["Burning Blood","NeowsBlessing","Self Forming Clay","Akabeko"],"acts_visited":["Exordium"],"potions_floor_usage":[4,14],"damage_taken":[{"damage":0,"enemies":"Cultist","floor":1,"turns":1},{"damage":0,"enemies":"Small Slimes","floor":2,"turns":1},{"damage":0,"enemies":"2 Louse","floor":3,"turns":1},{"damage":1,"enemies":"Looter","floor":4,"turns":4},{"damage":64,"enemies":"Gremlin Nob","floor":6,"turns":5},{"damage":6,"enemies":"Exordium Wildlife","floor":11,"turns":4},{"damage":3,"enemies":"Blue Slaver","floor":12,"turns":5},{"damage":27,"enemies":"3 Sentries","floor":14,"turns":8},{"damage":33,"enemies":"Slime Boss","floor":16,"turns":5}],"seed_played":"2282358445958733064","potions_obtained":[{"floor":3,"key":"Block Potion"},{"floor":12,"key":"AttackPotion"},{"floor":14,"key":"Dexterity Potion"}],"is_trial":false,"path_per_floor":["M","M","M","M","?","E","?","R","T","?","M","M","R","E","R","B"],"character_chosen":"IRONCLAD","items_purchased":[],"campfire_rested":1,"item_purchase_floors":[],"current_hp_per_floor":[74,75,75,75,68,10,10,10,10,35,35,38,38,17,39,6,6],"gold":295,"neow_bonus":"THREE_ENEMY_KILL","is_daily":false,"chose_seed":false,"campfire_upgraded":2,"win_rate":0.0,"timestamp":1609426520,"path_taken":["M","?","M","M","?","E","?","R","T","?","?","M","R","E","R","BOSS"],"items_purchased_type":[],"build_version":"2020-12-22","purchased_purges":0,"victory":false,"max_hp_per_floor":[75,75,75,75,75,75,75,75,75,75,75,75,75,75,75,75,75],"card_choices":[{"not_picked":["Headbutt","Clothesline"],"picked":"Anger","floor":1},{"not_picked":["Pommel Strike","Havoc","Perfected Strike"],"picked":"SKIP","floor":2},{"not_picked":["Clothesline","Headbutt"],"picked":"Evolve","floor":3},{"not_picked":["Wild Strike","Clash","Anger"],"picked":"SKIP","floor":4},{"not_picked":["Sever Soul","Power Through"],"picked":"Armaments","floor":6},{"not_picked":["Dark Embrace","Clash","Anger"],"picked":"SKIP","floor":11},{"not_picked":["Reaper","Twin Strike"],"picked":"Body Slam","floor":12},{"not_picked":["Power Through","Shockwave","Body Slam"],"picked":"SKIP","floor":14}],"player_experience":1550797,"relics_obtained":[{"floor":6,"key":"Self Forming Clay"},{"floor":14,"key":"Akabeko"}],"event_choices":[{"cards_removed":["Strike_R"],"damage_healed":0,"gold_gain":0,"player_choice":"Card Removal","damage_taken":7,"max_hp_gain":0,"max_hp_loss":0,"event_name":"Golden Wing","floor":5,"gold_loss":0},{"damage_healed":0,"gold_gain":0,"player_choice":"Ignored","damage_taken":0,"max_hp_gain":0,"max_hp_loss":0,"event_name":"Liars Game","floor":7,"gold_loss":0},{"damage_healed":25,"gold_gain":0,"player_choice":"Banana","damage_taken":0,"max_hp_gain":0,"max_hp_loss":0,"event_name":"Big Fish","floor":10,"gold_loss":0}],"is_beta":false,"boss_relics":[],"items_purged_floors":[],"is_endless":false,"potions_floor_spawned":[3,12,14],"killed_by":"Slime Boss","ascension_level":18}}