{"host":"yss3m9ygfcyke5zi","time":1609386028,"event":{"mods":["2.2 Compatiblity","BaseMod","Highlight Path","Minty Spire (QoL Compilation)","Permanent Neow"],"gold_per_floor":[114,125,139,64,80,113,288,288,315,333,344,344,358,370,370,370,370],"floor_reached":16,"playtime":1020,"items_purged":["Strike_G"],"score":106,"play_id":"f382111f-cdfa-42ac-960a-c8453998c8de","local_time":"20201231124028","is_ascension_mode":false,"campfire_choices":[{"data":"Cloak And Dagger","floor":8,"key":"SMITH"},{"data":"Footwork","floor":15,"key":"SMITH"}],"circlet_count":0,"master_deck":["Strike_G","Strike_G","Strike_G","Defend_G","Defend_G","Defend_G","Defend_G","Defend_G","Survivor","Neutralize","Outmaneuver","Cloak And Dagger+1","Accuracy","Footwork+1","Blade Dance","Doubt","Iron Wave","Backflip"],"relics":["Busted Crown","Strawberry","Omamori"],"acts_visited":["Exordium"],"potions_floor_usage":[6,13,16],"damage_taken":[{"damage":1,"enemies":"Cultist","floor":1,"turns":4},{"damage":5,"enemies":"Small Slimes","floor":2,"turns":4},{"damage":0,"enemies":"2 Louse","floor":3,"turns":3},{"damage":7,"enemies":"Exordium Wildlife","floor":5,"turns":9},{"damage":7,"enemies":"Lagavulin","floor":6,"turns":9},{"damage":0,"enemies":"3 Louse","floor":10,"turns":4},{"damage":0,"enemies":"Blue Slaver","floor":11,"turns":3},{"damage":11,"enemies":"Gremlin Gang","floor":13,"turns":5},{"damage":0,"enemies":"Looter","floor":14,"turns":2},{"damage":49,"enemies":"Hexaghost","floor":16,"turns":15}],"seed_played":"-7716225853872614887","potions_obtained":[{"floor":3,"key":"Strength Potion"},{"floor":6,"key":"Poison Potion"},{"floor":13,"key":"SpeedPotion"},{"floor":14,"key":"CunningPotion"}],"is_trial":false,"path_per_floor":["M","M","M","$","M","E","?","R","T","M","M","?","M","M","R","B"],"character_chosen":"THE_SILENT","items_purchased":[],"campfire_rested":0,"item_purchase_floors":[],"current_hp_per_floor":[69,64,64,64,57,57,57,57,57,57,57,57,46,46,46,0,0],"gold":370,"neow_bonus":"BOSS_RELIC","is_daily":false,"chose_seed":false,"campfire_upgraded":2,"win_rate":0.0,"timestamp":1609386028,"path_taken":["M","M","M","?","M","E","?","R","T","M","M","?","M","?","R","BOSS"],"items_purchased_type":[],"build_version":"2020-12-22","purchased_purges":1,"victory":false,"max_hp_per_floor":[70,70,70,70,70,77,77,77,77,77,77,77,77,77,77,77,77],"card_choices":[{"not_picked":[],"picked":"Outmaneuver","floor":1},{"not_picked":[],"picked":"Cloak And Dagger","floor":2},{"not_picked":[],"picked":"Accuracy","floor":3},{"not_picked":[],"picked":"Footwork","floor":5},{"not_picked":[],"picked":"Blade Dance","floor":6},{"not_picked":["Underhanded Strike"],"picked":"SKIP","floor":10},{"not_picked":["Deadly Poison"],"picked":"SKIP","floor":11},{"not_picked":[],"picked":"Backflip","floor":13},{"not_picked":["Leg Sweep"],"picked":"SKIP","floor":14},{"not_picked":["Leg Sweep"],"picked":"SKIP","floor":14}],"player_experience":151121,"relics_obtained":[{"floor":6,"key":"Strawberry"},{"floor":9,"key":"Omamori"}],"event_choices":[{"damage_healed":0,"gold_gain":175,"player_choice":"AGREE","damage_taken":0,"max_hp_gain":0,"max_hp_loss":0,"event_name":"Liars Game","floor":7,"gold_loss":0,"cards_obtained":["Doubt"]},{"cards_removed":["Strike_G"],"damage_healed":0,"gold_gain":0,"player_choice":"Took Card","damage_taken":0,"max_hp_gain":0,"max_hp_loss":0,"event_name":"NoteForYourself","floor":12,"gold_loss":0,"cards_obtained":["Iron Wave"]}],"is_beta":false,"boss_relics":[],"items_purged_floors":[4],"is_endless":false,"potions_floor_spawned":[3,6,13,14],"killed_by":"Hexaghost","ascension_level":0}}