{"host":"0rb2tceimqc8yymn","time":1609434132,"event":{"mods":["BaseMod","Minty Spire (QoL Compilation)","StSLib"],"gold_per_floor":[114,189,208,208,228,228,262,262,262,276,305,305,305,321,321,321,321],"floor_reached":16,"playtime":681,"items_purged":[],"score":121,"play_id":"09d46cd0-82e6-451a-a451-1612502e6f5b","local_time":"20210101010212","is_ascension_mode":true,"campfire_choices":[{"data":"Dualcast","floor":6,"key":"SMITH"},{"data":"Coolheaded","floor":8,"key":"SMITH"},{"floor":12,"key":"REST"},{"data":"Hologram","floor":13,"key":"SMITH"},{"data":"Defragment","floor":15,"key":"SMITH"}],"circlet_count":0,"master_deck":["Strike_B","Strike_B","Strike_B","Defend_B","Defend_B","Defend_B","Defend_B","Zap","Dualcast+1","Hologram+1","Blizzard","Coolheaded+1","Turbo","Defragment+1"],"relics":["Cracked Core","NeowsBlessing","Dead Branch","WingedGreaves","Emotion Chip"],"acts_visited":["Exordium"],"potions_floor_usage":[10],"damage_taken":[{"damage":0,"enemies":"Jaw Worm","floor":1,"turns":1},{"damage":0,"enemies":"Small Slimes","floor":3,"turns":1},{"damage":0,"enemies":"Cultist","floor":5,"turns":1},{"damage":31,"enemies":"3 Sentries","floor":7,"turns":13},{"damage":19,"enemies":"Lots of Slimes","floor":10,"turns":3},{"damage":10,"enemies":"Lagavulin","floor":11,"turns":11},{"damage":4,"enemies":"Red Slaver","floor":14,"turns":3},{"damage":30,"enemies":"Slime Boss","floor":16,"turns":6}],"seed_played":"8122251377671215241","potions_obtained":[{"floor":10,"key":"Fruit Juice"},{"floor":14,"key":"Strength Potion"}],"is_trial":false,"path_per_floor":["M","?","M","?","M","R","E","R","T","M","E","R","R","M","R","B"],"character_chosen":"DEFECT","items_purchased":[],"campfire_rested":1,"item_purchase_floors":[],"current_hp_per_floor":[75,64,64,64,64,64,33,33,33,19,9,33,33,29,29,0,0],"gold":321,"neow_bonus":"THREE_ENEMY_KILL","is_daily":false,"chose_seed":false,"campfire_upgraded":4,"win_rate":0.0,"timestamp":1609434132,"path_taken":["M","?","M","?","?","R","E","R","T","?","E","R","R","M","R","BOSS"],"items_purchased_type":[],"build_version":"2020-12-22","purchased_purges":0,"victory":false,"max_hp_per_floor":[75,75,75,75,75,75,75,75,75,80,80,80,80,80,80,80,80],"card_choices":[{"not_picked":["Go for the Eyes","Conserve Battery"],"picked":"Hologram","floor":1},{"not_picked":["Streamline","Melter","Go for the Eyes"],"picked":"SKIP","floor":3},{"not_picked":["Defragment","Barrage"],"picked":"Blizzard","floor":5},{"not_picked":["Fusion","Buffer"],"picked":"Coolheaded","floor":7},{"not_picked":["Gash","FTL"],"picked":"Turbo","floor":10},{"not_picked":["Chill","Tempest"],"picked":"Defragment","floor":11},{"not_picked":["Redo","Gash","Ball Lightning"],"picked":"SKIP","floor":14}],"player_experience":143850,"relics_obtained":[{"floor":7,"key":"Dead Branch"},{"floor":9,"key":"WingedGreaves"},{"floor":11,"key":"Emotion Chip"}],"event_choices":[{"damage_healed":0,"gold_gain":75,"player_choice":"Gather Gold","damage_taken":11,"max_hp_gain":0,"max_hp_loss":0,"event_name":"World of Goop","floor":2,"gold_loss":0},{"cards_removed":["Strike_B"],"damage_healed":0,"gold_gain":0,"player_choice":"Offered Basic","damage_taken":0,"max_hp_gain":0,"max_hp_loss":0,"event_name":"Bonfire Elementals","floor":4,"gold_loss":0}],"is_beta":false,"boss_relics":[],"items_purged_floors":[],"is_endless":false,"potions_floor_spawned":[10,14],"killed_by":"Slime Boss","ascension_level":2}}