{"host":"eemx8njkng76fu5x","time":1609389590,"event":{"mods":["2.2 Compatiblity","BaseMod","Downfall","Minty Spire (QoL Compilation)","Permanent Neow","StSLib","Unceasing Turn Reminder"],"gold_per_floor":[99,113,133,133,283,208,231,251,268,268,281,308,158,176,191,288,288,288,307,307,317,79,79,79,96,113,113,113,256,256,356,373,470,470,470,484,68,78,88,88,88,88,103,115,165,184,210,262,279,279,279,308,9,9,9],"floor_reached":56,"playtime":3731,"items_purged":["Slimebound:Icky","champ:Execute","champ:Strike","champ:Strike"],"score":1760,"play_id":"b65168cf-97a1-481b-b70e-19b7336f2dde","local_time":"20201231123950","is_ascension_mode":true,"campfire_choices":[{"floor":1.0,"key":"RECALL"},{"data":"champ:CrookedStrike","floor":6.0,"key":"SMITH"},{"data":"champ:Duel","floor":13.0,"key":"SMITH"},{"data":"champ:Lariat","floor":18.0,"key":"SMITH"},{"data":"champ:Duel","floor":23,"key":"SMITH"},{"data":"champ:GladiatorStyle","floor":28,"key":"SMITH"},{"data":"champ:RapidStrikes","floor":30,"key":"SMITH"},{"data":"champ:Lariat","floor":35,"key":"SMITH"},{"data":"champ:BladeFlurry","floor":40,"key":"SMITH"},{"data":"champ:Balance","floor":54,"key":"SMITH"}],"circlet_count":0,"master_deck":["AscendersBane","champ:Defend","champ:Defend","champ:Defend","champ:Defend","champ:Taunt+1","champ:CrookedStrike+1","champ:Balance+1","champ:FlashCut+1","champ:GladiatorStyle+1","champ:Duel+1","champ:Circumvent","champ:Duel+1","champ:RageSigil","champ:Lariat+1","champ:MurderStrike+1","champ:ArenaPreparation+1","champ:SwordSigil","champ:BladeFlurry+1","champ:RapidStrikes+1","champ:Lariat+1","champ:RapidStrikes+1","champ:FocusedGladiator+1","champ:Haymaker","champ:RageSigil+1"],"relics":["champ:ChampionCrown","Incense Burner","downfall:HeartBlessingRed","Ornamental Fan","downfall:HeartBlessingGreen","downfall:HeartBlessingBlue","Philosopher\u0027s Stone","Chemical X","Eternal Feather","Potion Belt","Empty Cage","Oddly Smooth Stone","hexamod:BolsterEngine","StoneCalendar","TungstenRod","Guardian:PocketSentry","Lizard Tail","Vajra","Whetstone"],"acts_visited":["Exordium","TheCity","TheBeyond","TheEnding"],"potions_floor_usage":[19,55,55,55,55],"damage_taken":[{"damage":5.0,"enemies":"Small Slimes","floor":2.0,"turns":4.0},{"damage":10.0,"enemies":"Jaw Worm","floor":3.0,"turns":3.0},{"damage":0.0,"enemies":"2 Louse","floor":8.0,"turns":2.0},{"damage":8.0,"enemies":"Lots of Slimes","floor":9.0,"turns":5.0},{"damage":0.0,"enemies":"Red Slaver","floor":11.0,"turns":3.0},{"damage":16.0,"enemies":"Gremlin Nob","floor":12.0,"turns":5.0},{"damage":0.0,"enemies":"Blue Slaver","floor":14.0,"turns":2.0},{"damage":0.0,"enemies":"Exordium Wildlife","floor":15.0,"turns":4.0},{"damage":17.0,"enemies":"downfall:Silent","floor":16.0,"turns":21.0},{"damage":29,"enemies":"3 Byrds","floor":19,"turns":8},{"damage":0,"enemies":"Snecko","floor":21,"turns":6},{"damage":2,"enemies":"downfall:FleeingMerchant","floor":22,"turns":4},{"damage":18,"enemies":"Cultist and Chosen","floor":25,"turns":5},{"damage":5,"enemies":"Centurion and Healer","floor":26,"turns":4},{"damage":6,"enemies":"downfall:FleeingMerchant","floor":29,"turns":4},{"damage":5,"enemies":"downfall:LadyInBlue","floor":31,"turns":3},{"damage":1,"enemies":"Snecko","floor":32,"turns":3},{"damage":25,"enemies":"downfall:Watcher","floor":33,"turns":7},{"damage":10,"enemies":"Orb Walker","floor":36,"turns":1},{"damage":20,"enemies":"3 Shapes","floor":38,"turns":2},{"damage":5,"enemies":"Maw","floor":39,"turns":4},{"damage":10,"enemies":"Transient","floor":43,"turns":5},{"damage":20,"enemies":"Spire Growth","floor":44,"turns":2},{"damage":5,"enemies":"Mind Bloom Boss Battle","floor":45,"turns":3},{"damage":4,"enemies":"Jaw Worm Horde","floor":46,"turns":3},{"damage":4,"enemies":"Reptomancer","floor":47,"turns":4},{"damage":4,"enemies":"2 Orb Walkers","floor":48,"turns":2},{"damage":0,"enemies":"Writhing Mass","floor":49,"turns":3},{"damage":5,"enemies":"downfall:Ironclad","floor":50,"turns":6},{"damage":4,"enemies":"downfall:CharBossMerchant","floor":52,"turns":3},{"damage":0,"enemies":"downfall:NeowBoss","floor":55,"turns":20}],"seed_played":"9180919172634134471","potions_obtained":[{"floor":8.0,"key":"Energy Potion"},{"floor":11.0,"key":"champ:OpenerPotion"},{"floor":14.0,"key":"sneckomod:MuddlingPotion"},{"floor":25,"key":"Ancient Potion"},{"floor":31,"key":"EntropicBrew"},{"floor":31,"key":"Strength Potion"},{"floor":31,"key":"Swift Potion"},{"floor":39,"key":"SteroidPotion"}],"is_trial":false,"path_per_floor":["R","M","M","?","?","R","T","M","M","?","M","E","R","M","M","B",null,"R","M","?","M","$","R","T","M","M","?","R","$","R","?","M","B",null,"R","M","$","M","M","R","T","?","M","M","?","M","E","?","M","B",null,"E","$","R","B",null],"character_chosen":"THE_CHAMP","items_purchased":["Chemical X","champ:RapidStrikes","Oddly Smooth Stone","hexamod:BolsterEngine","Whetstone"],"campfire_rested":0,"item_purchase_floors":[22,29,37,37,53],"current_hp_per_floor":[81,81,81,81,81,81,81,81,73,73,73,62,72,72,72,55,89,89,60,60,60,68,68,68,68,68,68,80,82,94,94,98,78,95,100,100,100,100,100,100,100,100,95,95,95,96,97,98,100,100,100,100,100,100,100],"gold":9,"neow_bonus":"UPGRADE_CARD","is_daily":false,"chose_seed":false,"campfire_upgraded":9,"win_rate":0.0,"timestamp":1609389590,"path_taken":["R","M","M","?","?","R","T","M","M","?","M","E","R","?","M","BOSS","R","M","?","M","$","R","T","M","M","?","R","?","R","?","M","BOSS","R","M","$","?","M","R","T","?","M","M","?","M","E","?","M","BOSS","E","$","R","BOSS"],"items_purchased_type":["Relic","Card","Relic","Relic","Relic"],"build_version":"2020-12-22","purchased_purges":4,"victory":true,"max_hp_per_floor":[90,90,90,90,90,90,90,90,90,90,90,90,100,100,100,100,100,100,100,100,100,100,100,100,100,100,100,100,100,100,100,100,100,100,100,100,100,100,100,100,100,100,100,100,100,100,100,100,100,100,100,100,100,100,100],"card_choices":[{"not_picked":["champ:FalseCounter","champ:DefensiveShout"],"picked":"champ:CrookedStrike","floor":2.0},{"not_picked":["champ:PreciseThrust","champ:BerserkersShout"],"picked":"champ:Balance","floor":3.0},{"not_picked":["champ:CrookedStrike","champ:Balance"],"picked":"champ:FlashCut","floor":8.0},{"not_picked":["champ:StanceDance","champ:Aggression"],"picked":"champ:GladiatorStyle","floor":9.0},{"not_picked":["champ:RecklessLeap","champ:GutPunch"],"picked":"champ:Circumvent","floor":11.0},{"not_picked":["champ:HeavySlash","champ:Haymaker"],"picked":"champ:Duel","floor":12.0},{"not_picked":["champ:Backstep","champ:FanOfKnives"],"picked":"champ:RageSigil","floor":14.0},{"not_picked":["champ:CrookedStrike","champ:BladeFlurry"],"picked":"champ:Lariat","floor":15.0},{"not_picked":["champ:EnchantShield","champ:PerfectForm"],"picked":"champ:MurderStrike","floor":16.0},{"not_picked":["champ:BerserkersShout","champ:DefensiveShout+1"],"picked":"champ:ArenaPreparation+1","floor":19},{"not_picked":["champ:Haymaker","champ:Encircle","champ:HeartStrike+1"],"picked":"SKIP","floor":21},{"not_picked":["champ:EnGarde+1","champ:FightOn"],"picked":"champ:SwordSigil","floor":22},{"not_picked":["champ:FanOfKnives","champ:TornadoPunch","champ:StanceDance"],"picked":"SKIP","floor":25},{"not_picked":["champ:RecklessLeap","champ:AdrenalArmor"],"picked":"champ:BladeFlurry","floor":26},{"not_picked":["champ:FlashCut","champ:EnGarde","champ:ShieldWall"],"picked":"SKIP","floor":29},{"not_picked":["champ:CrookedStrike","champ:MurderStrike"],"picked":"champ:Lariat","floor":32},{"not_picked":["champ:Balance","champ:AdrenalArmor"],"picked":"champ:RapidStrikes+1","floor":36},{"not_picked":["champ:GutPunch","champ:Duel+1","champ:FalseCounter+1"],"picked":"SKIP","floor":38},{"not_picked":["champ:Backstep","champ:FaceSlap","champ:EnragedBash"],"picked":"SKIP","floor":39},{"not_picked":["champ:DefensiveShout+1","champ:TornadoPunch","champ:ViciousMockery"],"picked":"SKIP","floor":43},{"not_picked":["champ:Balance+1","champ:PerfectedStrike"],"picked":"champ:FocusedGladiator+1","floor":44},{"not_picked":["champ:RecklessLeap","champ:GladiatorsShout","champ:RapidStrikes"],"picked":"SKIP","floor":46},{"not_picked":["champ:Backstep+1","champ:HeavySlash","champ:BladeFlurry"],"picked":"SKIP","floor":47},{"not_picked":["champ:FalseCounter","champ:BringItOn"],"picked":"champ:Haymaker","floor":48},{"not_picked":["champ:FocusedGladiator","champ:EnragedBash","champ:Riposte+1"],"picked":"SKIP","floor":49},{"not_picked":["champ:Balance","champ:Backstep"],"picked":"champ:RageSigil+1","floor":52}],"player_experience":416284,"relics_obtained":[{"floor":12.0,"key":"Ornamental Fan"},{"floor":24,"key":"Eternal Feather"},{"floor":31,"key":"Potion Belt"},{"floor":41,"key":"StoneCalendar"},{"floor":45,"key":"TungstenRod"},{"floor":47,"key":"Guardian:PocketSentry"},{"floor":48,"key":"Lizard Tail"},{"floor":52,"key":"Vajra"}],"event_choices":[{"damage_healed":0,"gold_gain":0,"player_choice":"Ignored","damage_taken":0,"max_hp_gain":0,"max_hp_loss":0,"event_name":"Vampires","floor":27,"gold_loss":0},{"damage_healed":0,"gold_gain":0,"player_choice":"Fight","damage_taken":0,"max_hp_gain":0,"max_hp_loss":0,"event_name":"Mysterious Sphere","floor":48,"gold_loss":0}],"is_beta":false,"boss_relics":[{"not_picked":["SacredBark","Black Star"],"picked":"Philosopher\u0027s Stone"},{"not_picked":["Sozu","expansioncontent:StudyCardRelic"],"picked":"Empty Cage"}],"items_purged_floors":[22,29,37,53],"is_endless":false,"potions_floor_spawned":[8,11,14,16,25,32,33,38,39,45,46,49,52],"ascension_level":11}}