{"host":"j45ucdvl5ntpx4kf","time":1609435249,"event":{"mods":["AchievementEnabler","BaseMod","Colored Map","Colored Powertips","Minty Spire (QoL Compilation)","StSLib"],"gold_per_floor":[117,117,117,37,51,51,79,79,79,114,125,51,114,125,125,223,223,234,249,249,44,54,84,84,117,143,143,93,119,206,234,246,361,373,403,415,299,349,349,349,199,234,234,246,266,296,306,326,326,326],"floor_reached":51,"playtime":2626,"items_purged":["Injury","Parasite"],"score":933,"play_id":"d804abb4-408d-44f3-953a-a779f8381691","local_time":"20201231122049","is_ascension_mode":true,"campfire_choices":[{"data":"Vigilance","floor":6.0,"key":"SMITH"},{"data":"Wallop","floor":8.0,"key":"SMITH"},{"data":"CrushJoints","floor":15.0,"key":"SMITH"},{"floor":24.0,"key":"REST"},{"data":"EmptyMind","floor":27.0,"key":"SMITH"},{"floor":32.0,"key":"REST"},{"data":"TalkToTheHand","floor":40,"key":"SMITH"},{"floor":49,"key":"REST"}],"circlet_count":0,"master_deck":["Strike_P","Strike_P","Strike_P","Strike_P","Defend_P","Defend_P","Defend_P","Defend_P","Eruption+1","Vigilance+1","Consecrate","EmptyMind+1","Wallop+1","BowlingBash","FlurryOfBlows","CrushJoints+1","ConjureBlade","Wallop+1","ClearTheMind","LikeWater","FearNoEvil+1","ForeignInfluence+1","FlurryOfBlows+1","TalkToTheHand+1","ThirdEye+1","Finesse","CrushJoints+1","Wallop+1"],"relics":["Cursed Key","PreservedInsect","Yang","Bag of Marbles","Lizard Tail","Black Star","Membership Card","Sundial","Smiling Mask","StoneCalendar","Whetstone","Bronze Scales","MawBank","Regal Pillow","SacredBark","Bird Faced Urn","Omamori","CloakClasp","Blood Vial","Toolbox","Dream Catcher","Thread and Needle"],"acts_visited":["Exordium","TheCity","TheBeyond"],"potions_floor_usage":[45,50],"damage_taken":[{"damage":4.0,"enemies":"Small Slimes","floor":1.0,"turns":3.0},{"damage":7.0,"enemies":"Jaw Worm","floor":5.0,"turns":3.0},{"damage":16.0,"enemies":"Gremlin Nob","floor":7.0,"turns":3.0},{"damage":0.0,"enemies":"3 Sentries","floor":10.0,"turns":6.0},{"damage":0.0,"enemies":"2 Louse","floor":11.0,"turns":2.0},{"damage":0.0,"enemies":"Gremlin Nob","floor":13.0,"turns":2.0},{"damage":8.0,"enemies":"Red Slaver","floor":14.0,"turns":2.0},{"damage":16.0,"enemies":"Hexaghost","floor":16.0,"turns":9.0},{"damage":7.0,"enemies":"Chosen","floor":18.0,"turns":3.0},{"damage":12.0,"enemies":"Spheric Guardian","floor":19.0,"turns":4.0},{"damage":4.0,"enemies":"3 Cultists","floor":22.0,"turns":6.0},{"damage":19.0,"enemies":"Book of Stabbing","floor":23.0,"turns":5.0},{"damage":10.0,"enemies":"Gremlin Leader","floor":25.0,"turns":3.0},{"damage":0.0,"enemies":"Slavers","floor":29.0,"turns":3.0},{"damage":11.0,"enemies":"Shelled Parasite and Fungi","floor":31.0,"turns":3.0},{"damage":49.0,"enemies":"Champ","floor":33.0,"turns":13.0},{"damage":0,"enemies":"3 Darklings","floor":35,"turns":2},{"damage":0,"enemies":"Mind Bloom Boss Battle","floor":38,"turns":4},{"damage":17,"enemies":"3 Shapes","floor":42,"turns":5},{"damage":2,"enemies":"Maw","floor":44,"turns":8},{"damage":19,"enemies":"Transient","floor":45,"turns":5},{"damage":0,"enemies":"Reptomancer","floor":46,"turns":3},{"damage":0,"enemies":"Jaw Worm Horde","floor":47,"turns":4},{"damage":1,"enemies":"4 Shapes","floor":48,"turns":3},{"damage":40,"enemies":"Donu and Deca","floor":50,"turns":11}],"seed_played":"6893559160104778461","potions_obtained":[{"floor":10.0,"key":"Regen Potion"},{"floor":11.0,"key":"Fire Potion"},{"floor":14.0,"key":"BottledMiracle"},{"floor":16.0,"key":"DistilledChaos"},{"floor":18.0,"key":"PowerPotion"},{"floor":23.0,"key":"SkillPotion"},{"floor":29.0,"key":"Energy Potion"},{"floor":33.0,"key":"Swift Potion"},{"floor":38,"key":"SkillPotion"},{"floor":42,"key":"Regen Potion"},{"floor":44,"key":"EssenceOfSteel"},{"floor":46,"key":"FearPotion"}],"is_trial":false,"path_per_floor":["M","?","?","$","M","R","E","R","T","E","M","$","?","M","R","B",null,"M","M","?","$","M","E","R","E","T","R","$","E","?","M","R","B",null,"M","T","$","?","?","R","$","M","T","M","M","E","M","M","R","B",null],"character_chosen":"WATCHER","items_purchased":["EmptyMind","FlurryOfBlows","CrushJoints","Membership Card","ClearTheMind","LikeWater","Omamori","Blood Vial","Toolbox"],"campfire_rested":3,"item_purchase_floors":[4,12,12,21,21,21,37,41,41],"current_hp_per_floor":[68,61,66,66,59,59,43,43,43,43,43,43,43,35,35,19,77,70,58,58,58,54,35,58,48,48,48,48,48,41,30,68,31,77,77,77,74,74,74,74,74,57,57,59,44,48,50,51,74,34],"gold":326,"neow_bonus":"BOSS_RELIC","is_daily":false,"chose_seed":false,"campfire_upgraded":5,"win_rate":0.0,"timestamp":1609435249,"path_taken":["M","?","?","$","M","R","E","R","T","E","M","?","?","M","R","BOSS","M","M","?","$","M","E","R","E","T","R","$","E","?","M","R","BOSS","M","?","$","?","?","R","?","?","T","M","?","E","M","M","R","BOSS"],"items_purchased_type":["Card","Card","Card","Relic","Card","Card","Relic","Relic","Relic"],"build_version":"2020-12-22","purchased_purges":2,"victory":true,"max_hp_per_floor":[72,72,77,77,77,77,77,77,77,77,77,77,77,77,77,77,77,77,77,77,77,77,77,77,77,77,77,77,77,77,77,77,77,77,77,77,74,74,74,74,74,74,74,74,74,74,74,74,74,74],"card_choices":[{"not_picked":["FlyingSleeves","Prostrate"],"picked":"Consecrate","floor":1.0},{"not_picked":["ReachHeaven","Crescendo"],"picked":"Wallop","floor":5.0},{"not_picked":["Sanctity","WindmillStrike","Alpha"],"picked":"SKIP","floor":7.0},{"not_picked":["Weave","FollowUp","Worship"],"picked":"SKIP","floor":10.0},{"not_picked":["FollowUp","Evaluate"],"picked":"BowlingBash","floor":11.0},{"not_picked":["Consecrate","FlyingSleeves","Crescendo"],"picked":"SKIP","floor":14.0},{"not_picked":["Establishment","Ragnarok"],"picked":"ConjureBlade","floor":16.0},{"not_picked":["WheelKick+1","CutThroughFate"],"picked":"Wallop+1","floor":18.0},{"not_picked":["Study","ClearTheMind","Protect+1"],"picked":"SKIP","floor":19.0},{"not_picked":["Halt+1","BowlingBash+1"],"picked":"FearNoEvil","floor":22.0},{"not_picked":["Fasting2","FollowUp"],"picked":"ForeignInfluence+1","floor":23.0},{"not_picked":["Perseverance+1","Weave"],"picked":"FlurryOfBlows+1","floor":25.0},{"not_picked":["Halt+1","WindmillStrike","Evaluate"],"picked":"SKIP","floor":29.0},{"not_picked":["Prostrate","CutThroughFate"],"picked":"TalkToTheHand","floor":31.0},{"not_picked":["Consecrate+1","Study+1","BattleHymn"],"picked":"SKIP","floor":35},{"not_picked":["Crescendo+1","Halt+1"],"picked":"ThirdEye+1","floor":38},{"not_picked":["HandOfGreed","Madness"],"picked":"Finesse","floor":39},{"not_picked":["Study","Halt","Protect"],"picked":"SKIP","floor":42},{"not_picked":["ThirdEye+1","Protect+1"],"picked":"CrushJoints+1","floor":44},{"not_picked":["SashWhip","FollowUp","ClearTheMind+1"],"picked":"SKIP","floor":45},{"not_picked":["Judgement","CarveReality","Protect"],"picked":"SKIP","floor":46},{"not_picked":["Prostrate+1","Consecrate"],"picked":"Wallop+1","floor":47},{"not_picked":["Prostrate","Halt","Adaptation+1"],"picked":"SKIP","floor":48}],"player_experience":112631,"relics_obtained":[{"floor":7.0,"key":"Yang"},{"floor":10.0,"key":"Bag of Marbles"},{"floor":13.0,"key":"Lizard Tail"},{"floor":23.0,"key":"Sundial"},{"floor":23.0,"key":"Smiling Mask"},{"floor":25.0,"key":"StoneCalendar"},{"floor":25.0,"key":"Whetstone"},{"floor":26.0,"key":"Bronze Scales"},{"floor":29.0,"key":"MawBank"},{"floor":29.0,"key":"Regal Pillow"},{"floor":36,"key":"Bird Faced Urn"},{"floor":38,"key":"CloakClasp"},{"floor":46,"key":"Dream Catcher"},{"floor":46,"key":"Thread and Needle"}],"event_choices":[{"damage_healed":0.0,"max_hp_gain":0.0,"max_hp_loss":0.0,"gold_gain":0.0,"event_name":"Scrap Ooze","player_choice":"Success","floor":2.0,"gold_loss":0.0,"damage_taken":7.0,"relics_obtained":["PreservedInsect"]},{"damage_healed":0.0,"max_hp_gain":5.0,"max_hp_loss":0.0,"gold_gain":0.0,"event_name":"Big Fish","player_choice":"Donut","floor":3.0,"gold_loss":0.0,"damage_taken":0.0},{"damage_healed":0.0,"max_hp_gain":0.0,"max_hp_loss":0.0,"gold_gain":30.0,"event_name":"Dead Adventurer","player_choice":"Searched \u00273\u0027 times","floor":13.0,"gold_loss":0.0,"damage_taken":0.0},{"damage_healed":0.0,"max_hp_gain":0.0,"max_hp_loss":0.0,"gold_gain":0.0,"event_name":"Ghosts","player_choice":"Ignored","floor":20.0,"gold_loss":0.0,"damage_taken":0.0},{"damage_healed":0.0,"max_hp_gain":0.0,"max_hp_loss":0.0,"gold_gain":75.0,"event_name":"FaceTrader","player_choice":"Touch","floor":30.0,"gold_loss":0.0,"damage_taken":7.0},{"damage_healed":0,"gold_gain":0,"player_choice":"Fight","damage_taken":0,"max_hp_gain":0,"max_hp_loss":0,"event_name":"MindBloom","floor":38,"gold_loss":0},{"damage_healed":0,"gold_gain":0,"player_choice":"Memory 1","damage_taken":0,"max_hp_gain":0,"max_hp_loss":0,"event_name":"SensoryStone","floor":39,"gold_loss":0}],"is_beta":false,"boss_relics":[{"not_picked":["SlaversCollar","Astrolabe"],"picked":"Black Star"},{"not_picked":["Calling Bell","Coffee Dripper"],"picked":"SacredBark"}],"items_purged_floors":[28,37],"is_endless":false,"potions_floor_spawned":[10,11,14,16,18,23,29,33,38,42,44,46],"ascension_level":3}}