{"host":"49c2zf0lajbcs427","time":1609404595,"event":{"mods":["AchievementEnabler","BaseMod","Colored Map","Colored Powertips","Highlight Path","Key Reminder","Minty Spire (QoL Compilation)","Relic Stats","StSLib"],"gold_per_floor":[109,125,125,143,160,193,193,221,221,221,251,274,274,288,288,364,364,378,46,65,116,129,129,148,182,205,205,219,253,253,9,9,82,82,94,106,125,150,167,167,193,193,193,226,244,257,257,257,257,257,257,257,71,102,102],"floor_reached":56,"playtime":4301,"items_purged":["Strike_R","Strike_R","Defend_R"],"score":1912,"play_id":"b499bfb6-3a2e-43f4-a57d-3afc4bf19bbd","local_time":"20201231214955","is_ascension_mode":true,"campfire_choices":[{"data":"Hemokinesis","floor":7.0,"key":"SMITH"},{"floor":10.0,"key":"REST"},{"data":"Whirlwind","floor":15,"key":"SMITH"},{"floor":23,"key":"REST"},{"floor":27,"key":"REST"},{"floor":30,"key":"REST"},{"floor":32,"key":"RECALL"},{"floor":40,"key":"REST"},{"floor":42,"key":"REST"},{"floor":49,"key":"REST"},{"floor":52,"key":"REST"}],"circlet_count":0,"master_deck":["AscendersBane","Strike_R","Strike_R","Defend_R","Defend_R","Defend_R","Bash+1","Iron Wave","Dual Wield","Bloodletting","Hemokinesis+1","Whirlwind+1","Shrug It Off","Hemokinesis","Headbutt","Second Wind","Armaments","Sword Boomerang+1","Shockwave+1","Flex","Offering","Warcry+1","Flame Barrier","Feed","Armaments+1","Infernal Blade+1","Inflame","Spot Weakness+1","Shrug It Off"],"relics":["Runic Pyramid","Ancient Tea Set","Tiny Chest","Sundial","HornCleat","Odd Mushroom","Fusion Hammer","Membership Card","Vajra","Anchor","Lantern","Akabeko","Bird Faced Urn","Self Forming Clay","Blood Vial","SlaversCollar","Lizard Tail","Bag of Preparation","StrikeDummy","Oddly Smooth Stone","Kunai"],"acts_visited":["Exordium","TheCity","TheBeyond","TheEnding"],"potions_floor_usage":[16,39,50,50,55,55],"damage_taken":[{"damage":10.0,"enemies":"2 Louse","floor":1.0,"turns":3.0},{"damage":0.0,"enemies":"Cultist","floor":2.0,"turns":4.0},{"damage":0.0,"enemies":"Small Slimes","floor":4.0,"turns":3.0},{"damage":8.0,"enemies":"Blue Slaver","floor":5.0,"turns":4.0},{"damage":24.0,"enemies":"Gremlin Nob","floor":6.0,"turns":4.0},{"damage":12.0,"enemies":"3 Sentries","floor":8.0,"turns":7.0},{"damage":33.0,"enemies":"Lagavulin","floor":11.0,"turns":6.0},{"damage":6,"enemies":"The Mushroom Lair","floor":12,"turns":4},{"damage":3,"enemies":"2 Fungi Beasts","floor":14,"turns":2},{"damage":37,"enemies":"Hexaghost","floor":16,"turns":7},{"damage":0,"enemies":"3 Byrds","floor":18,"turns":4},{"damage":5,"enemies":"Spheric Guardian","floor":20,"turns":3},{"damage":4,"enemies":"Cultist and Chosen","floor":22,"turns":4},{"damage":9,"enemies":"Snake Plant","floor":24,"turns":3},{"damage":21,"enemies":"Book of Stabbing","floor":25,"turns":3},{"damage":15,"enemies":"Chosen and Byrds","floor":28,"turns":4},{"damage":8,"enemies":"Slavers","floor":29,"turns":4},{"damage":37,"enemies":"Automaton","floor":33,"turns":8},{"damage":0,"enemies":"Orb Walker","floor":35,"turns":3},{"damage":0,"enemies":"3 Darklings","floor":36,"turns":1},{"damage":45,"enemies":"Maw","floor":37,"turns":8},{"damage":8,"enemies":"Mind Bloom Boss Battle","floor":38,"turns":5},{"damage":9,"enemies":"Writhing Mass","floor":39,"turns":3},{"damage":4,"enemies":"Giant Head","floor":41,"turns":6},{"damage":9,"enemies":"Reptomancer","floor":44,"turns":2},{"damage":15,"enemies":"Spire Growth","floor":45,"turns":4},{"damage":4,"enemies":"4 Shapes","floor":46,"turns":4},{"damage":35,"enemies":"Time Eater","floor":50,"turns":5},{"damage":39,"enemies":"Shield and Spear","floor":54,"turns":5},{"damage":94,"enemies":"The Heart","floor":55,"turns":8}],"seed_played":"-8560507523645347203","potions_obtained":[{"floor":2.0,"key":"SneckoOil"},{"floor":4.0,"key":"SteroidPotion"},{"floor":6.0,"key":"DuplicationPotion"},{"floor":12,"key":"LiquidMemories"},{"floor":16,"key":"Ancient Potion"},{"floor":18,"key":"SpeedPotion"},{"floor":24,"key":"Ancient Potion"},{"floor":33,"key":"AttackPotion"},{"floor":44,"key":"SpeedPotion"},{"floor":45,"key":"Energy Potion"}],"is_trial":false,"path_per_floor":["M","M","?","M","M","E","R","E","T","R","E","?","?","M","R","B",null,"M","$","M","T","M","R","M","E","T","R","M","E","R","$","R","B",null,"M","M","M","?","M","R","E","R","T","E","M","M","?","?","R","B",null,"R","$","E","B",null],"character_chosen":"IRONCLAD","items_purchased":["Membership Card","Vajra","Second Wind","Armaments","Self Forming Clay","Blood Vial","SkillPotion","ColorlessPotion","Oddly Smooth Stone"],"campfire_rested":8,"item_purchase_floors":[19,19,19,19,31,31,53,53,53],"current_hp_per_floor":[62,62,62,62,54,30,30,18,18,42,9,3,80,77,77,40,70,70,70,65,65,61,80,71,50,50,74,59,51,75,75,75,40,70,75,77,37,31,28,55,56,83,83,80,72,75,75,75,103,68,94,103,103,69,50],"gold":102,"neow_bonus":"BOSS_RELIC","is_daily":false,"chose_seed":false,"campfire_upgraded":2,"win_rate":0.0,"timestamp":1609404595,"path_taken":["M","M","?","M","?","E","R","E","T","R","E","?","?","?","R","BOSS","M","$","M","?","M","R","M","E","T","R","M","E","R","$","R","BOSS","M","M","M","?","M","R","E","R","T","E","M","M","?","?","R","BOSS","R","$","E","BOSS"],"items_purchased_type":["Relic","Relic","Card","Card","Relic","Relic","Potion","Potion","Relic"],"build_version":"2020-12-22","purchased_purges":3,"victory":true,"max_hp_per_floor":[80,80,80,80,80,80,80,80,80,80,80,80,80,80,80,80,80,80,80,80,80,80,80,80,80,80,80,80,80,80,80,80,80,80,83,83,86,86,90,90,93,93,93,97,100,103,103,103,103,103,103,103,103,106,106],"relic_stats":{"Blood Vial":22,"Lizard Tail":53,"counters":[30,131],"Sundial":[6],"Self Forming Clay":[159],"Bird Faced Urn":[10],"Tiny Chest":1,"Bag of Preparation":[12],"Kunai":[4],"obtain_stats":[{"Lantern":25,"Self Forming Clay":31,"Vajra":19,"Oddly Smooth Stone":53,"Bag of Preparation":41,"Odd Mushroom":12,"Ancient Tea Set":6,"Burning Blood":0,"Akabeko":26,"Blood Vial":31,"keyreminder:keyreminder":32,"SlaversCollar":34,"Anchor":21,"Lizard Tail":38,"HornCleat":11,"Sundial":9,"Bird Faced Urn":29,"Tiny Chest":8,"Fusion Hammer":17,"Membership Card":19,"Kunai":54,"StrikeDummy":44,"Runic Pyramid":0},{"Lantern":15,"Self Forming Clay":17,"Vajra":11,"Oddly Smooth Stone":28,"Bag of Preparation":24,"Odd Mushroom":8,"Ancient Tea Set":5,"Burning Blood":0,"Akabeko":15,"Blood Vial":17,"keyreminder:keyreminder":17,"SlaversCollar":18,"Anchor":12,"Lizard Tail":22,"HornCleat":7,"Sundial":6,"Bird Faced Urn":17,"Tiny Chest":6,"Fusion Hammer":10,"Membership Card":11,"Kunai":29,"StrikeDummy":25,"Runic Pyramid":0},{"Lantern":61,"Self Forming Clay":69,"Vajra":48,"Oddly Smooth Stone":118,"Bag of Preparation":103,"Odd Mushroom":35,"Ancient Tea Set":18,"Burning Blood":0,"Akabeko":61,"Blood Vial":69,"keyreminder:keyreminder":69,"SlaversCollar":77,"Anchor":51,"Lizard Tail":94,"HornCleat":31,"Sundial":25,"Bird Faced Urn":69,"Tiny Chest":25,"Fusion Hammer":44,"Membership Card":48,"Kunai":123,"StrikeDummy":105,"Runic Pyramid":0}]},"card_choices":[{"not_picked":["Warcry","Wild Strike"],"picked":"Reckless Charge","floor":1.0},{"not_picked":["Wild Strike","Sever Soul"],"picked":"Iron Wave","floor":2.0},{"not_picked":["Headbutt","Perfected Strike"],"picked":"Dual Wield","floor":4.0},{"not_picked":["Sword Boomerang","True Grit"],"picked":"Bloodletting","floor":5.0},{"not_picked":["Barricade","Metallicize"],"picked":"Hemokinesis","floor":6.0},{"not_picked":["Clash","Twin Strike","Battle Trance"],"picked":"SKIP","floor":8.0},{"not_picked":["Hemokinesis","Twin Strike"],"picked":"Whirlwind","floor":11.0},{"not_picked":["Wild Strike","Sever Soul"],"picked":"Shrug It Off","floor":12},{"not_picked":["Exhume","Perfected Strike"],"picked":"Hemokinesis","floor":14},{"not_picked":["Pommel Strike","Searing Blow"],"picked":"Headbutt","floor":18},{"not_picked":["Entrench","Battle Trance"],"picked":"Sword Boomerang+1","floor":20},{"not_picked":["Hemokinesis","Body Slam"],"picked":"Shockwave+1","floor":22},{"not_picked":["True Grit+1","Pommel Strike"],"picked":"Flex","floor":24},{"not_picked":["Shrug It Off","Inflame"],"picked":"Offering","floor":25},{"not_picked":["Shrug It Off","Flex"],"picked":"Warcry+1","floor":28},{"not_picked":["Dropkick","Feel No Pain+1"],"picked":"Flame Barrier","floor":29},{"not_picked":["Juggernaut","Offering"],"picked":"Feed","floor":33},{"not_picked":["True Grit","Sword Boomerang","Carnage"],"picked":"SKIP","floor":35},{"not_picked":["Body Slam","Havoc","True Grit"],"picked":"SKIP","floor":36},{"not_picked":["Reckless Charge","Havoc+1"],"picked":"Armaments+1","floor":37},{"not_picked":["Entrench","Barricade"],"picked":"Infernal Blade+1","floor":39},{"not_picked":["Body Slam","Flame Barrier+1"],"picked":"Inflame","floor":41},{"not_picked":["Clash+1","Twin Strike","Heavy Blade+1"],"picked":"SKIP","floor":44},{"not_picked":["Iron Wave","Hemokinesis","Twin Strike"],"picked":"SKIP","floor":45},{"not_picked":["Cleave","Pommel Strike"],"picked":"Spot Weakness+1","floor":46},{"not_picked":["Twin Strike","Wild Strike"],"picked":"Shrug It Off","floor":54}],"player_experience":2214829,"relics_obtained":[{"floor":6.0,"key":"Ancient Tea Set"},{"floor":8.0,"key":"Tiny Chest"},{"floor":9.0,"key":"Sundial"},{"floor":11.0,"key":"HornCleat"},{"floor":12,"key":"Odd Mushroom"},{"floor":21,"key":"Anchor"},{"floor":25,"key":"Lantern"},{"floor":26,"key":"Akabeko"},{"floor":29,"key":"Bird Faced Urn"},{"floor":38,"key":"Lizard Tail"},{"floor":41,"key":"Bag of Preparation"},{"floor":44,"key":"StrikeDummy"},{"floor":54,"key":"Kunai"}],"event_choices":[{"damage_healed":0.0,"max_hp_gain":0.0,"max_hp_loss":0.0,"gold_gain":0.0,"event_name":"Upgrade Shrine","player_choice":"Upgraded","floor":3.0,"gold_loss":0.0,"damage_taken":0.0,"cards_upgraded":["Bash"]},{"damage_healed":0,"gold_gain":0,"player_choice":"Fought Mushrooms","damage_taken":0,"max_hp_gain":0,"max_hp_loss":0,"event_name":"Mushrooms","floor":12,"gold_loss":0},{"cards_removed":["Reckless Charge"],"damage_healed":77,"gold_gain":0,"player_choice":"Offered Uncommon","damage_taken":0,"max_hp_gain":0,"max_hp_loss":0,"event_name":"Bonfire Elementals","floor":13,"gold_loss":0},{"damage_healed":0,"gold_gain":0,"player_choice":"Fight","damage_taken":0,"max_hp_gain":0,"max_hp_loss":0,"event_name":"MindBloom","floor":38,"gold_loss":0},{"damage_healed":0,"gold_gain":0,"player_choice":"Ignored","damage_taken":0,"max_hp_gain":0,"max_hp_loss":0,"event_name":"Tomb of Lord Red Mask","floor":47,"gold_loss":0},{"cards_removed":["Strike_R"],"damage_healed":0,"gold_gain":0,"player_choice":"Removed Attack","damage_taken":0,"max_hp_gain":0,"max_hp_loss":0,"event_name":"Falling","floor":48,"gold_loss":0}],"is_beta":false,"boss_relics":[{"not_picked":["Busted Crown","Tiny House"],"picked":"Fusion Hammer"},{"not_picked":["SacredBark","Astrolabe"],"picked":"SlaversCollar"}],"items_purged_floors":[19,31,53],"is_endless":false,"potions_floor_spawned":[2,4,6,12,16,18,24,29,33,35,36,44,45],"ascension_level":13}}