{"host":"foq4mrde4mssg7vt","time":1609437362,"event":{"mods":["AchievementEnabler","BaseMod","Colored Map","Colored Powertips","Highlight Path","Minty Spire (QoL Compilation)","Relic Stats","everything is the same but u backflip on backflip"],"gold_per_floor":[113,113,123,198,211,211,229,261,312,330,349,119,119,6,6,83,83,101,121,147,164,89,89,103,122,122,122,122,122],"floor_reached":28,"playtime":1361,"items_purged":["Strike_G"],"score":411,"play_id":"19b36e12-b956-4218-bc2b-e32dc4407468","local_time":"20210101015602","is_ascension_mode":true,"campfire_choices":[{"floor":6.0,"key":"REST"},{"floor":13.0,"key":"REST"},{"data":"Well Laid Plans","floor":15.0,"key":"SMITH"},{"floor":23,"key":"REST"}],"circlet_count":0,"master_deck":["AscendersBane","Strike_G","Strike_G","Strike_G","Strike_G","Defend_G","Defend_G+1","Defend_G","Defend_G","Defend_G+1","Survivor","Neutralize","Bane","Predator","Dagger Throw","Cloak And Dagger","Flechettes","Dash","Dagger Spray","After Image","Crippling Poison","Poisoned Stab","Leg Sweep+1","Ghostly","Ghostly","Ghostly"],"relics":["HoveringKite","Pantograph","Ancient Tea Set","Runic Pyramid","Bag of Preparation","The Courier"],"acts_visited":["Exordium","TheCity"],"potions_floor_usage":[18,18,28,28],"damage_taken":[{"damage":0.0,"enemies":"Jaw Worm","floor":1.0,"turns":6.0},{"damage":0.0,"enemies":"Cultist","floor":3.0,"turns":5.0},{"damage":0.0,"enemies":"2 Louse","floor":5.0,"turns":2.0},{"damage":12.0,"enemies":"2 Fungi Beasts","floor":7.0,"turns":4.0},{"damage":29.0,"enemies":"Gremlin Nob","floor":8.0,"turns":5.0},{"damage":0.0,"enemies":"Large Slime","floor":10.0,"turns":4.0},{"damage":1.0,"enemies":"3 Louse","floor":11.0,"turns":4.0},{"damage":41,"enemies":"Slime Boss","floor":16,"turns":14},{"damage":3,"enemies":"3 Byrds","floor":18,"turns":5},{"damage":14,"enemies":"Spheric Guardian","floor":19,"turns":12},{"damage":17,"enemies":"Snake Plant","floor":21,"turns":7},{"damage":1,"enemies":"Snecko","floor":24,"turns":6},{"damage":22,"enemies":"Centurion and Healer","floor":25,"turns":8},{"damage":21,"enemies":"Slavers","floor":28,"turns":9}],"seed_played":"-1470149707977816359","potions_obtained":[{"floor":7.0,"key":"LiquidBronze"},{"floor":8.0,"key":"Fire Potion"},{"floor":10.0,"key":"Regen Potion"},{"floor":18,"key":"Explosive Potion"},{"floor":21,"key":"FearPotion"},{"floor":25,"key":"Weak Potion"}],"is_trial":false,"path_per_floor":["M","?","M","?","M","R","M","E","T","M","M","$","R","$","R","B",null,"M","M","T","M","?","R","M","M","T","?","E"],"character_chosen":"THE_SILENT","items_purchased":["Dash","Well Laid Plans","Dagger Spray","Block Potion"],"campfire_rested":3,"item_purchase_floors":[12,12,14,14],"current_hp_per_floor":[59,39,39,28,28,47,35,6,6,6,17,17,36,36,36,20,55,52,38,38,21,21,40,39,17,17,17,0,0],"gold":122,"neow_bonus":"BOSS_RELIC","is_daily":false,"chose_seed":false,"campfire_upgraded":1,"win_rate":0.0,"timestamp":1609437362,"path_taken":["M","?","M","?","M","R","?","E","T","M","M","$","R","?","R","BOSS","M","M","?","M","?","R","M","M","T","?","E"],"items_purchased_type":["Card","Card","Card","Potion"],"build_version":"2020-12-22","purchased_purges":1,"victory":false,"max_hp_per_floor":[66,66,66,66,66,66,66,66,66,66,66,66,66,66,66,66,66,66,66,66,66,66,66,66,66,66,33,33,33],"relic_stats":{"counters":[14,91],"Pantograph":25,"HoveringKite":[38],"Bag of Preparation":[8],"obtain_stats":[{"Pantograph":8,"HoveringKite":0,"The Courier":26,"Bag of Preparation":20,"Ancient Tea Set":9,"Ring of the Snake":0,"Runic Pyramid":17},{"Pantograph":5,"HoveringKite":0,"The Courier":13,"Bag of Preparation":10,"Ancient Tea Set":5,"Ring of the Snake":0,"Runic Pyramid":8},{"Pantograph":22,"HoveringKite":0,"The Courier":82,"Bag of Preparation":61,"Ancient Tea Set":22,"Ring of the Snake":0,"Runic Pyramid":44}]},"card_choices":[{"not_picked":["Backflip","Quick Slash"],"picked":"Bane","floor":1.0},{"not_picked":["Riddle With Holes","Flying Knee"],"picked":"Predator","floor":3.0},{"not_picked":["Outmaneuver","Well Laid Plans"],"picked":"Dagger Throw","floor":5.0},{"not_picked":["Slice","Dodge and Roll","Venomology"],"picked":"SKIP","floor":7.0},{"not_picked":["Skewer","Caltrops"],"picked":"Cloak And Dagger","floor":8.0},{"not_picked":["Slice","Cloak And Dagger","Sucker Punch"],"picked":"SKIP","floor":10.0},{"not_picked":["Prepared","Flechettes","Slice"],"picked":"SKIP","floor":11.0},{"not_picked":["Prepared","Slice"],"picked":"Flechettes","floor":11.0},{"not_picked":["Burst","Doppelganger"],"picked":"After Image","floor":16},{"not_picked":["PiercingWail","Blur"],"picked":"Crippling Poison","floor":18},{"not_picked":["Sucker Punch","Acrobatics","Bane"],"picked":"SKIP","floor":19},{"not_picked":["Dash","Accuracy","Cloak And Dagger"],"picked":"SKIP","floor":21},{"not_picked":["Reflex","Accuracy"],"picked":"Poisoned Stab","floor":24},{"not_picked":["Slice","Bane"],"picked":"Leg Sweep+1","floor":25}],"player_experience":346646,"relics_obtained":[{"floor":8.0,"key":"Pantograph"},{"floor":9.0,"key":"Ancient Tea Set"},{"floor":20,"key":"Bag of Preparation"},{"floor":26,"key":"The Courier"}],"event_choices":[{"damage_healed":0.0,"max_hp_gain":0.0,"max_hp_loss":0.0,"gold_gain":0.0,"event_name":"Shining Light","player_choice":"Entered Light","floor":2.0,"gold_loss":0.0,"damage_taken":20.0,"cards_upgraded":["Defend_G","Defend_G"]},{"damage_healed":0.0,"max_hp_gain":0.0,"max_hp_loss":0.0,"gold_gain":75.0,"event_name":"World of Goop","player_choice":"Gather Gold","floor":4.0,"gold_loss":0.0,"damage_taken":11.0},{"cards_removed":["Well Laid Plans"],"damage_healed":0,"gold_gain":0,"player_choice":"Gave Gold","damage_taken":0,"max_hp_gain":0,"max_hp_loss":0,"event_name":"Beggar","floor":22,"gold_loss":75},{"damage_healed":0,"gold_gain":0,"player_choice":"Became a Ghost","damage_taken":0,"max_hp_gain":0,"max_hp_loss":33,"event_name":"Ghosts","floor":27,"gold_loss":0,"cards_obtained":["Ghostly","Ghostly","Ghostly"]}],"is_beta":false,"boss_relics":[{"not_picked":["Runic Dome","Coffee Dripper"],"picked":"Runic Pyramid"}],"items_purged_floors":[12],"is_endless":false,"potions_floor_spawned":[7,8,10,18,21,25],"killed_by":"Slavers","ascension_level":17}}