{"host":"vh33hu3wddwn6yt6","time":1609433892,"event":{"mods":["AchievementEnabler","Act Like it!","Aspiration","BaseMod","Better Altar","Better Match","Better Note","Better Sensory Stone","Better Skull","Better Third Choice","BetterRewards","Downfall","Hermit","Hubris","Infinite Spire","Minty Spire (QoL Compilation)","Permanent Neow","Replay The Spire","Shade Mod","Shop Mod","Spicy Shops","StSLib","SuperFastMode","The Blackbeard","The Necromancer","The Runesmith","The Servant 0.9.4","TheBandit","Wandering Minibosses"],"gold_per_floor":[99,111,130,130,115,130,153,169,184,217,317,167,183,211,229,229,229],"floor_reached":16,"playtime":455,"items_purged":[],"score":145,"play_id":"9f1eef49-a151-4fad-9e5e-10dc61b54636","local_time":"20201231175812","is_ascension_mode":true,"campfire_choices":[{"floor":1,"key":"RECALL"},{"data":"hermit:Brawl","floor":12,"key":"SMITH"}],"circlet_count":0,"master_deck":["hermit:Strike_Hermit","hermit:Strike_Hermit","hermit:Strike_Hermit","hermit:Strike_Hermit","hermit:Defend_Hermit","hermit:Defend_Hermit","hermit:Defend_Hermit","hermit:Defend_Hermit","hermit:Snapshot","hermit:Covet","hermit:Brawl+1","hermit:Quickdraw","hermit:Quickdraw","hermit:Horror","hermit:Quickdraw","hermit:Deadeye"],"relics":["hermit:Momento","Vajra","downfall:HeartBlessingRed","downfall:HeartBlessingBlue","hubris:PeanutButter"],"acts_visited":["Exordium"],"potions_floor_usage":[10,13,14,15,16],"damage_taken":[{"damage":1,"enemies":"Cultist","floor":2,"turns":4},{"damage":4,"enemies":"2 Louse","floor":3,"turns":3},{"damage":0,"enemies":"downfall:FleeingMerchant","floor":5,"turns":4},{"damage":0,"enemies":"Jaw Worm","floor":6,"turns":3},{"damage":0,"enemies":"3 Louse","floor":8,"turns":3},{"damage":1,"enemies":"Red Slaver","floor":9,"turns":3},{"damage":16,"enemies":"3 Sentries","floor":10,"turns":8},{"damage":6,"enemies":"Gremlin Gang","floor":13,"turns":3},{"damage":6,"enemies":"Lagavulin","floor":14,"turns":5},{"damage":2,"enemies":"Exordium Wildlife","floor":15,"turns":4},{"damage":54,"enemies":"downfall:Defect","floor":16,"turns":5}],"seed_played":"-8092219403007338791","potions_obtained":[{"floor":3,"key":"SkillPotion"},{"floor":6,"key":"hexamod:EctoCoolerPotion"},{"floor":10,"key":"Dexterity Potion"},{"floor":14,"key":"LiquidMemories"},{"floor":15,"key":"SpeedPotion"}],"is_trial":false,"path_per_floor":["R","M","M","?","$","M","T","M","M","E","?","R","M","E","M","B"],"character_chosen":"HERMIT","items_purchased":[],"campfire_rested":0,"item_purchase_floors":[],"current_hp_per_floor":[75,74,70,75,75,75,75,75,74,58,58,68,62,56,54,0,0],"gold":229,"neow_bonus":"THREE_CARDS","is_daily":false,"chose_seed":false,"campfire_upgraded":1,"win_rate":0.0,"timestamp":1609433892,"path_taken":["R","M","?","?","$","M","T","M","M","E","?","R","M","E","M","BOSS"],"items_purchased_type":[],"build_version":"2020-12-22","purchased_purges":0,"victory":false,"max_hp_per_floor":[75,75,75,80,80,80,80,80,80,80,80,90,90,90,90,90,90],"card_choices":[{"not_picked":["hermit:DeadMansHand","hermit:HoleUp"],"picked":"hermit:Brawl","floor":0},{"not_picked":["hermit:Dive","hermit:Ricochet"],"picked":"hermit:Quickdraw","floor":2},{"not_picked":["hermit:Manifest","hermit:Snipe"],"picked":"hermit:Quickdraw","floor":3},{"not_picked":["hermit:Feint","hermit:ItchyTrigger"],"picked":"hermit:Horror","floor":5},{"not_picked":["hermit:Coalescence","hermit:Magnum","hermit:Manifest"],"picked":"SKIP","floor":6},{"not_picked":["hermit:CalledShot","hermit:Malice","hermit:Misfire"],"picked":"SKIP","floor":8},{"not_picked":["hermit:Snipe","hermit:Glare","hermit:Manifest"],"picked":"SKIP","floor":9},{"not_picked":["hermit:EternalForm","hermit:Feint"],"picked":"hermit:Quickdraw","floor":10},{"not_picked":["hermit:Glare","hermit:ItchyTrigger","hermit:Dive"],"picked":"SKIP","floor":13},{"not_picked":["hermit:Scavenge","hermit:TrackingShot"],"picked":"hermit:Deadeye","floor":14},{"not_picked":["hermit:BlackWind","hermit:Snipe","hermit:Misfire"],"picked":"SKIP","floor":15}],"player_experience":615501,"relics_obtained":[{"floor":10,"key":"Vajra"},{"floor":14,"key":"hubris:PeanutButter"}],"event_choices":[{"damage_healed":0,"gold_gain":0,"player_choice":"Donut","damage_taken":0,"max_hp_gain":5,"max_hp_loss":0,"event_name":"Big Fish","floor":4,"gold_loss":0}],"is_beta":false,"boss_relics":[],"items_purged_floors":[],"is_endless":false,"potions_floor_spawned":[3,6,10,14,15],"killed_by":"downfall:Defect","ascension_level":1}}