{"host":"9ylwqx3xq4e4v98b","time":1609400435,"event":{"mods":["AchievementEnabler","BaseMod","Better Silent Start","Card Forge","Colored Map","DeckTracker","Minty Spire (QoL Compilation)","Permanent Neow","Quick Restart","Spicy Shops","StSLib","SuperFastMode","Td1madao Mod"],"gold_per_floor":[116,116,131,35,35,70,70,97,97,152,172,172,172,189,189,284,284,304,318,330,330,430,430,446,477,477,512,512,526,526,526,526,625,625,645,645],"floor_reached":35,"playtime":906,"items_purged":[],"score":580,"play_id":"0a95b8e4-2025-49b4-9cab-28406ec2e1ee","local_time":"20201230234035","is_ascension_mode":false,"campfire_choices":[{"data":"Offering","floor":7,"key":"SMITH"},{"data":"Heavy Blade","floor":13,"key":"SMITH"},{"floor":15,"key":"RECALL"},{"data":"Inflame","floor":23,"key":"SMITH"},{"data":"Offering","floor":28,"key":"SMITH"},{"data":"Offering","floor":30,"key":"SMITH"},{"floor":32,"key":"REST"}],"circlet_count":0,"master_deck":["Spot Weakness+1","Demon Form+1","Double Tap+1","Feed+1","Flex+1","Heavy Blade+1","Inflame+1","Limit Break+1","Seeing Red+1","Sword Boomerang+1","Intimidate+1","Disarm+1","Battle Trance+1","Rage+1","Sword Boomerang+1","Spot Weakness+1","Offering+1","Heavy Blade+1","Offering+1","Inflame+1","Offering+1","Double Tap"],"relics":["Burning Blood","Hammer of Thor","Seething Fire","Anvil of the Gods","Bottled Tornado","Bag of Preparation","SlaversCollar","Centennial Puzzle","Mercury Hourglass","Sundial","SacredBark"],"acts_visited":["Exordium","TheCity","TheBeyond"],"potions_floor_usage":[],"damage_taken":[{"damage":11,"enemies":"Jaw Worm","floor":1,"turns":2},{"damage":7,"enemies":"2 Louse","floor":3,"turns":2},{"damage":0,"enemies":"Gremlin Nob","floor":6,"turns":2},{"damage":0,"enemies":"3 Sentries","floor":8,"turns":1},{"damage":0,"enemies":"Small Slimes","floor":11,"turns":1},{"damage":6,"enemies":"Gremlin Gang","floor":14,"turns":1},{"damage":21,"enemies":"The Guardian","floor":16,"turns":3},{"damage":0,"enemies":"2 Thieves","floor":18,"turns":1},{"damage":0,"enemies":"Spheric Guardian","floor":19,"turns":1},{"damage":26,"enemies":"Snake Plant","floor":20,"turns":4},{"damage":7,"enemies":"Chosen and Byrds","floor":24,"turns":3},{"damage":20,"enemies":"Book of Stabbing","floor":25,"turns":3},{"damage":0,"enemies":"Slavers","floor":27,"turns":1},{"damage":6,"enemies":"3 Cultists","floor":29,"turns":2},{"damage":6,"enemies":"Automaton","floor":33,"turns":2},{"damage":0,"enemies":"Orb Walker","floor":35,"turns":1}],"seed_played":"3101399687534768844","potions_obtained":[{"floor":8,"key":"LiquidBronze"},{"floor":11,"key":"Dexterity Potion"},{"floor":14,"key":"Regen Potion"},{"floor":25,"key":"FairyPotion"}],"is_trial":false,"path_per_floor":["M","?","M","$","?","E","R","E","T","?","M","?","R","M","R","B",null,"M","M","M","?","?","R","M","E","T","E","R","M","R","?","R","B",null,"M"],"character_chosen":"IRONCLAD","items_purchased":["Spot Weakness"],"campfire_rested":1,"item_purchase_floors":[4],"current_hp_per_floor":[75,80,83,83,83,89,89,89,89,89,89,89,89,89,89,74,89,93,93,73,55,55,55,54,40,40,46,46,50,50,50,80,80,102,102,102],"gold":645,"neow_bonus":"THREE_CARDS","is_daily":false,"chose_seed":false,"campfire_upgraded":5,"win_rate":0.0,"timestamp":1609400435,"path_taken":["M","?","M","$","?","E","R","E","T","?","M","?","R","M","R","BOSS","M","?","M","?","?","R","?","E","T","E","R","M","R","?","R","BOSS","M"],"items_purchased_type":["Card"],"build_version":"2020-12-22","purchased_purges":0,"victory":false,"max_hp_per_floor":[80,85,89,89,89,89,89,89,89,89,89,89,89,89,89,89,89,93,93,93,98,98,98,98,98,98,98,98,102,102,102,102,102,102,102,102],"card_choices":[{"not_picked":["Dropkick","Burning Pact"],"picked":"Spot Weakness","floor":0},{"not_picked":["Thunderclap","Feel No Pain","Warcry"],"picked":"SKIP","floor":1},{"not_picked":["Clothesline","Entrench"],"picked":"Sword Boomerang","floor":3},{"not_picked":["Iron Wave","Power Through"],"picked":"Offering","floor":6},{"not_picked":["Sword Boomerang","Body Slam"],"picked":"Heavy Blade","floor":8},{"not_picked":["Power Through","Entrench","Warcry"],"picked":"SKIP","floor":11},{"not_picked":["Uppercut","Havoc","Feel No Pain"],"picked":"SKIP","floor":14},{"not_picked":["Impervious","Brutality"],"picked":"Offering","floor":16},{"not_picked":["Shrug It Off","Thunderclap+1"],"picked":"Inflame","floor":18},{"not_picked":["Iron Wave","Body Slam","Anger"],"picked":"SKIP","floor":19},{"not_picked":["Anger","Heavy Blade","Ghostly Armor+1"],"picked":"SKIP","floor":20},{"not_picked":["Shockwave","Second Wind","True Grit"],"picked":"SKIP","floor":24},{"not_picked":["Anger","Sentinel","Perfected Strike"],"picked":"SKIP","floor":25},{"not_picked":["Anger","Thunderclap+1"],"picked":"Offering","floor":27},{"not_picked":["True Grit","Armaments+1","Cleave"],"picked":"SKIP","floor":29},{"not_picked":["Brutality","Immolate"],"picked":"Double Tap","floor":33},{"not_picked":["Havoc+1","Thunderclap","Anger"],"picked":"SKIP","floor":35}],"player_experience":180372,"relics_obtained":[{"floor":6,"key":"Bottled Tornado"},{"floor":8,"key":"Bag of Preparation"},{"floor":25,"key":"Centennial Puzzle"},{"floor":26,"key":"Mercury Hourglass"},{"floor":27,"key":"Sundial"}],"event_choices":[{"damage_healed":0,"gold_gain":0,"player_choice":"Donut","damage_taken":0,"max_hp_gain":5,"max_hp_loss":0,"event_name":"Big Fish","floor":2,"gold_loss":0},{"damage_healed":0,"gold_gain":0,"player_choice":"Grow","damage_taken":0,"max_hp_gain":0,"max_hp_loss":0,"event_name":"Living Wall","floor":5,"gold_loss":0,"cards_upgraded":["Sword Boomerang"]},{"damage_healed":0,"gold_gain":55,"player_choice":"Gained Gold","damage_taken":0,"max_hp_gain":0,"max_hp_loss":0,"event_name":"Golden Wing","floor":10,"gold_loss":0},{"damage_healed":0,"gold_gain":0,"player_choice":"Forge","damage_taken":0,"max_hp_gain":0,"max_hp_loss":0,"event_name":"Accursed Blacksmith","floor":12,"gold_loss":0,"cards_upgraded":["Spot Weakness"]},{"damage_healed":0,"gold_gain":0,"player_choice":"Shed Blood","damage_taken":23,"max_hp_gain":5,"max_hp_loss":0,"event_name":"Forgotten Altar","floor":21,"gold_loss":0},{"damage_healed":0,"gold_gain":100,"player_choice":"Pray","damage_taken":0,"max_hp_gain":0,"max_hp_loss":0,"event_name":"Golden Shrine","floor":22,"gold_loss":0},{"damage_healed":0,"gold_gain":0,"player_choice":"Ignored","damage_taken":0,"max_hp_gain":0,"max_hp_loss":0,"event_name":"NoteForYourself","floor":31,"gold_loss":0}],"is_beta":false,"boss_relics":[{"not_picked":["Empty Cage","Cursed Key"],"picked":"SlaversCollar"},{"not_picked":["Velvet Choker","Mark of Pain"],"picked":"SacredBark"}],"items_purged_floors":[],"is_endless":false,"potions_floor_spawned":[6,8,11,14,18,25,35],"killed_by":"Orb Walker","ascension_level":0}}