{"host":"9n6i2vl93jt4o42q","time":1609424892,"event":{"mods":["BaseMod","Minty Spire (QoL Compilation)","Relic Stats"],"gold_per_floor":[118,118,133,147,164,196,196,223,223,223,223,223,0,17,17,96,96,113,3,13,13,31,31,9,9,9,41,68,68,68],"floor_reached":29,"playtime":1631,"items_purged":["Pain"],"score":489,"play_id":"f37ec255-bf1f-49d8-95e6-f0e2f2306af3","local_time":"20201231152812","is_ascension_mode":true,"campfire_choices":[{"data":"Fire Breathing","floor":7,"key":"SMITH"},{"floor":10,"key":"REST"},{"data":"Bash","floor":12,"key":"SMITH"},{"data":"Second Wind","floor":15,"key":"SMITH"},{"data":"Berserk","floor":23,"key":"SMITH"},{"data":"Power Through","floor":25,"key":"SMITH"}],"circlet_count":0,"master_deck":["AscendersBane","Strike_R","Strike_R","Strike_R","Strike_R","Defend_R","Defend_R","Defend_R","Defend_R","Bash+1","Fire Breathing+1","Reaper","Metallicize+1","Twin Strike","Second Wind+1","Battle Trance","Flex","Body Slam+1","Impervious","Power Through+1","Thunderclap+1","Berserk+1","Combust","Anger+1","Pommel Strike+1","Feel No Pain","Shrug It Off"],"relics":["Burning Blood","StoneCalendar","Molten Egg 2","Self Forming Clay","Kunai","WarpedTongs","Membership Card","Runic Cube","MealTicket","Potion Belt","Shovel","Red Mask"],"acts_visited":["Exordium","TheCity"],"potions_floor_usage":[6,22,27,28],"damage_taken":[{"damage":1.0,"enemies":"Cultist","floor":1.0,"turns":3.0},{"damage":8,"enemies":"Jaw Worm","floor":3,"turns":5},{"damage":4,"enemies":"Small Slimes","floor":4,"turns":3},{"damage":17,"enemies":"Looter","floor":5,"turns":3},{"damage":26,"enemies":"Lagavulin","floor":6,"turns":6},{"damage":26,"enemies":"Gremlin Nob","floor":8,"turns":4},{"damage":0,"enemies":"3 Louse","floor":14,"turns":2},{"damage":35,"enemies":"Slime Boss","floor":16,"turns":7},{"damage":7,"enemies":"3 Byrds","floor":18,"turns":5},{"damage":32,"enemies":"Chosen","floor":20,"turns":4},{"damage":15,"enemies":"Snecko","floor":22,"turns":7},{"damage":44,"enemies":"Slavers","floor":27,"turns":5},{"damage":27,"enemies":"Masked Bandits","floor":28,"turns":4},{"damage":33,"enemies":"Gremlin Leader","floor":29,"turns":2}],"seed_played":"3807269619540153346","potions_obtained":[{"floor":1.0,"key":"ColorlessPotion"},{"floor":6,"key":"Regen Potion"},{"floor":16,"key":"DuplicationPotion"},{"floor":22,"key":"Ancient Potion"},{"floor":28,"key":"Energy Potion"}],"is_trial":false,"path_per_floor":["M","?","M","M","M","E","R","E","T","R","?","R","$","M","R","B",null,"M","?","M","T","M","R","$","R","T","E","?","E"],"character_chosen":"IRONCLAD","items_purchased":["Membership Card","Power Through","Feel No Pain"],"campfire_rested":1,"item_purchase_floors":[13,13,24],"current_hp_per_floor":[68,68,68,68,57,43,43,23,23,43,43,43,43,49,49,32,59,64,64,38,38,44,44,59,59,59,21,24,0,0],"gold":68,"neow_bonus":"ONE_RARE_RELIC","is_daily":false,"chose_seed":false,"campfire_upgraded":5,"win_rate":0.0,"timestamp":1609424892,"path_taken":["M","?","?","?","?","E","R","E","T","R","?","R","$","M","R","BOSS","M","?","?","?","M","R","?","R","T","E","?","E"],"items_purchased_type":["Relic","Card","Card"],"build_version":"2020-12-22","purchased_purges":1,"victory":false,"max_hp_per_floor":[68,68,68,68,68,68,68,68,68,68,68,68,68,68,68,68,68,68,68,68,68,68,68,68,68,68,68,68,68,68],"relic_stats":{"Shovel":0,"counters":[14,60],"Self Forming Clay":[102],"StoneCalendar":[16],"MealTicket":15,"Kunai":[5],"obtain_stats":[{"Potion Belt":26,"Shovel":27,"Self Forming Clay":8,"StoneCalendar":0,"Molten Egg 2":6,"MealTicket":21,"Red Mask":28,"Kunai":9,"Membership Card":13,"Burning Blood":0,"WarpedTongs":11,"Runic Cube":17},{"Potion Belt":11,"Shovel":12,"Self Forming Clay":6,"StoneCalendar":0,"Molten Egg 2":5,"MealTicket":10,"Red Mask":13,"Kunai":6,"Membership Card":6,"Burning Blood":0,"WarpedTongs":6,"Runic Cube":8},{"Potion Belt":49,"Shovel":54,"Self Forming Clay":24,"StoneCalendar":0,"Molten Egg 2":20,"MealTicket":42,"Red Mask":58,"Kunai":24,"Membership Card":24,"Burning Blood":0,"WarpedTongs":24,"Runic Cube":33}],"Burning Blood":69,"WarpedTongs":[35],"Runic Cube":[36]},"card_choices":[{"not_picked":["Blood for Blood","True Grit"],"picked":"Fire Breathing","floor":1.0},{"not_picked":["Sentinel","Clash"],"picked":"Second Wind","floor":3},{"not_picked":["Dual Wield","Havoc"],"picked":"Battle Trance","floor":4},{"not_picked":["Fire Breathing","Body Slam"],"picked":"Flex","floor":5},{"not_picked":["Havoc","Second Wind"],"picked":"Body Slam+1","floor":6},{"not_picked":["Heavy Blade+1","Shrug It Off"],"picked":"Impervious","floor":8},{"not_picked":["Clothesline+1","Clash+1"],"picked":"Thunderclap+1","floor":14},{"not_picked":["Limit Break","Bludgeon+1"],"picked":"Berserk","floor":16},{"not_picked":["Armaments","Intimidate"],"picked":"Combust","floor":18},{"not_picked":["Infernal Blade","Perfected Strike+1"],"picked":"Anger+1","floor":20},{"not_picked":["Perfected Strike+1","Sword Boomerang+1"],"picked":"Pommel Strike+1","floor":22},{"not_picked":["Fire Breathing","Clothesline+1"],"picked":"Shrug It Off","floor":27}],"player_experience":2001124,"relics_obtained":[{"floor":6,"key":"Molten Egg 2"},{"floor":8,"key":"Self Forming Clay"},{"floor":9,"key":"Kunai"},{"floor":21,"key":"MealTicket"},{"floor":26,"key":"Potion Belt"},{"floor":27,"key":"Shovel"},{"floor":28,"key":"Red Mask"}],"event_choices":[{"damage_healed":0,"gold_gain":0,"player_choice":"3 cards matched","damage_taken":0,"max_hp_gain":0,"max_hp_loss":0,"event_name":"Match and Keep!","floor":2,"gold_loss":0,"cards_obtained":["Reaper","Metallicize","Twin Strike"]},{"damage_healed":0,"gold_gain":0,"player_choice":"Rummage","damage_taken":0,"relics_obtained":["WarpedTongs"],"max_hp_gain":0,"max_hp_loss":0,"event_name":"Accursed Blacksmith","floor":11,"gold_loss":0,"cards_obtained":["Pain"]},{"cards_removed":["Strike_R"],"damage_healed":0,"gold_gain":0,"player_choice":"Upgrade and Remove","damage_taken":0,"max_hp_gain":0,"max_hp_loss":0,"event_name":"Designer","floor":19,"gold_loss":110,"cards_upgraded":["Metallicize"]},{"damage_healed":0,"gold_gain":0,"player_choice":"Fought Bandits","damage_taken":0,"max_hp_gain":0,"max_hp_loss":0,"event_name":"Masked Bandits","floor":28,"gold_loss":0}],"is_beta":false,"boss_relics":[{"not_picked":["SlaversCollar","Philosopher\u0027s Stone"],"picked":"Runic Cube"}],"items_purged_floors":[13],"is_endless":false,"potions_floor_spawned":[1,6,16,18,20,22,28],"killed_by":"Gremlin Leader","ascension_level":19}}