{"host":"j61pjxqytd94o6ng","time":1609454509,"event":{"mods":["BaseMod","Bestiary","Colored Map","Colored Powertips","Curses Come First","Minty Spire (QoL Compilation)","StSLib"],"gold_per_floor":[14,28,39,139,150,182,202,202,202,202,219,219,239,259,259,331,331,350,368,368,100,118,149,149,178,224,241,251,251,268,302,302,380,380,397,397,415,428,428,455,455,490,516,516,544,544,202,221,221,221],"floor_reached":51,"playtime":3500,"items_purged":["Strike_G","Strike_G+1"],"score":1525,"play_id":"65fe14c6-ca80-4378-b74b-3d0746f9bd72","local_time":"20201231154149","is_ascension_mode":true,"campfire_choices":[{"floor":8.0,"key":"REST"},{"floor":10.0,"key":"REST"},{"data":"Riddle With Holes","floor":12.0,"key":"SMITH"},{"data":"Footwork","floor":15,"key":"SMITH"},{"data":"Distraction","floor":24,"key":"SMITH"},{"data":"Footwork","floor":32,"key":"SMITH"},{"floor":46,"key":"RECALL"},{"data":"Tactician","floor":49,"key":"SMITH"}],"circlet_count":0,"master_deck":["AscendersBane","Strike_G+1","Strike_G+1","Defend_G+1","Defend_G+1","Defend_G+1","Defend_G+1","Defend_G+1","Survivor+1","Neutralize+1","Riddle With Holes+1","Caltrops+1","Footwork+1","Corpse Explosion+1","PiercingWail+1","Footwork+1","Venomology+1","Distraction+1","Venomology+1","PiercingWail+1","Caltrops+1","Blur+1","PiercingWail+1","Dodge and Roll+1","Backflip+1","Backflip+1","Adrenaline+1","PiercingWail+1","Deflect+1","A Thousand Cuts+1","Poisoned Stab+1","Escape Plan+1","Blur+1","Acrobatics","Tactician+1","Blur"],"relics":["Ring of the Snake","CaptainsWheel","FossilizedHelix","Pantograph","Black Star","Toy Ornithopter","Blue Candle","Bottled Tornado","Oddly Smooth Stone","Pocketwatch","Happy Flower","Juzu Bracelet","Eternal Feather","Coffee Dripper","Kunai","Mercury Hourglass","Bag of Marbles","Vajra","Omamori","Whetstone","Mark of the Bloom","Question Card","Pen Nib","Snake Skull"],"acts_visited":["Exordium","TheCity","TheBeyond"],"potions_floor_usage":[22,22,22,23,23,23,25,25,27,28,29,29,30,31,33,33,33,35,37,37,38,38,40,40,40,42,42,42,42,42,42,42,45,45,45,45,48,50,50,50],"damage_taken":[{"damage":0.0,"enemies":"2 Louse","floor":1.0,"turns":4.0},{"damage":1.0,"enemies":"Cultist","floor":2.0,"turns":4.0},{"damage":0.0,"enemies":"Jaw Worm","floor":3.0,"turns":4.0},{"damage":12.0,"enemies":"Lots of Slimes","floor":5.0,"turns":7.0},{"damage":36.0,"enemies":"3 Sentries","floor":6.0,"turns":11.0},{"damage":0.0,"enemies":"2 Fungi Beasts","floor":7.0,"turns":5.0},{"damage":5.0,"enemies":"Exordium Thugs","floor":11.0,"turns":6.0},{"damage":12,"enemies":"Large Slime","floor":13,"turns":8},{"damage":0,"enemies":"Exordium Wildlife","floor":14,"turns":3},{"damage":17,"enemies":"Slime Boss","floor":16,"turns":17},{"damage":11,"enemies":"3 Byrds","floor":18,"turns":4},{"damage":0,"enemies":"Chosen","floor":19,"turns":11},{"damage":0,"enemies":"3 Cultists","floor":22,"turns":4},{"damage":29,"enemies":"Slavers","floor":23,"turns":4},{"damage":0,"enemies":"Book of Stabbing","floor":25,"turns":8},{"damage":16,"enemies":"Cultist and Chosen","floor":27,"turns":11},{"damage":6,"enemies":"Snake Plant","floor":28,"turns":5},{"damage":0,"enemies":"3 Cultists","floor":29,"turns":1},{"damage":0,"enemies":"Centurion and Healer","floor":30,"turns":6},{"damage":17,"enemies":"Slavers","floor":31,"turns":4},{"damage":4,"enemies":"Champ","floor":33,"turns":18},{"damage":6,"enemies":"3 Darklings","floor":35,"turns":3},{"damage":0,"enemies":"Orb Walker","floor":37,"turns":6},{"damage":24,"enemies":"Transient","floor":38,"turns":5},{"damage":25,"enemies":"Nemesis","floor":40,"turns":16},{"damage":0,"enemies":"Reptomancer","floor":42,"turns":9},{"damage":42,"enemies":"Giant Head","floor":45,"turns":12},{"damage":0,"enemies":"Sphere and 2 Shapes","floor":48,"turns":3},{"damage":0,"enemies":"Awakened One","floor":50,"turns":27}],"seed_played":"-3731056363099453161","potions_obtained":[{"floor":1.0,"key":"CunningPotion"},{"floor":3.0,"key":"DistilledChaos"},{"floor":7.0,"key":"DuplicationPotion"},{"floor":16,"key":"ColorlessPotion"},{"floor":19,"key":"SkillPotion"},{"floor":25,"key":"Fire Potion"},{"floor":33,"key":"DuplicationPotion"},{"floor":40,"key":"Fire Potion"},{"floor":45,"key":"Regen Potion"}],"is_trial":false,"path_per_floor":["M","M","M","?","M","E","M","R","T","R","M","R","M","M","R","B",null,"M","M","?","$","M","E","R","E","T","M","M","M","M","E","R","B",null,"M","?","M","M","T","E","?","E","T","?","E","R","$","M","R","B",null],"character_chosen":"THE_SILENT","items_purchased":["Toy Ornithopter","PiercingWail","Snake Skull","Acrobatics","Tactician"],"campfire_rested":2,"item_purchase_floors":[21,21,47,47,47],"current_hp_per_floor":[59,58,58,58,46,10,10,29,29,48,43,43,31,31,31,39,59,48,48,48,48,63,49,49,59,59,48,47,57,62,49,64,62,65,60,60,66,42,42,32,58,58,58,58,16,16,16,16,16,16],"gold":221,"neow_bonus":"ONE_RARE_RELIC","is_daily":false,"chose_seed":false,"campfire_upgraded":5,"win_rate":0.0,"timestamp":1609454509,"path_taken":["M","M","M","?","M","E","M","R","T","R","M","R","M","?","R","BOSS","M","M","?","$","M","E","R","E","T","M","M","?","M","E","R","BOSS","M","?","M","M","?","E","?","E","T","?","E","R","$","M","R","BOSS"],"items_purchased_type":["Relic","Card","Relic","Card","Card"],"build_version":"2020-12-22","purchased_purges":2,"victory":true,"max_hp_per_floor":[66,66,66,66,66,66,66,66,66,66,66,66,66,66,66,66,66,66,66,66,66,66,66,66,66,66,66,66,66,66,66,66,66,66,66,66,66,66,66,66,58,58,58,58,58,58,58,58,58,58],"card_choices":[{"not_picked":["Expertise","Backflip"],"picked":"Riddle With Holes","floor":1.0},{"not_picked":["Sucker Punch","Underhanded Strike"],"picked":"Caltrops","floor":2.0},{"not_picked":["Cloak And Dagger","Endless Agony"],"picked":"Footwork","floor":3.0},{"not_picked":["Predator","Flechettes","Finisher"],"picked":"SKIP","floor":5.0},{"not_picked":["Underhanded Strike","Masterful Stab","Dagger Spray"],"picked":"SKIP","floor":6.0},{"not_picked":["Dagger Throw","Quick Slash"],"picked":"Corpse Explosion","floor":7.0},{"not_picked":["Dodge and Roll","Blade Dance","Deflect"],"picked":"SKIP","floor":11.0},{"not_picked":["Blade Dance","Dodge and Roll"],"picked":"PiercingWail","floor":13},{"not_picked":["PiercingWail","Catalyst"],"picked":"Footwork","floor":14},{"not_picked":["Wraith Form v2","Night Terror"],"picked":"Venomology","floor":16},{"not_picked":["Flying Knee","Acrobatics"],"picked":"Distraction","floor":18},{"not_picked":["Heel Hook","Deadly Poison","All Out Attack"],"picked":"SKIP","floor":19},{"not_picked":["Crippling Poison","Acrobatics"],"picked":"Caltrops+1","floor":22},{"not_picked":["A Thousand Cuts","Backflip"],"picked":"Blur","floor":23},{"not_picked":["Deflect","Dash"],"picked":"PiercingWail","floor":25},{"not_picked":["Deflect","Concentrate","Deadly Poison"],"picked":"SKIP","floor":27},{"not_picked":["Deadly Poison+1","Noxious Fumes"],"picked":"Dodge and Roll+1","floor":28},{"not_picked":["Terror","Predator"],"picked":"Backflip","floor":30},{"not_picked":["Calculated Gamble","Deadly Poison+1"],"picked":"Backflip+1","floor":31},{"not_picked":["Venomology","Unload"],"picked":"Adrenaline","floor":33},{"not_picked":["Deadly Poison","Dodge and Roll"],"picked":"PiercingWail","floor":35},{"not_picked":["Bullet Time","Outmaneuver"],"picked":"Deflect","floor":37},{"not_picked":["Dagger Spray","Outmaneuver+1"],"picked":"A Thousand Cuts","floor":38},{"not_picked":["Bane","Dagger Throw"],"picked":"Poisoned Stab","floor":40},{"not_picked":["Poisoned Stab","Flechettes"],"picked":"Escape Plan","floor":42},{"not_picked":["Expertise","Flying Knee"],"picked":"Blur+1","floor":45},{"not_picked":["Prepared","Deadly Poison","Quick Slash"],"picked":"Blur","floor":48}],"player_experience":463895,"relics_obtained":[{"floor":6.0,"key":"FossilizedHelix"},{"floor":9.0,"key":"Pantograph"},{"floor":23,"key":"Blue Candle"},{"floor":23,"key":"Bottled Tornado"},{"floor":25,"key":"Oddly Smooth Stone"},{"floor":25,"key":"Pocketwatch"},{"floor":26,"key":"Happy Flower"},{"floor":31,"key":"Juzu Bracelet"},{"floor":31,"key":"Eternal Feather"},{"floor":39,"key":"Kunai"},{"floor":40,"key":"Mercury Hourglass"},{"floor":40,"key":"Bag of Marbles"},{"floor":42,"key":"Vajra"},{"floor":42,"key":"Omamori"},{"floor":43,"key":"Whetstone"},{"floor":45,"key":"Question Card"},{"floor":45,"key":"Pen Nib"}],"event_choices":[{"damage_healed":0.0,"max_hp_gain":0.0,"max_hp_loss":0.0,"gold_gain":100.0,"event_name":"Golden Shrine","player_choice":"Pray","floor":4.0,"gold_loss":0.0,"damage_taken":0.0},{"damage_healed":0,"gold_gain":0,"player_choice":"Copied","damage_taken":0,"max_hp_gain":0,"max_hp_loss":0,"event_name":"Duplicator","floor":20,"gold_loss":0,"cards_obtained":["Venomology"]},{"cards_removed":["Strike_G"],"damage_healed":0,"gold_gain":0,"player_choice":"Removed Attack","damage_taken":0,"max_hp_gain":0,"max_hp_loss":0,"event_name":"Falling","floor":36,"gold_loss":0},{"damage_healed":58,"gold_gain":0,"player_choice":"Heal","damage_taken":0,"max_hp_gain":0,"max_hp_loss":8,"event_name":"The Moai Head","floor":41,"gold_loss":0},{"damage_healed":0,"gold_gain":0,"player_choice":"Upgrade","damage_taken":0,"relics_obtained":["Mark of the Bloom"],"max_hp_gain":0,"max_hp_loss":0,"event_name":"MindBloom","floor":44,"gold_loss":0,"cards_upgraded":["Strike_G","Strike_G","Defend_G","Defend_G","Defend_G","Defend_G","Defend_G","Survivor","Caltrops","Corpse Explosion","PiercingWail","Venomology","Venomology","PiercingWail","Blur","PiercingWail","Backflip","Adrenaline","PiercingWail","Deflect","A Thousand Cuts","Poisoned Stab","Escape Plan"]}],"is_beta":false,"boss_relics":[{"not_picked":["Snecko Eye","Runic Dome"],"picked":"Black Star"},{"not_picked":["Philosopher\u0027s Stone","Ring of the Serpent"],"picked":"Coffee Dripper"}],"items_purged_floors":[21,47],"is_endless":false,"potions_floor_spawned":[1,3,5,7,16,19,25,28,33,37,40,45],"ascension_level":14}}