{"host":"dcj2yvrgcvh5dl2s","time":1609407584,"event":{"mods":["BaseMod","Better Note","Block Reminder","Colored Powertips","DeckTracker","Minty Spire (QoL Compilation)","Quick Restart","Rare Cards Sparkle","Relic Stats","StSLib"],"gold_per_floor":[113,1,1,13,88,118,138,166,191,191,191,191,210,227,227,302,302,322,322,61,72,72,72,106,106,106,156,156,156],"floor_reached":28,"playtime":1262,"items_purged":["Strike_R","Bash"],"score":511,"play_id":"dde3e9ae-5dd4-4726-a909-42c9d393c779","local_time":"20201231193944","is_ascension_mode":true,"campfire_choices":[{"floor":11,"key":"REST"},{"floor":15,"key":"REST"},{"data":"Infernal Blade","floor":23,"key":"SMITH"},{"data":"Whirlwind","floor":25,"key":"SMITH"}],"circlet_count":0,"master_deck":["AscendersBane","Strike_R","Strike_R","Strike_R","Strike_R","Defend_R","Defend_R","Defend_R","Defend_R","Disarm","Uppercut+1","Whirlwind+1","Shrug It Off","Sword Boomerang","Battle Trance","Shrug It Off","Limit Break","Heavy Blade","Infernal Blade+1"],"relics":["Burning Blood","Pen Nib","Orichalcum","Happy Flower","Coffee Dripper","Nloth\u0027s Gift","Regal Pillow","CeramicFish","Kunai"],"acts_visited":["Exordium","TheCity"],"potions_floor_usage":[8,16,16,24,28],"damage_taken":[{"damage":0,"enemies":"Cultist","floor":1,"turns":1},{"damage":0,"enemies":"Small Slimes","floor":4,"turns":1},{"damage":0,"enemies":"Gremlin Nob","floor":6,"turns":1},{"damage":0,"enemies":"2 Louse","floor":7,"turns":1},{"damage":62,"enemies":"3 Sentries","floor":8,"turns":8},{"damage":10,"enemies":"Red Slaver","floor":13,"turns":3},{"damage":4,"enemies":"Looter","floor":14,"turns":3},{"damage":27,"enemies":"Slime Boss","floor":16,"turns":11},{"damage":22,"enemies":"2 Thieves","floor":18,"turns":5},{"damage":0,"enemies":"3 Byrds","floor":21,"turns":5},{"damage":34,"enemies":"Slavers","floor":24,"turns":3},{"damage":35,"enemies":"Gremlin Leader","floor":28,"turns":6}],"seed_played":"2951170650836646651","potions_obtained":[{"floor":4,"key":"ElixirPotion"},{"floor":8,"key":"Dexterity Potion"},{"floor":13,"key":"Block Potion"},{"floor":18,"key":"Explosive Potion"},{"floor":21,"key":"SkillPotion"}],"is_trial":false,"path_per_floor":["M","$","?","M","?","E","M","E","T","?","R","?","M","M","R","B",null,"M","?","$","M","$","R","E","R","T","?","E"],"character_chosen":"IRONCLAD","items_purchased":["Uppercut","Regal Pillow"],"campfire_rested":2,"item_purchase_floors":[2,20],"current_hp_per_floor":[74,74,74,75,64,70,75,19,19,12,34,34,30,32,54,33,65,49,49,49,55,55,55,27,27,27,27,0,0],"gold":156,"neow_bonus":"THREE_ENEMY_KILL","is_daily":false,"chose_seed":false,"campfire_upgraded":2,"win_rate":0.0,"timestamp":1609407584,"path_taken":["M","$","?","?","?","E","M","E","T","?","R","?","M","M","R","BOSS","M","?","$","?","$","R","E","R","T","?","E"],"items_purchased_type":["Card","Relic"],"build_version":"2020-12-22","purchased_purges":2,"victory":false,"max_hp_per_floor":[75,75,75,75,75,75,75,75,75,75,75,75,75,75,75,75,75,75,75,75,75,75,75,75,75,75,75,75,75],"relic_stats":{"Regal Pillow":0,"Happy Flower":[12],"counters":[12,48],"CeramicFish":0,"Pen Nib":[7],"Nloth\u0027s Gift":0,"Kunai":[4],"Orichalcum":[102],"obtain_stats":[{"Regal Pillow":20,"NeowsBlessing":0,"Happy Flower":9,"CeramicFish":24,"Pen Nib":6,"Coffee Dripper":17,"Nloth\u0027s Gift":19,"Kunai":26,"Orichalcum":8,"Burning Blood":0},{"Regal Pillow":9,"NeowsBlessing":0,"Happy Flower":5,"CeramicFish":11,"Pen Nib":3,"Coffee Dripper":8,"Nloth\u0027s Gift":9,"Kunai":11,"Orichalcum":5,"Burning Blood":0},{"Regal Pillow":34,"NeowsBlessing":0,"Happy Flower":12,"CeramicFish":42,"Pen Nib":3,"Coffee Dripper":29,"Nloth\u0027s Gift":34,"Kunai":42,"Orichalcum":12,"Burning Blood":0}],"Burning Blood":60},"card_choices":[{"not_picked":["Thunderclap","Ghostly Armor"],"picked":"Disarm","floor":1},{"not_picked":["Carnage","Sever Soul"],"picked":"Whirlwind","floor":4},{"not_picked":["Battle Trance","Seeing Red"],"picked":"Shrug It Off","floor":6},{"not_picked":["Perfected Strike","Rupture"],"picked":"Sword Boomerang","floor":7},{"not_picked":["Burning Pact","Bloodletting"],"picked":"Battle Trance","floor":8},{"not_picked":["Clash","Ghostly Armor","Second Wind"],"picked":"SKIP","floor":13},{"not_picked":["Twin Strike","Cleave"],"picked":"Shrug It Off","floor":14},{"not_picked":["Impervious","Fiend Fire"],"picked":"Limit Break","floor":16},{"not_picked":["Wild Strike","Iron Wave"],"picked":"Heavy Blade","floor":18},{"not_picked":["True Grit","Cleave"],"picked":"Infernal Blade","floor":21},{"not_picked":["Warcry","Corruption","Perfected Strike"],"picked":"SKIP","floor":24}],"player_experience":2126677,"relics_obtained":[{"floor":6,"key":"Pen Nib"},{"floor":8,"key":"Orichalcum"},{"floor":9,"key":"Happy Flower"},{"floor":24,"key":"CeramicFish"},{"floor":26,"key":"Kunai"}],"event_choices":[{"damage_healed":0,"gold_gain":0,"player_choice":"Cursed","damage_taken":0,"max_hp_gain":0,"max_hp_loss":0,"event_name":"Wheel of Change","floor":3,"gold_loss":0,"cards_obtained":["Decay"]},{"damage_healed":0,"gold_gain":75,"player_choice":"Gather Gold","damage_taken":11,"max_hp_gain":0,"max_hp_loss":0,"event_name":"World of Goop","floor":5,"gold_loss":0},{"cards_removed":["Decay"],"damage_healed":0,"gold_gain":0,"player_choice":"Card Removal","damage_taken":7,"max_hp_gain":0,"max_hp_loss":0,"event_name":"Golden Wing","floor":10,"gold_loss":0},{"damage_healed":0,"gold_gain":0,"player_choice":"Grow","damage_taken":0,"max_hp_gain":0,"max_hp_loss":0,"event_name":"Living Wall","floor":12,"gold_loss":0,"cards_upgraded":["Uppercut"]},{"damage_healed":0,"gold_gain":0,"player_choice":"Traded Relic","damage_taken":0,"relics_obtained":["Nloth\u0027s Gift"],"max_hp_gain":0,"max_hp_loss":0,"event_name":"N\u0027loth","floor":19,"relics_lost":["NeowsBlessing"],"gold_loss":0},{"damage_healed":0,"gold_gain":50,"player_choice":"Stole From Cult","damage_taken":0,"max_hp_gain":0,"max_hp_loss":0,"event_name":"Nest","floor":27,"gold_loss":0}],"is_beta":false,"boss_relics":[{"not_picked":["Tiny House","Runic Pyramid"],"picked":"Coffee Dripper"}],"items_purged_floors":[2,20],"is_endless":false,"potions_floor_spawned":[4,8,13,18,21],"killed_by":"Gremlin Leader","ascension_level":18}}