{"host":"btkahjvw3wdsn6lk","time":1609438556,"event":{"mods":["ATMod(阿瑾Mod)","Act Like it!","BaseMod","Dota2Spire","Gensokyo","Highlight Path","Minty Spire (QoL Compilation)","RumiaBox-露米娅的神秘盒子","Spicy Shops","StSLib","The Alterego"],"gold_per_floor":[118,791,801,801,801,801,834,834,834,834,694,694,713,494,494,594,594,613,563,577,827,839,839,266,281,355,625,625,660,660,660,660,758,758,776,776,776,476,488,522,522,589,660,660,674,690,600,616,616,616,616,616,116,151,151],"floor_reached":56,"playtime":5193,"items_purged":["alterego_mod:Strike","alterego_mod:Strike","alterego_mod:Defend"],"score":2344,"play_id":"7275afc7-594a-4374-ad12-2750bf6c18ce","local_time":"20210101021556","is_ascension_mode":true,"campfire_choices":[{"data":"AT_TwilightShroud","floor":6.0,"key":"SMITH"},{"data":"alterego_mod:TrickOrTreatment","floor":8.0,"key":"SMITH"},{"data":"Gensokyo:SlitMouthedWoman","floor":10.0,"key":"SMITH"},{"data":"alterego_mod:BigMeatyClaws","floor":12.0,"key":"SMITH"},{"data":"alterego_mod:DiscoLights","floor":15.0,"key":"SMITH"},{"floor":23.0,"key":"RECALL"},{"data":"alterego_mod:TrickOrTreatment","floor":28.0,"key":"SMITH"},{"data":"alterego_mod:DiscoLights","floor":30.0,"key":"SMITH"},{"data":"alterego_mod:DiscoLights","floor":32.0,"key":"SMITH"},{"data":"alterego_mod:TrickOrTreatment","floor":41.0,"key":"SMITH"},{"data":"alterego_mod:DiscoLights","floor":44.0,"key":"SMITH"},{"data":"alterego_mod:DiscoLights","floor":49.0,"key":"SMITH"},{"data":"alterego_mod:Cushion","floor":52.0,"key":"SMITH"}],"circlet_count":0,"master_deck":["alterego_mod:Defend","alterego_mod:Defend","alterego_mod:Impale","alterego_mod:BigMeatyClaws+1","alterego_mod:BrynhildrsRune","AT_TwilightShroud+1","alterego_mod:BreastValley","Gensokyo:SlitMouthedWoman+1","alterego_mod:RingBreak","alterego_mod:TrickOrTreatment+1","alterego_mod:DiscoLights+1","alterego_mod:DiscoLights+1","alterego_mod:TrickOrTreatment+1","alterego_mod:DiscoLights+1","alterego_mod:DiscoLights+1","Gensokyo:MenInBlack","alterego_mod:Cushion+1","alterego_mod:IndependentAction","alterego_mod:BreastValley","Shiv","alterego_mod:TrickOrTreatment+1","AT_EmpoweredMortalDraw","alterego_mod:PresenceConcealment+1","Gensokyo:ReactiveArmor","alterego_mod:Venus","alterego_mod:DiscoLights+1","alterego_mod:TrashNCrash+1","alterego_mod:Table+1","alterego_mod:DiscoLights+1","Gensokyo:CustomPotion","alterego_mod:Nekomimi+1","alterego_mod:DiscoLights"],"relics":["alterego_mod:MasochisticConstitution","AT_ATBox","NeowsBlessing","Baka","White Beast Statue","Prayer Wheel","SecretRecord","AT_SeraphEmbrace","Dota2Spire:HeartOfTarrasque","Dota2Spire:RefresherOrb","Chemical X","Medical Kit","Dota2Spire:LinkenSphere","Strawberry","Gambling Chip","AT_MortalBlade","Strawberry","Dota2Spire:PowerTreads","Dota2Spire:UrnOfShadows","Bottled Flame","ClockworkSouvenir","Centennial Puzzle","SSSystem","AT_RabadonDeathcap"],"acts_visited":["Exordium","Gensokyo:Gensokyo","Gensokyo:Gensokyoer","TheEnding"],"potions_floor_usage":[55,55,55,55,55,55,55,55,55],"damage_taken":[{"damage":2.0,"enemies":"Gensokyo:Python","floor":1.0,"turns":3.0},{"damage":6.0,"enemies":"Gensokyo:3_Fairies","floor":3.0,"turns":4.0},{"damage":0.0,"enemies":"Gensokyo:Mamizou","floor":7.0,"turns":9.0},{"damage":3.0,"enemies":"Gensokyo:2_Kodama","floor":13.0,"turns":8.0},{"damage":0.0,"enemies":"Gensokyo:Kokoro","floor":16.0,"turns":11.0},{"damage":4.0,"enemies":"Gensokyo:3_Dogs","floor":18.0,"turns":10.0},{"damage":0.0,"enemies":"Gensokyo:CosmicMonolith","floor":20.0,"turns":9.0},{"damage":18.0,"enemies":"Gensokyo:3_Gloops","floor":22.0,"turns":9.0},{"damage":0.0,"enemies":"Gensokyo:Wraith","floor":25.0,"turns":8.0},{"damage":2.0,"enemies":"Gensokyo:Swordslinger","floor":27.0,"turns":9.0},{"damage":1.0,"enemies":"Gensokyo:Reisen","floor":29.0,"turns":10.0},{"damage":0.0,"enemies":"Gensokyo:Eiki","floor":33.0,"turns":13.0},{"damage":0.0,"enemies":"Gensokyo:3_Boulders","floor":35.0,"turns":1.0},{"damage":0.0,"enemies":"Gensokyo:AncientGuardian","floor":39.0,"turns":1.0},{"damage":10.0,"enemies":"Gensokyo:Kasen","floor":40.0,"turns":8.0},{"damage":6.0,"enemies":"Gensokyo:Marisa","floor":42.0,"turns":8.0},{"damage":22.0,"enemies":"Gensokyo:Rafflesia","floor":45.0,"turns":8.0},{"damage":0.0,"enemies":"Gensokyo:Dusk_and_Dawn","floor":46.0,"turns":3.0},{"damage":0.0,"enemies":"Gensokyo:Sharpion","floor":48.0,"turns":8.0},{"damage":0.0,"enemies":"Gensokyo:Scarlet_Devils","floor":50.0,"turns":9.0},{"damage":35,"enemies":"Shield and Spear","floor":54,"turns":8},{"damage":11,"enemies":"The Heart","floor":55,"turns":6}],"seed_played":"-7988531327248367109","potions_obtained":[{"floor":3.0,"key":"Fire Potion"},{"floor":13.0,"key":"CultistPotion"},{"floor":16.0,"key":"Dota2Spire:Clarity"},{"floor":20.0,"key":"Fruit Juice"},{"floor":22.0,"key":"Dexterity Potion"},{"floor":25.0,"key":"EssenceOfSteel"},{"floor":29.0,"key":"LiquidMemories"},{"floor":40.0,"key":"EntropicBrew"},{"floor":42.0,"key":"Block Potion"}],"is_trial":false,"path_per_floor":["M","COS","M","?","?","R","E","R","T","R","?","R","M","$","R","B",null,"M","?","M","?","M","R","COS","M","T","M","R","E","R","?","R","B",null,"M","?","?","$","M","E","R","E","T","R","M","M","?","M","R","B",null,"R","$","E","B",null],"character_chosen":"The_Alterego","items_purchased":["AT_ArchangelStaff","alterego_mod:DiscoLights","Dota2Spire:PowerTreads","ClockworkSouvenir","Centennial Puzzle","SSSystem"],"campfire_rested":0,"item_purchase_floors":[14,38,38,53,53,53],"current_hp_per_floor":[71,71,66,66,66,66,72,72,72,72,72,72,70,70,70,81,81,82,89,94,89,86,86,86,90,90,90,90,99,99,99,99,99,99,106,106,106,106,106,107,107,108,108,108,87,101,101,109,109,109,109,109,109,110,100],"gold":151,"neow_bonus":"THREE_ENEMY_KILL","is_daily":false,"chose_seed":false,"campfire_upgraded":12,"win_rate":0.0,"timestamp":1609438556,"path_taken":["M","COS","M","?","?","R","E","R","T","R","?","R","M","$","R","BOSS","M","?","?","?","M","R","COS","M","T","M","R","E","R","?","R","BOSS","M","?","?","$","M","E","R","E","T","R","?","M","?","M","R","BOSS","R","$","E","BOSS"],"items_purchased_type":["Relic","Card","Relic","Relic","Relic","Relic"],"build_version":"2020-12-22","purchased_purges":3,"victory":true,"max_hp_per_floor":[71,71,72,72,72,72,72,72,72,72,72,72,73,73,73,81,81,82,89,94,89,90,90,90,90,90,91,91,99,99,99,99,99,99,106,106,106,106,106,107,107,108,108,108,109,109,109,109,109,109,109,109,109,110,111],"card_choices":[{"not_picked":["alterego_mod:DeftHands","alterego_mod:Jiggle"],"picked":"alterego_mod:BreastValley","floor":1.0},{"not_picked":["alterego_mod:Pet","alterego_mod:PurpleHair","alterego_mod:Maid"],"picked":"SKIP","floor":3.0},{"not_picked":["alterego_mod:Belle","alterego_mod:HighServant"],"picked":"alterego_mod:RingBreak","floor":5.0},{"not_picked":["alterego_mod:Bounce","alterego_mod:Lingerie"],"picked":"alterego_mod:TrickOrTreatment","floor":7.0},{"not_picked":["alterego_mod:Lingerie","alterego_mod:1TonWallop"],"picked":"alterego_mod:DiscoLights","floor":13.0},{"not_picked":["alterego_mod:DeftHands","alterego_mod:GoddessCore"],"picked":"alterego_mod:DiscoLights","floor":13.0},{"not_picked":["alterego_mod:Rake","alterego_mod:Alter"],"picked":"alterego_mod:TrickOrTreatment","floor":16.0},{"not_picked":["alterego_mod:PerceptionDisorder","alterego_mod:Skirt"],"picked":"alterego_mod:DiscoLights","floor":18.0},{"not_picked":["alterego_mod:1TonWallop","alterego_mod:SakuraLabyrinth","alterego_mod:Valentines"],"picked":"SKIP","floor":18.0},{"not_picked":["alterego_mod:DeftHands","alterego_mod:PerceptionDisorder+1","alterego_mod:Rip"],"picked":"SKIP","floor":20.0},{"not_picked":["alterego_mod:MagicResistance","alterego_mod:GoddessCore","alterego_mod:Mirror"],"picked":"SKIP","floor":20.0},{"not_picked":["alterego_mod:Pet","alterego_mod:TrashNCrash+1"],"picked":"alterego_mod:DiscoLights","floor":22.0},{"not_picked":["alterego_mod:Stockings+1","alterego_mod:Clap+1","alterego_mod:Mirror"],"picked":"SKIP","floor":22.0},{"not_picked":["alterego_mod:Table","alterego_mod:Valkyrie"],"picked":"alterego_mod:Cushion","floor":25.0},{"not_picked":["alterego_mod:Punishment","alterego_mod:SakuraPetals+1"],"picked":"alterego_mod:IndependentAction","floor":25.0},{"not_picked":["alterego_mod:Skirt","alterego_mod:Bloomers","alterego_mod:PerceptionDisorder"],"picked":"SKIP","floor":27.0},{"not_picked":["alterego_mod:Complex","alterego_mod:Cycle+1","alterego_mod:Alter"],"picked":"SKIP","floor":27.0},{"not_picked":["alterego_mod:BusterCard+1","alterego_mod:Support"],"picked":"alterego_mod:BreastValley","floor":29.0},{"not_picked":["alterego_mod:GIGAMILK","alterego_mod:Vow"],"picked":"alterego_mod:TrickOrTreatment","floor":33.0},{"not_picked":["alterego_mod:Rip","alterego_mod:RocketPunch+1"],"picked":"alterego_mod:PresenceConcealment+1","floor":35.0},{"not_picked":["alterego_mod:Jiggle","alterego_mod:1TonWallop","alterego_mod:Valentines"],"picked":"SKIP","floor":35.0},{"not_picked":["alterego_mod:BustOut","alterego_mod:Bounce","alterego_mod:Cycle+1"],"picked":"SKIP","floor":39.0},{"not_picked":["alterego_mod:BiFurious","alterego_mod:IndependentAction+1","alterego_mod:Cycle+1"],"picked":"SKIP","floor":39.0},{"not_picked":["alterego_mod:BiFurious+1","alterego_mod:ClassAdvantage"],"picked":"alterego_mod:TrashNCrash+1","floor":40.0},{"not_picked":["alterego_mod:PerceptionDisorder","alterego_mod:MagicResistance"],"picked":"alterego_mod:Table+1","floor":42.0},{"not_picked":["alterego_mod:TrashNCrash+1","alterego_mod:Bounce+1"],"picked":"alterego_mod:DiscoLights+1","floor":45.0},{"not_picked":["alterego_mod:Antipathy","alterego_mod:Cycle+1","alterego_mod:Jiggle"],"picked":"SKIP","floor":45.0},{"not_picked":["alterego_mod:Cycle","alterego_mod:ChallengeComplete","alterego_mod:GachaTicket+1"],"picked":"SKIP","floor":46.0},{"not_picked":["alterego_mod:Maid","alterego_mod:Swimsuit+1","alterego_mod:BoobPocket+1"],"picked":"SKIP","floor":46.0},{"not_picked":["alterego_mod:Schoolgirl+1","alterego_mod:Cooking+1"],"picked":"alterego_mod:Nekomimi+1","floor":48.0},{"not_picked":["alterego_mod:BiFurious+1","alterego_mod:BustOut+1","alterego_mod:GachaTicket"],"picked":"SKIP","floor":48.0},{"not_picked":["alterego_mod:Exercise","alterego_mod:Cushion"],"picked":"alterego_mod:DiscoLights","floor":54}],"player_experience":403044,"relics_obtained":[{"floor":1.0,"key":"Baka"},{"floor":7.0,"key":"White Beast Statue"},{"floor":9.0,"key":"Ccalipers"},{"floor":26.0,"key":"Dota2Spire:LinkenSphere"},{"floor":29.0,"key":"Strawberry"},{"floor":35.0,"key":"Strawberry"},{"floor":40.0,"key":"Dota2Spire:UrnOfShadows"},{"floor":42.0,"key":"Bottled Flame"},{"floor":54,"key":"AT_RabadonDeathcap"}],"event_choices":[],"is_beta":false,"boss_relics":[{"not_picked":["SoulBox","Runic Pyramid"],"picked":"Dota2Spire:RefresherOrb"},{"not_picked":["Runic Dome","Cursed Key"],"picked":"AT_MortalBlade"}],"items_purged_floors":[14,38,53],"is_endless":false,"potions_floor_spawned":[3,13,16,18,20,22,25,27,29,33,35,39,40,42,45,46,48,54],"ascension_level":3}}