{"host":"963ykkbusvcbqwtq","time":1609410368,"event":{"mods":["2.2 Compatiblity","AchievementEnabler","Arknights The Spire","BaseMod","Colored Map","GifTheSpireLib","GungeonMod","Lobotomy","Luminous","Minty Spire (QoL Compilation)","StSLib","SuperFastMode","The Bug Knight"],"gold_per_floor":[111,130,148,419,369,369,369],"floor_reached":6,"playtime":179,"items_purged":["DemoMod:Strike_Huntress"],"score":65,"play_id":"5ecb4e50-61db-4d8d-b6a9-e3e89a267cdb","local_time":"20201231192608","is_ascension_mode":true,"campfire_choices":[],"circlet_count":0,"master_deck":["DemoMod:Strike_Huntress","DemoMod:Defend_Huntress","DemoMod:Defend_Huntress","DemoMod:Defend_Huntress","DemoMod:Defend_Huntress","DemoMod:Roll","DemoMod:ManualReload","DemoMod:RustySidearm","DemoMod:CrossBow","DemoMod:TripleGun","DemoMod:SpreadAmmo","DemoMod:BattleInHaste"],"relics":["DemoMod:Dog","CogitoBucket","RabbitCall","Omamori","HornCleat","DemoMod:GnawedKey"],"acts_visited":["Exordium"],"potions_floor_usage":[],"damage_taken":[{"damage":4,"enemies":"Jaw Worm","floor":1,"turns":5},{"damage":0,"enemies":"2 Louse","floor":2,"turns":2},{"damage":0,"enemies":"Small Slimes","floor":3,"turns":3},{"damage":76,"enemies":"Lagavulin","floor":6,"turns":14}],"seed_played":"-4228924740683535717","potions_obtained":[{"floor":2,"key":"SpeedPotion"}],"is_trial":false,"path_per_floor":["M","M","M","$","?","E"],"character_chosen":"HUNTRESS","items_purchased":["Omamori","HornCleat","DemoMod:GnawedKey","DemoMod:SpreadAmmo","DemoMod:BattleInHaste"],"campfire_rested":0,"item_purchase_floors":[4,4,4,4,4],"current_hp_per_floor":[66,66,66,66,66,0,0],"gold":369,"neow_bonus":"","is_daily":false,"chose_seed":false,"campfire_upgraded":0,"win_rate":0.0,"timestamp":1609410368,"path_taken":["M","M","M","$","?","E"],"items_purchased_type":["Relic","Relic","Relic","Card","Card"],"build_version":"2020-12-22","purchased_purges":1,"victory":false,"max_hp_per_floor":[70,70,70,70,70,70,70],"card_choices":[{"not_picked":["DemoMod:Ejector","DemoMod:Rummage","DemoMod:Polaris"],"picked":"SKIP","floor":1},{"not_picked":["DemoMod:BoxingGlove","DemoMod:ChanceBullets"],"picked":"DemoMod:TripleGun","floor":2},{"not_picked":["DemoMod:TeaPot","DemoMod:BoxingGlove","DemoMod:Camera"],"picked":"SKIP","floor":3}],"player_experience":221814,"relics_obtained":[],"event_choices":[{"cards_removed":["DemoMod:Strike_Huntress"],"damage_healed":0,"gold_gain":0,"player_choice":"Card Removal","damage_taken":0,"max_hp_gain":0,"max_hp_loss":0,"event_name":"The Cleric","floor":5,"gold_loss":50}],"is_beta":false,"boss_relics":[],"items_purged_floors":[4],"is_endless":false,"potions_floor_spawned":[2],"killed_by":"Lagavulin","ascension_level":2}}