{"host":"0cgp910o8339lr91","time":1609388996,"event":{"mods":["BaseMod","Colored Map","Filter the Spire","Minty Spire (QoL Compilation)","Relic Stats","Slay-I","ojb\u0027s Better Paths Mod","ojb\u0027s Info Mod"],"gold_per_floor":[109,124,124,138,151,183,200,227,276,304,304,304,320,348,348,348,348],"floor_reached":16,"playtime":1197,"items_purged":[],"score":264,"play_id":"656f53da-88af-4744-8f74-18bc89e38f3f","local_time":"20201231052956","is_ascension_mode":true,"campfire_choices":[{"data":"Blade Dance","floor":12.0,"key":"SMITH"},{"data":"After Image","floor":15.0,"key":"SMITH"}],"circlet_count":0,"master_deck":["AscendersBane","Strike_G","Strike_G","Strike_G+1","Strike_G","Strike_G","Defend_G","Defend_G","Defend_G","Defend_G+1","Defend_G","Survivor","Neutralize","Underhanded Strike","Blade Dance+1","Dagger Spray","Dagger Throw","Deflect","Acrobatics","Terror","Cloak And Dagger","Neutralize","After Image+1"],"relics":["WristBlade","Boot","Sundial","Smiling Mask","Pear","MealTicket"],"acts_visited":["Exordium"],"potions_floor_usage":[16,16],"damage_taken":[{"damage":2.0,"enemies":"Small Slimes","floor":1.0,"turns":5.0},{"damage":2.0,"enemies":"2 Louse","floor":2.0,"turns":3.0},{"damage":0.0,"enemies":"Cultist","floor":4.0,"turns":2.0},{"damage":0.0,"enemies":"Looter","floor":5.0,"turns":2.0},{"damage":9.0,"enemies":"Lagavulin","floor":6.0,"turns":5.0},{"damage":1.0,"enemies":"Exordium Wildlife","floor":7.0,"turns":2.0},{"damage":3.0,"enemies":"3 Sentries","floor":8.0,"turns":5.0},{"damage":8.0,"enemies":"Gremlin Nob","floor":10.0,"turns":3.0},{"damage":0.0,"enemies":"2 Fungi Beasts","floor":13.0,"turns":2.0},{"damage":5.0,"enemies":"3 Sentries","floor":14.0,"turns":7.0},{"damage":17,"enemies":"Slime Boss","floor":16,"turns":7}],"seed_played":"24917834624228047","potions_obtained":[{"floor":1.0,"key":"Block Potion"},{"floor":4.0,"key":"Ancient Potion"},{"floor":5.0,"key":"CunningPotion"},{"floor":7.0,"key":"CunningPotion"},{"floor":10.0,"key":"DuplicationPotion"},{"floor":14.0,"key":"Explosive Potion"}],"is_trial":false,"path_per_floor":["M","M","?","M","M","E","M","E","T","E","?","R","M","E","R","B"],"character_chosen":"THE_SILENT","items_purchased":[],"campfire_rested":0,"item_purchase_floors":[],"current_hp_per_floor":[57,55,35,35,35,26,25,22,22,24,24,24,24,19,19,2,2],"gold":348,"neow_bonus":"BOSS_RELIC","is_daily":false,"chose_seed":false,"campfire_upgraded":2,"win_rate":0.0,"timestamp":1609388996,"path_taken":["M","M","?","M","M","E","M","E","T","E","?","R","?","E","R","BOSS"],"items_purchased_type":[],"build_version":"2020-12-22","purchased_purges":0,"victory":false,"max_hp_per_floor":[66,66,66,66,66,66,66,66,66,76,76,76,76,76,76,76,76],"relic_stats":{"counters":[11,43],"Sundial":[0],"MealTicket":0,"Boot":[43],"Smiling Mask":0,"obtain_stats":[{"Pear":10,"WristBlade":0,"Sundial":8,"MealTicket":14,"Boot":6,"Smiling Mask":9,"Ring of the Snake":0},{"Pear":8,"WristBlade":0,"Sundial":7,"MealTicket":10,"Boot":5,"Smiling Mask":7,"Ring of the Snake":0},{"Pear":27,"WristBlade":0,"Sundial":24,"MealTicket":36,"Boot":17,"Smiling Mask":24,"Ring of the Snake":0}]},"card_choices":[{"not_picked":["Deadly Poison","Outmaneuver"],"picked":"Underhanded Strike","floor":1.0},{"not_picked":["Deadly Poison","Predator"],"picked":"Blade Dance","floor":2.0},{"not_picked":["Dodge and Roll","Deadly Poison"],"picked":"Dagger Spray","floor":4.0},{"not_picked":["Deadly Poison","Poisoned Stab"],"picked":"Dagger Throw","floor":5.0},{"not_picked":["Expertise","Underhanded Strike"],"picked":"Deflect","floor":6.0},{"not_picked":["Predator","Underhanded Strike"],"picked":"Acrobatics","floor":7.0},{"not_picked":["Tactician","Escape Plan"],"picked":"Terror","floor":8.0},{"not_picked":["Quick Slash","Bane","Poisoned Stab"],"picked":"SKIP","floor":10.0},{"not_picked":["Escape Plan","Quick Slash"],"picked":"After Image","floor":13.0},{"not_picked":["Bane","Expertise","Eviscerate"],"picked":"SKIP","floor":14.0}],"player_experience":1279388,"relics_obtained":[{"floor":6.0,"key":"Boot"},{"floor":8.0,"key":"Sundial"},{"floor":9.0,"key":"Smiling Mask"},{"floor":10.0,"key":"Pear"},{"floor":14.0,"key":"MealTicket"}],"event_choices":[{"damage_healed":0.0,"max_hp_gain":0.0,"max_hp_loss":0.0,"gold_gain":0.0,"event_name":"Shining Light","player_choice":"Entered Light","floor":3.0,"gold_loss":0.0,"damage_taken":20.0,"cards_upgraded":["Defend_G","Strike_G"]},{"damage_healed":0.0,"max_hp_gain":0.0,"max_hp_loss":0.0,"gold_gain":0.0,"event_name":"Match and Keep!","player_choice":"2 cards matched","floor":11.0,"gold_loss":0.0,"damage_taken":0.0,"cards_obtained":["Cloak And Dagger","Neutralize"]},{"damage_healed":0.0,"max_hp_gain":0.0,"max_hp_loss":0.0,"gold_gain":0.0,"event_name":"Match and Keep!","player_choice":"2 cards matched","floor":11.0,"gold_loss":0.0,"damage_taken":0.0,"cards_obtained":["Cloak And Dagger","Neutralize"]}],"is_beta":false,"boss_relics":[],"items_purged_floors":[],"is_endless":false,"potions_floor_spawned":[1,4,5,7,10,14],"killed_by":"Slime Boss","ascension_level":20}}