{"host":"qc268ltokmxwqyrx","time":1609449330,"event":{"mods":["BaseMod","Colored Map","Colored Powertips","Minty Spire (QoL Compilation)","Relic Stats","Slay the Relics Exporter","StSLib","ojb\u0027s Info Mod"],"gold_per_floor":[112,132,195,120,35,64,64,96,122,140,173,173,190,209,209,283,283,296,313,363,377,392,392,404,55,106,137,137,171,186,186,186,260,260,276,8,25,43,55,83,96,128,152,152,27,58,58,83,83,83,83,83,83,30,62,62],"floor_reached":57,"playtime":3949,"items_purged":["Finisher","Neutralize","Setup"],"score":2904,"play_id":"6a1312d7-94a1-4bf0-89d7-f3b65cca2811","local_time":"20201231151530","is_ascension_mode":true,"campfire_choices":[{"floor":7.0,"key":"REST"},{"floor":12.0,"key":"REST"},{"floor":15.0,"key":"RECALL"},{"floor":23.0,"key":"REST"},{"floor":32.0,"key":"REST"},{"floor":44.0,"key":"REST"},{"floor":49.0,"key":"REST"},{"floor":53.0,"key":"REST"}],"circlet_count":0,"master_deck":["AscendersBane","Survivor","Predator","Acrobatics","Dash","Flying Knee","Tools of the Trade","PiercingWail","Leg Sweep","Eviscerate","Venomology","Terror","Bane","Crippling Poison","Catalyst","Caltrops","Wraith Form v2","Poisoned Stab","Tactician","Backflip","Night Terror","Envenom","Reflex","Acrobatics","Bullet Time","Acrobatics"],"relics":["Fusion Hammer","Regal Pillow","Ornamental Fan","Strawberry","Potion Belt","Pandora\u0027s Box","TwistedFunnel","PreservedInsect","Juzu Bracelet","Orichalcum","Art of War","Snecko Eye","Toy Ornithopter","Blood Vial","Bottled Tornado","Anchor","Pocketwatch","Pear"],"acts_visited":["Exordium","TheCity","TheBeyond","TheEnding"],"potions_floor_usage":[56,56,56,56,56],"damage_taken":[{"damage":0.0,"enemies":"2 Louse","floor":1.0,"turns":3.0},{"damage":8.0,"enemies":"Cultist","floor":2.0,"turns":4.0},{"damage":31.0,"enemies":"Lagavulin","floor":6.0,"turns":9.0},{"damage":25.0,"enemies":"Gremlin Nob","floor":8.0,"turns":4.0},{"damage":0.0,"enemies":"Jaw Worm","floor":10.0,"turns":3.0},{"damage":5.0,"enemies":"3 Sentries","floor":11.0,"turns":7.0},{"damage":6.0,"enemies":"Large Slime","floor":13.0,"turns":6.0},{"damage":0.0,"enemies":"2 Fungi Beasts","floor":14.0,"turns":3.0},{"damage":11.0,"enemies":"The Guardian","floor":16.0,"turns":15.0},{"damage":12.0,"enemies":"3 Byrds","floor":18.0,"turns":4.0},{"damage":9.0,"enemies":"Spheric Guardian","floor":19.0,"turns":5.0},{"damage":18.0,"enemies":"Snake Plant","floor":21.0,"turns":4.0},{"damage":32.0,"enemies":"Centurion and Healer","floor":22.0,"turns":8.0},{"damage":22.0,"enemies":"Cultist and Chosen","floor":24.0,"turns":8.0},{"damage":0.0,"enemies":"Slavers","floor":27.0,"turns":4.0},{"damage":11.0,"enemies":"Book of Stabbing","floor":29.0,"turns":5.0},{"damage":0.0,"enemies":"Chosen and Byrds","floor":30.0,"turns":4.0},{"damage":3.0,"enemies":"Collector","floor":33.0,"turns":8.0},{"damage":0.0,"enemies":"3 Darklings","floor":35.0,"turns":3.0},{"damage":3.0,"enemies":"3 Shapes","floor":37.0,"turns":4.0},{"damage":25.0,"enemies":"Transient","floor":38.0,"turns":6.0},{"damage":0.0,"enemies":"3 Darklings","floor":39.0,"turns":4.0},{"damage":0.0,"enemies":"Nemesis","floor":40.0,"turns":4.0},{"damage":0.0,"enemies":"Spire Growth","floor":41.0,"turns":4.0},{"damage":0.0,"enemies":"Reptomancer","floor":42.0,"turns":4.0},{"damage":0.0,"enemies":"Giant Head","floor":46.0,"turns":5.0},{"damage":0.0,"enemies":"Mind Bloom Boss Battle","floor":48.0,"turns":4.0},{"damage":12.0,"enemies":"Donu and Deca","floor":50.0,"turns":7.0},{"damage":16.0,"enemies":"Awakened One","floor":51.0,"turns":7.0},{"damage":24.0,"enemies":"Shield and Spear","floor":55.0,"turns":7.0},{"damage":70,"enemies":"The Heart","floor":56,"turns":7}],"seed_played":"-5717653570458667206","potions_obtained":[{"floor":1.0,"key":"ColorlessPotion"},{"floor":6.0,"key":"SkillPotion"},{"floor":10.0,"key":"Explosive Potion"},{"floor":11.0,"key":"Poison Potion"},{"floor":14.0,"key":"PowerPotion"},{"floor":19.0,"key":"FearPotion"},{"floor":22.0,"key":"Swift Potion"},{"floor":30.0,"key":"Fire Potion"},{"floor":35.0,"key":"GamblersBrew"},{"floor":46.0,"key":"CultistPotion"}],"is_trial":false,"path_per_floor":["M","M","?","?","$","E","R","E","T","M","E","R","M","M","R","B",null,"M","M","?","M","M","R","M","$","T","E","?","E","M","T","R","B",null,"M","$","M","M","M","E","M","E","T","R","$","E","?","?","R","B","B",null,"R","$","E","B",null],"character_chosen":"THE_SILENT","items_purchased":["Dash","TwistedFunnel","EntropicBrew","Toy Ornithopter","Poison Potion"],"campfire_rested":7,"item_purchase_floors":[5,25,25,36,54],"current_hp_per_floor":[59,51,51,51,51,20,54,29,36,36,31,67,61,61,61,50,67,55,46,46,28,11,47,25,25,25,25,25,14,14,14,50,47,67,67,67,69,63,68,73,73,73,73,73,73,73,63,70,73,66,57,69,73,73,64,21],"gold":62,"neow_bonus":"BOSS_RELIC","is_daily":false,"chose_seed":false,"campfire_upgraded":0,"win_rate":0.0,"timestamp":1609449330,"path_taken":["M","M","?","?","$","E","R","E","T","M","E","R","M","M","R","BOSS","M","M","?","M","?","R","M","$","T","E","?","E","M","?","R","BOSS","M","$","M","M","M","E","M","E","T","R","$","E","?","?","R","BOSS","BOSS","R","$","E","BOSS"],"items_purchased_type":["Card","Relic","Potion","Relic","Potion"],"build_version":"2020-12-22","purchased_purges":3,"victory":true,"max_hp_per_floor":[66,66,66,66,66,66,66,66,73,73,73,73,73,73,73,73,73,73,73,73,73,73,73,73,73,73,73,73,73,73,73,73,73,73,73,73,73,73,73,73,73,73,73,73,73,73,73,73,73,73,73,73,73,73,83,83],"relic_stats":{"Regal Pillow":60,"counters":[31,170],"PreservedInsect":402,"Juzu Bracelet":0,"Orichalcum":[138],"Blood Vial":6,"Ornamental Fan":[224],"Snecko Eye":[172,149,174,145],"Pandora\u0027s Box":["Terror","Bane","Crippling Poison","Catalyst","Caltrops","Setup","Finisher","Wraith Form v2","Poisoned Stab"],"Art of War":[8],"obtain_stats":[{"Potion Belt":11,"TwistedFunnel":25,"Regal Pillow":6,"Pear":55,"PreservedInsect":26,"Juzu Bracelet":27,"Orichalcum":29,"Bottled Tornado":42,"Blood Vial":40,"Anchor":46,"Ornamental Fan":8,"Strawberry":9,"Snecko Eye":34,"Pandora\u0027s Box":17,"Fusion Hammer":0,"Art of War":31,"Toy Ornithopter":36,"Ring of the Snake":0,"Pocketwatch":48},{"Potion Belt":6,"TwistedFunnel":14,"Regal Pillow":3,"Pear":30,"PreservedInsect":14,"Juzu Bracelet":15,"Orichalcum":16,"Bottled Tornado":25,"Blood Vial":23,"Anchor":26,"Ornamental Fan":4,"Strawberry":4,"Snecko Eye":18,"Pandora\u0027s Box":9,"Fusion Hammer":0,"Art of War":17,"Toy Ornithopter":19,"Ring of the Snake":0,"Pocketwatch":27},{"Potion Belt":30,"TwistedFunnel":83,"Regal Pillow":16,"Pear":163,"PreservedInsect":83,"Juzu Bracelet":87,"Orichalcum":92,"Bottled Tornado":133,"Blood Vial":125,"Anchor":138,"Ornamental Fan":20,"Strawberry":20,"Snecko Eye":104,"Pandora\u0027s Box":54,"Fusion Hammer":0,"Art of War":96,"Toy Ornithopter":107,"Ring of the Snake":0,"Pocketwatch":142}],"Toy Ornithopter":65,"Pocketwatch":[12]},"card_choices":[{"not_picked":["Footwork","Masterful Stab"],"picked":"Predator","floor":1.0},{"not_picked":["Quick Slash","Outmaneuver"],"picked":"Acrobatics","floor":2.0},{"not_picked":["Prepared","Setup","Acrobatics"],"picked":"SKIP","floor":6.0},{"not_picked":["Terror","Dodge and Roll"],"picked":"Flying Knee","floor":8.0},{"not_picked":["Deadly Poison","Prepared"],"picked":"Tools of the Trade","floor":10.0},{"not_picked":["Blur","Bouncing Flask"],"picked":"PiercingWail","floor":11.0},{"not_picked":["Outmaneuver","Deadly Poison"],"picked":"Leg Sweep","floor":13.0},{"not_picked":["Quick Slash","Escape Plan"],"picked":"Eviscerate","floor":14.0},{"not_picked":["Wraith Form v2","Storm of Steel"],"picked":"Venomology","floor":16.0},{"not_picked":["Tactician","Setup","Slice"],"picked":"SKIP","floor":18.0},{"not_picked":["Setup","Slice"],"picked":"Tactician","floor":18.0},{"not_picked":["Deadly Poison","Dagger Spray","Concentrate"],"picked":"SKIP","floor":19.0},{"not_picked":["Dagger Spray","Slice","Flying Knee+1"],"picked":"SKIP","floor":21.0},{"not_picked":["Deadly Poison","Slice","Caltrops"],"picked":"SKIP","floor":22.0},{"not_picked":["Phantasmal Killer","Outmaneuver+1"],"picked":"Backflip","floor":24.0},{"not_picked":["Dodge and Roll","Terror"],"picked":"Night Terror","floor":27.0},{"not_picked":["Poisoned Stab","Outmaneuver","Flying Knee"],"picked":"SKIP","floor":29.0},{"not_picked":["Outmaneuver","Bane","Deflect"],"picked":"SKIP","floor":30.0},{"not_picked":["Phantasmal Killer","Grand Finale"],"picked":"Envenom","floor":33.0},{"not_picked":["Terror","Skewer","Slice"],"picked":"SKIP","floor":35.0},{"not_picked":["Outmaneuver","PiercingWail"],"picked":"Reflex","floor":37.0},{"not_picked":["Sucker Punch","Flying Knee","Dagger Spray+1"],"picked":"SKIP","floor":38.0},{"not_picked":["Poisoned Stab","Flying Knee","Dodge and Roll+1"],"picked":"SKIP","floor":39.0},{"not_picked":["Backstab","Backflip","Skewer"],"picked":"SKIP","floor":40.0},{"not_picked":["Blade Dance","Catalyst"],"picked":"Acrobatics","floor":41.0},{"not_picked":["Skewer","Distraction+1"],"picked":"Bullet Time","floor":42.0},{"not_picked":["Prepared","Sucker Punch","Dash+1"],"picked":"SKIP","floor":46.0},{"not_picked":["Poisoned Stab","Bane+1"],"picked":"Acrobatics","floor":55.0}],"player_experience":1778122,"relics_obtained":[{"floor":6.0,"key":"Regal Pillow"},{"floor":8.0,"key":"Ornamental Fan"},{"floor":9.0,"key":"Strawberry"},{"floor":11.0,"key":"Potion Belt"},{"floor":26.0,"key":"PreservedInsect"},{"floor":27.0,"key":"Juzu Bracelet"},{"floor":29.0,"key":"Orichalcum"},{"floor":31.0,"key":"Art of War"},{"floor":40.0,"key":"Blood Vial"},{"floor":42.0,"key":"Bottled Tornado"},{"floor":46.0,"key":"Anchor"},{"floor":48.0,"key":"Pocketwatch"},{"floor":55.0,"key":"Pear"}],"event_choices":[{"damage_healed":0.0,"max_hp_gain":0.0,"max_hp_loss":0.0,"gold_gain":63.0,"event_name":"Golden Wing","player_choice":"Gained Gold","floor":3.0,"gold_loss":0.0,"damage_taken":0.0},{"cards_removed":["Strike_G"],"damage_healed":0.0,"max_hp_gain":0.0,"max_hp_loss":0.0,"gold_gain":0.0,"event_name":"The Cleric","player_choice":"Card Removal","floor":4.0,"gold_loss":75.0,"damage_taken":0.0},{"damage_healed":0.0,"max_hp_gain":0.0,"max_hp_loss":0.0,"gold_gain":50.0,"event_name":"Golden Shrine","player_choice":"Pray","floor":20.0,"gold_loss":0.0,"damage_taken":0.0},{"damage_healed":0.0,"max_hp_gain":0.0,"max_hp_loss":0.0,"gold_gain":0.0,"event_name":"Cursed Tome","player_choice":"Ignored","floor":28.0,"gold_loss":0.0,"damage_taken":0.0},{"damage_healed":0.0,"max_hp_gain":0.0,"max_hp_loss":0.0,"gold_gain":0.0,"event_name":"SensoryStone","player_choice":"Memory 3","floor":47.0,"gold_loss":0.0,"damage_taken":10.0},{"damage_healed":0.0,"max_hp_gain":0.0,"max_hp_loss":0.0,"gold_gain":0.0,"event_name":"MindBloom","player_choice":"Fight","floor":48.0,"gold_loss":0.0,"damage_taken":0.0}],"is_beta":false,"boss_relics":[{"not_picked":["Runic Dome","Runic Pyramid"],"picked":"Pandora\u0027s Box"},{"not_picked":["Astrolabe","Tiny House"],"picked":"Snecko Eye"}],"items_purged_floors":[25,36,45],"is_endless":false,"potions_floor_spawned":[1,6,10,11,14,19,22,30,35,39,42,46,48],"ascension_level":20}}