{"host":"sum4dy402bbv9y4o","time":1609458982,"event":{"mods":["Aspiration","BaseMod","Conspire","Highlight Path","Minty Spire (QoL Compilation)","StSLib"],"gold_per_floor":[14,33,44,194,194,228,228,263,288,288,298,183,20,36,36,115,115,132,32,32,32,50,50,84,84,84,117,117,117,7,21,21,95,95,110,110,110,127,127,127,158,158,158,158,158,158],"floor_reached":45,"playtime":1327,"items_purged":["Doubt","Strike_P"],"score":1070,"play_id":"c579ae13-5672-418d-b274-865ec45a02db","local_time":"20210101025622","is_ascension_mode":true,"campfire_choices":[{"floor":7,"key":"REST"},{"data":"Eruption","floor":10,"key":"SMITH"},{"data":"Wallop","floor":15,"key":"SMITH"},{"floor":23,"key":"REST"},{"floor":25,"key":"REST"},{"floor":28,"key":"REST"},{"floor":32,"key":"REST"},{"floor":40,"key":"REST"}],"circlet_count":0,"master_deck":["AscendersBane","Strike_P","Defend_P","Eruption+1","Vigilance","Perseverance","EmptyBody","CarveReality","EmptyBody","FearNoEvil","EmptyMind","BowlingBash","FlurryOfBlows","Wallop+1","Tantrum","Conclude","ThirdEye+1","FlurryOfBlows+1","Blood for Blood+1","Streamline","Berserk+1","CurseOfTheBell","Flash of Steel","Predator","Reflex","Deadly Poison","Writhe","TalkToTheHand+1","Endless Agony"],"relics":["PureWater","Pear","Nunchaku","Lantern","VioletLotus","PrismaticShard","conspire:Flyswatter","Frozen Egg 2","Vajra","Calling Bell","Damaru","The Courier","CloakClasp","Darkstone Periapt","Mummified Hand"],"acts_visited":["Exordium","TheCity","TheBeyond"],"potions_floor_usage":[6,6,16,16,16,18,29,33,33,38,41],"damage_taken":[{"damage":0,"enemies":"Jaw Worm","floor":1,"turns":4},{"damage":6,"enemies":"2 Louse","floor":2,"turns":2},{"damage":0,"enemies":"Small Slimes","floor":3,"turns":2},{"damage":33,"enemies":"Gremlin Nob","floor":6,"turns":4},{"damage":13,"enemies":"Lagavulin","floor":8,"turns":7},{"damage":2,"enemies":"3 Louse","floor":11,"turns":3},{"damage":0,"enemies":"Looter","floor":14,"turns":2},{"damage":0,"enemies":"Slime Boss","floor":16,"turns":3},{"damage":22,"enemies":"2 Thieves","floor":18,"turns":3},{"damage":18,"enemies":"Shell Parasite","floor":22,"turns":4},{"damage":12,"enemies":"Book of Stabbing","floor":24,"turns":4},{"damage":33,"enemies":"Gremlin Leader","floor":27,"turns":5},{"damage":14,"enemies":"Colosseum Slavers","floor":29,"turns":3},{"damage":0,"enemies":"Snecko","floor":31,"turns":3},{"damage":48,"enemies":"Champ","floor":33,"turns":10},{"damage":26,"enemies":"Orb Walker","floor":35,"turns":4},{"damage":12,"enemies":"3 Shapes","floor":38,"turns":3},{"damage":91,"enemies":"Nemesis","floor":41,"turns":5},{"damage":38,"enemies":"Spire Growth","floor":45,"turns":3}],"seed_played":"-7230795190261882754","potions_obtained":[{"floor":1,"key":"ColorlessPotion"},{"floor":2,"key":"LiquidMemories"},{"floor":8,"key":"DistilledChaos"},{"floor":14,"key":"EntropicBrew"},{"floor":18,"key":"Dexterity Potion"},{"floor":33,"key":"Dexterity Potion"},{"floor":35,"key":"Explosive Potion"},{"floor":38,"key":"conspire:TimeTravelPotion"}],"is_trial":false,"path_per_floor":["M","M","M","?","?","E","R","E","T","R","M","$","$","M","R","B",null,"M","$","?","?","M","R","E","R","T","E","R","?","$","M","R","B",null,"M","?","?","M","?","R","E","?","T","?","M"],"character_chosen":"WATCHER","items_purchased":["Wallop","Tantrum","Conclude","FearPotion","Strength Potion"],"campfire_rested":6,"item_purchase_floors":[12,13,13,30,30],"current_hp_per_floor":[61,55,55,55,55,32,55,42,42,42,40,40,40,40,40,40,69,69,69,57,57,39,62,50,73,73,40,63,49,49,49,72,24,65,39,39,55,43,43,66,35,31,31,31,0,0],"gold":158,"neow_bonus":"TRANSFORM_TWO_CARDS","is_daily":false,"chose_seed":false,"campfire_upgraded":2,"win_rate":0.0,"timestamp":1609458982,"path_taken":["M","M","M","?","?","E","R","E","T","R","M","?","$","?","R","BOSS","M","$","?","?","M","R","E","R","T","E","R","?","?","M","R","BOSS","M","?","?","M","?","R","E","?","T","?","?"],"items_purchased_type":["Card","Card","Card","Potion","Potion"],"build_version":"2020-12-22","purchased_purges":2,"victory":false,"max_hp_per_floor":[68,68,68,68,68,78,78,78,78,78,78,78,78,78,78,78,78,78,78,78,78,78,78,78,78,78,78,78,78,78,78,78,78,78,78,78,78,78,78,78,78,78,78,78,78,78],"card_choices":[{"not_picked":["Prostrate","Crescendo"],"picked":"CarveReality","floor":1},{"not_picked":["CarveReality","ClearTheMind"],"picked":"EmptyBody","floor":2},{"not_picked":["Vengeance","BowlingBash"],"picked":"FearNoEvil","floor":3},{"not_picked":["Evaluate","InnerPeace"],"picked":"EmptyMind","floor":6},{"not_picked":["Evaluate","Pray"],"picked":"BowlingBash","floor":8},{"not_picked":["Consecrate","SashWhip"],"picked":"FlurryOfBlows","floor":11},{"not_picked":["ThirdEye","Omniscience","Study"],"picked":"SKIP","floor":14},{"not_picked":["InnerPeace","Sanctity"],"picked":"ThirdEye+1","floor":18},{"not_picked":["Crescendo+1","JustLucky"],"picked":"FlurryOfBlows+1","floor":20},{"not_picked":["Good Instincts","Crippling Poison"],"picked":"Blood for Blood+1","floor":22},{"not_picked":["Blade Dance","Crippling Poison"],"picked":"Streamline","floor":24},{"not_picked":["Hologram","PathToVictory","BowlingBash"],"picked":"SKIP","floor":27},{"not_picked":["Wireheading+1","Backflip+1","Caltrops+1"],"picked":"SKIP","floor":31},{"not_picked":["Panache+1","Night Terror"],"picked":"Berserk+1","floor":33},{"not_picked":["Acrobatics","Prostrate"],"picked":"Flash of Steel","floor":35},{"not_picked":["Whirlwind+1","Hologram+1"],"picked":"TalkToTheHand+1","floor":38},{"not_picked":["Tactician","Chrysalis"],"picked":"Endless Agony","floor":41}],"player_experience":2871531,"relics_obtained":[{"floor":6,"key":"Pear"},{"floor":8,"key":"Nunchaku"},{"floor":9,"key":"Lantern"},{"floor":20,"key":"PrismaticShard"},{"floor":24,"key":"conspire:Flyswatter"},{"floor":26,"key":"Frozen Egg 2"},{"floor":27,"key":"Vajra"},{"floor":34,"key":"Damaru"},{"floor":34,"key":"The Courier"},{"floor":34,"key":"CloakClasp"},{"floor":41,"key":"Darkstone Periapt"},{"floor":43,"key":"Mummified Hand"}],"event_choices":[{"damage_healed":0,"gold_gain":150,"player_choice":"AGREE","damage_taken":0,"max_hp_gain":0,"max_hp_loss":0,"event_name":"Liars Game","floor":4,"gold_loss":0,"cards_obtained":["Doubt"]},{"damage_healed":0,"gold_gain":0,"player_choice":"Fled","damage_taken":0,"max_hp_gain":0,"max_hp_loss":0,"event_name":"Scrap Ooze","floor":5,"gold_loss":0},{"damage_healed":0,"gold_gain":0,"player_choice":"Fight","damage_taken":0,"max_hp_gain":0,"max_hp_loss":0,"event_name":"Colosseum","floor":29,"gold_loss":0},{"damage_healed":0,"gold_gain":0,"player_choice":"Fled From Nobs","damage_taken":0,"max_hp_gain":0,"max_hp_loss":0,"event_name":"Colosseum","floor":29,"gold_loss":0},{"damage_healed":16,"gold_gain":0,"player_choice":"Writhe","damage_taken":0,"max_hp_gain":0,"max_hp_loss":0,"event_name":"Winding Halls","floor":37,"gold_loss":0,"cards_obtained":["Writhe"]},{"damage_healed":0,"gold_gain":0,"player_choice":"Ignored","damage_taken":0,"max_hp_gain":0,"max_hp_loss":0,"event_name":"Mysterious Sphere","floor":39,"gold_loss":0},{"damage_healed":0,"gold_gain":0,"player_choice":"Leave","damage_taken":0,"max_hp_gain":0,"max_hp_loss":0,"event_name":"conspire:Investor","floor":42,"gold_loss":0},{"damage_healed":0,"gold_gain":0,"player_choice":"Ignored","damage_taken":0,"max_hp_gain":0,"max_hp_loss":0,"event_name":"SecretPortal","floor":44,"gold_loss":0}],"is_beta":false,"boss_relics":[{"not_picked":["aspiration:FutureDiary","Philosopher\u0027s Stone"],"picked":"VioletLotus"},{"not_picked":["Busted Crown","Coffee Dripper"],"picked":"Calling Bell"}],"items_purged_floors":[12,19],"is_endless":false,"potions_floor_spawned":[1,2,8,14,18,33,35,38],"killed_by":"Spire Growth","ascension_level":20}}