{"host":"hkfd27larxvbrzdx","time":1609389987,"event":{"mods":["AchievementEnabler","BaseMod","Colored Map","Colored Powertips","DeckTracker","Minty Spire (QoL Compilation)"],"gold_per_floor":[119,134,59,59,76,76,111,111,111,141,160,235,235,264,276,392,404,384,306,330,359,371,416,428,440,502,514,542,554,593,621,633,746,758,788,800,832,844,876,888,950,1062,1074,1100,1132,1144,1144],"floor_reached":46,"playtime":3433,"items_purged":["Strike_G"],"score":540,"play_id":"c050974d-c5ef-45fd-a599-0021855308da","local_time":"20201231124627","is_ascension_mode":true,"campfire_choices":[{"data":"Neutralize","floor":6.0,"key":"SMITH"},{"floor":8.0,"key":"REST"},{"floor":13.0,"key":"REST"},{"floor":15.0,"key":"REST"},{"floor":25.0,"key":"REST"},{"data":"Noxious Fumes","floor":27.0,"key":"SMITH"},{"floor":32.0,"key":"REST"},{"floor":40.0,"key":"REST"}],"circlet_count":0,"master_deck":["Strike_G","Strike_G","Strike_G","Defend_G","Defend_G","Defend_G","Defend_G","Defend_G","Survivor","Neutralize+1","Sucker Punch","Caltrops","PiercingWail","Endless Agony","Noxious Fumes+1","Phantasmal Killer+1","Deflect+1","Dash+1","Parasite","Backflip+1","Dagger Spray+1"],"relics":["Ring of the Serpent","StoneCalendar","TungstenRod","Odd Mushroom","MawBank","Cursed Key","Lizard Tail","Art of War","Bottled Lightning","Girya"],"acts_visited":["Exordium","TheCity","TheBeyond"],"potions_floor_usage":[],"damage_taken":[{"damage":1.0,"enemies":"Cultist","floor":1.0,"turns":5.0},{"damage":0.0,"enemies":"2 Louse","floor":2.0,"turns":4.0},{"damage":7.0,"enemies":"Jaw Worm","floor":5.0,"turns":6.0},{"damage":46.0,"enemies":"3 Sentries","floor":7.0,"turns":14.0},{"damage":24.0,"enemies":"The Mushroom Lair","floor":10.0,"turns":7.0},{"damage":0.0,"enemies":"2 Fungi Beasts","floor":11.0,"turns":6.0},{"damage":14.0,"enemies":"Lagavulin","floor":14.0,"turns":7.0},{"damage":18.0,"enemies":"Slime Boss","floor":16.0,"turns":11.0},{"damage":17.0,"enemies":"2 Thieves","floor":18.0,"turns":5.0},{"damage":11.0,"enemies":"Spheric Guardian","floor":20.0,"turns":6.0},{"damage":16.0,"enemies":"Cultist and Chosen","floor":21.0,"turns":7.0},{"damage":23.0,"enemies":"Gremlin Leader","floor":23.0,"turns":8.0},{"damage":5.0,"enemies":"Snake Plant","floor":28.0,"turns":5.0},{"damage":18.0,"enemies":"Slavers","floor":30.0,"turns":7.0},{"damage":0.0,"enemies":"Chosen and Byrds","floor":31.0,"turns":7.0},{"damage":55.0,"enemies":"Champ","floor":33.0,"turns":17.0},{"damage":2.0,"enemies":"Orb Walker","floor":35.0,"turns":5.0},{"damage":0.0,"enemies":"3 Shapes","floor":37.0,"turns":6.0},{"damage":39.0,"enemies":"Transient","floor":39.0,"turns":5.0},{"damage":0,"enemies":"Mind Bloom Boss Battle","floor":41,"turns":7},{"damage":17,"enemies":"Spire Growth","floor":44,"turns":7},{"damage":22,"enemies":"3 Darklings","floor":45,"turns":7},{"damage":25,"enemies":"Maw","floor":46,"turns":4}],"seed_played":"2771686515086734042","potions_obtained":[{"floor":1.0,"key":"DistilledChaos"},{"floor":7.0,"key":"Strength Potion"},{"floor":10.0,"key":"SmokeBomb"},{"floor":16.0,"key":"FearPotion"},{"floor":39.0,"key":"GamblersBrew"},{"floor":41,"key":"Strength Potion"}],"is_trial":false,"path_per_floor":["M","M","$","?","M","R","E","R","T","?","M","?","R","E","R","B",null,"M","?","M","M","$","E","?","R","T","R","M","?","E","M","R","B",null,"M","?","M","?","M","R","?","?","T","M","M","M"],"character_chosen":"THE_SILENT","items_purchased":[],"campfire_rested":6,"item_purchase_floors":[],"current_hp_per_floor":[69,69,69,69,62,62,16,37,37,13,13,3,24,10,31,13,70,53,53,42,26,26,3,26,47,47,47,42,42,24,24,45,27,70,68,68,68,66,27,46,46,46,46,29,7,0,0],"gold":1144,"neow_bonus":"THREE_CARDS","is_daily":false,"chose_seed":false,"campfire_upgraded":2,"win_rate":0.0,"timestamp":1609389987,"path_taken":["M","?","$","?","M","R","E","R","T","?","M","?","R","E","R","BOSS","M","?","?","M","?","E","?","R","T","R","M","?","E","M","R","BOSS","M","?","M","?","M","R","?","?","T","?","M","M"],"items_purchased_type":[],"build_version":"2020-12-22","purchased_purges":1,"victory":false,"max_hp_per_floor":[70,70,70,70,70,70,70,70,70,70,70,70,70,70,70,70,70,70,70,70,70,70,70,70,70,70,70,70,70,70,70,70,70,70,70,70,70,66,66,66,66,66,66,66,66,66,66],"card_choices":[{"not_picked":["Terror","Underhanded Strike"],"picked":"Sucker Punch","floor":0.0},{"not_picked":["Acrobatics","Flying Knee"],"picked":"Caltrops","floor":1.0},{"not_picked":["Underhanded Strike","Tactician"],"picked":"PiercingWail","floor":2.0},{"not_picked":["Poisoned Stab","Tactician","Acrobatics"],"picked":"SKIP","floor":5.0},{"not_picked":["Crippling Poison","Flechettes","Accuracy"],"picked":"SKIP","floor":7.0},{"not_picked":["Eviscerate","Backflip"],"picked":"Endless Agony","floor":11.0},{"not_picked":["Outmaneuver","Bane"],"picked":"Noxious Fumes","floor":14.0},{"not_picked":["Envenom","Wraith Form v2"],"picked":"Phantasmal Killer","floor":16.0},{"not_picked":["All Out Attack","Quick Slash"],"picked":"Deflect+1","floor":18.0},{"not_picked":["Cloak And Dagger+1","Riddle With Holes","Flechettes"],"picked":"SKIP","floor":20.0},{"not_picked":["Dagger Throw","Leg Sweep"],"picked":"Dash+1","floor":21.0},{"not_picked":["Caltrops","Underhanded Strike","Noxious Fumes"],"picked":"SKIP","floor":23.0},{"not_picked":["Underhanded Strike","Poisoned Stab+1","Storm of Steel"],"picked":"SKIP","floor":28.0},{"not_picked":["Acrobatics","Infinite Blades+1"],"picked":"Backflip+1","floor":30.0},{"not_picked":["Acrobatics","Infinite Blades","Quick Slash"],"picked":"SKIP","floor":31.0},{"not_picked":["Dash","Predator","Reflex+1"],"picked":"SKIP","floor":35.0},{"not_picked":["Riddle With Holes","Slice+1"],"picked":"Dagger Spray+1","floor":37.0},{"not_picked":["Poisoned Stab+1","Cloak And Dagger+1","Choke"],"picked":"SKIP","floor":39.0},{"not_picked":["Dagger Spray+1","Slice+1","Deflect"],"picked":"SKIP","floor":44},{"not_picked":["Dagger Spray+1","Slice+1","Deflect"],"picked":"SKIP","floor":44},{"not_picked":["Masterful Stab","Deflect+1","Quick Slash+1"],"picked":"SKIP","floor":45}],"player_experience":157519,"relics_obtained":[{"floor":7.0,"key":"StoneCalendar"},{"floor":9.0,"key":"TungstenRod"},{"floor":10.0,"key":"Odd Mushroom"},{"floor":14.0,"key":"MawBank"},{"floor":23.0,"key":"Lizard Tail"},{"floor":26.0,"key":"Art of War"},{"floor":30.0,"key":"Bottled Lightning"},{"floor":41,"key":"Girya"}],"event_choices":[{"damage_healed":0.0,"max_hp_gain":0.0,"max_hp_loss":0.0,"gold_gain":0.0,"event_name":"Liars Game","player_choice":"Ignored","floor":4.0,"gold_loss":0.0,"damage_taken":0.0},{"damage_healed":0.0,"max_hp_gain":0.0,"max_hp_loss":0.0,"gold_gain":0.0,"event_name":"Mushrooms","player_choice":"Fought Mushrooms","floor":10.0,"gold_loss":0.0,"damage_taken":0.0},{"damage_healed":0.0,"max_hp_gain":0.0,"max_hp_loss":0.0,"gold_gain":75.0,"event_name":"World of Goop","player_choice":"Gather Gold","floor":12.0,"gold_loss":0.0,"damage_taken":11.0},{"cards_removed":["Strike_G"],"damage_healed":0.0,"max_hp_gain":0.0,"max_hp_loss":0.0,"gold_gain":0.0,"event_name":"Designer","player_choice":"Upgrade and Remove","floor":19.0,"gold_loss":90.0,"damage_taken":0.0,"cards_upgraded":["Phantasmal Killer"]},{"damage_healed":23.0,"max_hp_gain":0.0,"max_hp_loss":0.0,"gold_gain":0.0,"event_name":"The Library","player_choice":"Heal","floor":24.0,"gold_loss":0.0,"damage_taken":0.0},{"damage_healed":0.0,"max_hp_gain":0.0,"max_hp_loss":0.0,"gold_gain":0.0,"event_name":"Ghosts","player_choice":"Ignored","floor":29.0,"gold_loss":0.0,"damage_taken":0.0},{"damage_healed":0.0,"max_hp_gain":0.0,"max_hp_loss":0.0,"gold_gain":0.0,"event_name":"Mysterious Sphere","player_choice":"Ignored","floor":36.0,"gold_loss":0.0,"damage_taken":0.0},{"damage_healed":0.0,"max_hp_gain":0.0,"max_hp_loss":4.0,"gold_gain":0.0,"event_name":"Winding Halls","player_choice":"Max HP","floor":38.0,"gold_loss":0.0,"damage_taken":0.0},{"damage_healed":0,"gold_gain":0,"player_choice":"Fight","damage_taken":0,"max_hp_gain":0,"max_hp_loss":0,"event_name":"MindBloom","floor":41,"gold_loss":0},{"damage_healed":0,"gold_gain":100,"player_choice":"Pray","damage_taken":0,"max_hp_gain":0,"max_hp_loss":0,"event_name":"Golden Shrine","floor":42,"gold_loss":0}],"is_beta":false,"boss_relics":[{"not_picked":["Ectoplasm","SlaversCollar"],"picked":"Cursed Key"},{"not_picked":["HoveringKite","Pandora\u0027s Box"],"picked":"Ring of the Serpent"}],"items_purged_floors":[3],"is_endless":false,"potions_floor_spawned":[1,7,10,16,20,21,28,30,39,41],"killed_by":"Maw","ascension_level":2}}