{"host":"eocn4tduyrehyy81","time":1609430192,"event":{"mods":["AchievementEnabler","Aspiration","BaseMod","BetterRewards","Custom Start","Minty Spire (QoL Compilation)","Replay The Spire","StSLib"],"gold_per_floor":[111,63,74,89,108,142,142,142,142,142,142,142,160,180,180,278,278,293,293,311,251,350,350,375,35,35,367,52,52,52],"floor_reached":29,"playtime":1873,"items_purged":[],"score":359,"play_id":"b3a95114-7bf9-441a-a6a1-27c3432723bf","local_time":"20201231095632","is_ascension_mode":false,"campfire_choices":[{"data":"Capacitor","floor":8,"key":"SMITH"},{"data":"Zap","floor":10,"key":"SMITH"},{"floor":15,"key":"REST"},{"floor":23,"key":"REST"}],"circlet_count":0,"master_deck":["Strike_B","Strike_B","Strike_B","Strike_B","Defend_B","Defend_B","Defend_B","Defend_B","Zap+1","Dualcast","FTL","Rebound","Leap","Tempest+1","Redo","Undo","Capacitor+1","aspiration:Polymerization","BasicCrystalCard","Electrodynamics","Lockon","Necronomicurse","Stack+1","Streamline","Leap","Redo","Redo","Thunder Strike","FIFO Queue","Melter","BasicCrystalCard+1","Barrage"],"relics":["Cracked Core","Vajra","aspiration:Nostalgia","Sizzling Blood","Ornamental Fan","aspiration:ChemicalBlood","Odd Mushroom","Black Star","Necronomicon","Ice Cream","PreservedInsect","Replay:Baseball","Toxic Egg 2","Old Coin","Regal Pillow","Replay:Wax Seal"],"acts_visited":["Exordium","TheCity"],"potions_floor_usage":[6,16,16,16,18,18,20,20,24,24,27,27,27,29],"damage_taken":[{"damage":1,"enemies":"Cultist","floor":1,"turns":3},{"damage":0,"enemies":"2 Louse","floor":3,"turns":3},{"damage":5,"enemies":"Small Slimes","floor":4,"turns":3},{"damage":6,"enemies":"Exordium Wildlife","floor":5,"turns":3},{"damage":9,"enemies":"Gremlin Nob","floor":6,"turns":5},{"damage":3,"enemies":"Large Slime","floor":13,"turns":3},{"damage":18,"enemies":"The Mushroom Lair","floor":14,"turns":4},{"damage":13,"enemies":"The Guardian","floor":16,"turns":11},{"damage":25,"enemies":"Shell Parasite","floor":18,"turns":7},{"damage":22,"enemies":"Spheric Guardian","floor":20,"turns":5},{"damage":58,"enemies":"Gremlin Leader","floor":24,"turns":7},{"damage":27,"enemies":"Slavers","floor":27,"turns":3},{"damage":14,"enemies":"Centurion and Healer","floor":29,"turns":2}],"seed_played":"-5246644816866412183","potions_obtained":[{"floor":3,"key":"Reflective Coating"},{"floor":5,"key":"PowerPotion"},{"floor":13,"key":"Fire Potion"},{"floor":14,"key":"LifebloodPotion"},{"floor":16,"key":"LiquidMemories"},{"floor":20,"key":"LiquidBronze"}],"is_trial":false,"path_per_floor":["M","$","M","M","M","E","?","R","T","R","?","?","M","?","R","B",null,"M","?","M","?","?","R","E","$","T","E","$","M"],"character_chosen":"DEFECT","items_purchased":["Vajra","aspiration:Nostalgia","FTL","Leap","Replay:Baseball","FairyPotion","Leap","Redo","FIFO Queue","Replay:Wax Seal","Melter","BasicCrystalCard+1","Barrage"],"campfire_rested":2,"item_purchase_floors":[0,0,0,2,25,25,25,25,28,28,28,28,28],"current_hp_per_floor":[79,79,79,78,76,71,71,71,71,71,71,71,72,58,79,70,79,58,42,38,38,38,61,7,7,7,7,7,0,0],"gold":52,"neow_bonus":"","is_daily":false,"chose_seed":false,"campfire_upgraded":2,"win_rate":0.0,"timestamp":1609430192,"path_taken":["M","$","M","M","M","E","?","R","T","R","?","?","?","?","R","BOSS","M","?","M","?","?","R","E","$","T","E","?","M"],"items_purchased_type":["Relic","Relic","Card","Card","Relic","Potion","Card","Card","Card","Relic","Card","Card","Card"],"build_version":"2020-12-22","purchased_purges":0,"victory":false,"max_hp_per_floor":[79,79,79,79,79,79,79,79,79,79,79,79,79,79,79,79,79,79,79,79,79,79,79,79,79,79,79,79,79,79],"card_choices":[{"not_picked":["Coolheaded","Reinforced Body"],"picked":"Rebound","floor":1},{"not_picked":["Steam Power","Compile Driver"],"picked":"Tempest","floor":3},{"not_picked":["Force Field","Skim"],"picked":"Redo","floor":4},{"not_picked":["Skim","Leap"],"picked":"Undo","floor":5},{"not_picked":["Ball Lightning","Genetic Algorithm"],"picked":"Capacitor","floor":6},{"not_picked":["Compile Driver","Self Repair"],"picked":"aspiration:Polymerization","floor":13},{"not_picked":["Coolheaded","Conserve Battery"],"picked":"BasicCrystalCard","floor":14},{"not_picked":["ReplayRNGCard","Echo Form"],"picked":"Electrodynamics","floor":16},{"not_picked":["Rebound+1","Redo"],"picked":"Lockon","floor":18},{"not_picked":["BasicCrystalCard","Gash"],"picked":"Stack+1","floor":20},{"not_picked":["Tempest","Aggregate+1"],"picked":"Streamline","floor":24},{"not_picked":["Cold Snap+1","BasicCrystalCard+1"],"picked":"Thunder Strike","floor":27}],"player_experience":42616,"relics_obtained":[{"floor":6,"key":"Ornamental Fan"},{"floor":9,"key":"aspiration:ChemicalBlood"},{"floor":14,"key":"Odd Mushroom"},{"floor":19,"key":"Necronomicon"},{"floor":24,"key":"Ice Cream"},{"floor":24,"key":"PreservedInsect"},{"floor":26,"key":"Toxic Egg 2"},{"floor":27,"key":"Old Coin"},{"floor":27,"key":"Regal Pillow"}],"event_choices":[{"damage_healed":0,"gold_gain":0,"player_choice":"Ignored","damage_taken":0,"max_hp_gain":0,"max_hp_loss":0,"event_name":"Golden Wing","floor":7,"gold_loss":0},{"damage_healed":0,"gold_gain":0,"player_choice":"Grow","damage_taken":0,"max_hp_gain":0,"max_hp_loss":0,"event_name":"Living Wall","floor":11,"gold_loss":0,"cards_upgraded":["Tempest"]},{"damage_healed":0,"gold_gain":0,"player_choice":"Fought Mushrooms","damage_taken":0,"max_hp_gain":0,"max_hp_loss":0,"event_name":"Mushrooms","floor":14,"gold_loss":0},{"damage_healed":0,"gold_gain":0,"player_choice":"Obtained Book","damage_taken":16,"max_hp_gain":0,"max_hp_loss":0,"event_name":"Cursed Tome","floor":19,"gold_loss":0},{"damage_healed":0,"gold_gain":99,"player_choice":"Stole From Cult","damage_taken":0,"max_hp_gain":0,"max_hp_loss":0,"event_name":"Nest","floor":22,"gold_loss":0}],"is_beta":false,"boss_relics":[{"not_picked":["Painkiller Herb","aspiration:RitualDagger"],"picked":"Black Star"}],"items_purged_floors":[],"is_endless":false,"potions_floor_spawned":[3,5,13,14,16,20],"killed_by":"Centurion and Healer","ascension_level":0}}