{"host":"tzwuiju9jhaz8xpk","time":1609444838,"event":{"mods":["AchievementEnabler","Act Like it!","Ascension Unlocker","BaseMod","Bestiary","Better Altar","Better Match","Better Note","Better Sensory Stone","Better Vampires","Better-Laid Plans","Challenge The Spire","ChefMod","Dio Mod","Displayed Cursed Tome","Dota2Spire","Ekko","Elementarium","GungeonMod","Hallownest","JesterMod","Lobotomy","Minty Spire (QoL Compilation)","Permanent Neow","Pikachu Mod","QueenMod","Quick Restart","RNG Fix","Relic Stats","Replay The Spire","Reworked Bosses","Robot Space Explorer","Spicy Shops","StSLib","SuperFastMode","TestMod","The Blue Laboratory","The Bug Knight","The Forsaken","The Marked","TheLocksmith","TheWitcher","Uncapped","Waifu the Spire","????","????"],"gold_per_floor":[116,116,116,116,116,116,133,149,176,186,61,61,76,101,101,202,202,218,233,27,27,27,59,77,105,157,175,185,195,195,60,60,164,164,175,175,575,603,239,41,68,81,81,81,106,31,62,62,62,62,62,62,62],"floor_reached":52,"playtime":3155,"items_purged":["Parasite"],"score":851,"play_id":"c14f0825-bab7-4014-a45e-0e1dbc68a0ce","local_time":"20201231150038","is_ascension_mode":true,"campfire_choices":[{"data":"theMarked:SoldierOfQuellstein","floor":6,"key":"SMITH"},{"data":"theMarked:Defy","floor":12,"key":"SMITH"},{"data":"theMarked:Overcharge","floor":15,"key":"SMITH"},{"floor":32,"key":"REST"},{"data":"testmod-DisillusionmentEcho","floor":44,"key":"SMITH"},{"data":"Discovery","floor":51,"key":"SMITH"}],"circlet_count":0,"master_deck":["theMarked:Strike","theMarked:Strike","theMarked:Strike","theMarked:Strike","theMarked:Defend","theMarked:Defend","theMarked:Defend","theMarked:Defend","theMarked:SoldierOfQuellstein+1","Pot Of Greed","theMarked:ResourceFulStrike","Pot Of Greed","theMarked:Defy+1","theMarked:Parry","theMarked:Electrocute","theMarked:Overcharge+1","theMarked:DispelDoubt","theMarked:EmpowerWeapon","theMarked:RogueSparks","Discovery+1","theMarked:ChainLightning+1","theMarked:Aftermath+1","theMarked:WastefulAttack+1","Pot Of Greed","theMarked:SummonStrength","theMarked:RepellingDischarge+1","theMarked:ElectricStrings+1","testmod-DisillusionmentEcho+1","ReplayTheSpireMod:Trickstab+1","theMarked:DispelDoubt+1","theMarked:Generate+1","theMarked:Indomitable+1","theMarked:EmpowerWeapon+1","theForsaken:PlagueCurse"],"relics":["theMarked:ArtifactOfAir","testmod-D_4","Grinning Jar","Pet Ghost","Potion Belt","jesterMod:MachoBrace","Molten Egg 2","ekkoTheBoyWhoShatteredTime:zDriveResonance","Orichalcum","testmod-TurbochargingSystem","Dota2Spire:Vanguard","DemoMod:Orange","Vajra","testmod-Recursion","ReplayTheSpireMod:Ring of Challenge","Ring of Fury","Membership Card","Dota2Spire:ShadowBlade","DemoMod:ResourcefulSack","DemoMod:Metronome","Chemical X","Bottled Lightning","theForsaken:PlagueMask"],"acts_visited":["Exordium","TheCity","Hallownest:KingdomsEdge"],"potions_floor_usage":[25,29,29,35,52,52],"damage_taken":[{"damage":0,"enemies":"Cultist","floor":1,"turns":2},{"damage":0,"enemies":"Small Slimes","floor":7,"turns":2},{"damage":0,"enemies":"2 Louse","floor":8,"turns":2},{"damage":3,"enemies":"Looter","floor":10,"turns":2},{"damage":1,"enemies":"Large Slime","floor":13,"turns":4},{"damage":0,"enemies":"Slime Boss","floor":16,"turns":7},{"damage":0,"enemies":"Chosen","floor":18,"turns":2},{"damage":0,"enemies":"2 Thieves","floor":19,"turns":2},{"damage":0,"enemies":"HollowMod:Nosk","floor":23,"turns":3},{"damage":11,"enemies":"Centurion and Healer","floor":24,"turns":2},{"damage":12,"enemies":"Gremlin Leader","floor":25,"turns":3},{"damage":0,"enemies":"Snake Plant","floor":27,"turns":2},{"damage":0,"enemies":"Snecko","floor":28,"turns":1},{"damage":0,"enemies":"3 Cultists","floor":29,"turns":3},{"damage":21,"enemies":"bossMod:newCollector","floor":33,"turns":5},{"damage":0,"enemies":"Hallownest:3_Siblings","floor":35,"turns":3},{"damage":0,"enemies":"Hallownest:Shield_Heavy","floor":38,"turns":2},{"damage":0,"enemies":"Hallownest:eliteCollector","floor":41,"turns":6},{"damage":0,"enemies":"Hallownest:monsterPrimalAspid","floor":42,"turns":2},{"damage":23,"enemies":"Hallownest:eliteHiveKnight","floor":45,"turns":6},{"damage":0,"enemies":"Hallownest:StalkingDevout","floor":47,"turns":3},{"damage":69,"enemies":"Hallownest:BossHollowKnight","floor":52,"turns":4}],"seed_played":"-646063180095255805","potions_obtained":[{"floor":7,"key":"blueLaboratory:SavagePotion"},{"floor":16,"key":"BlessingOfTheForge"},{"floor":19,"key":"Fire Potion"},{"floor":25,"key":"Strength Potion"},{"floor":28,"key":"AttackPotion"},{"floor":38,"key":"ColorlessPotion"}],"is_trial":false,"path_per_floor":["M","?","?","?","?","R","M","M","T","M","$","R","M","T","R","B",null,"M","M","$","?","?","E","M","E","T","M","M","M","T","$","R","B",null,"M","?","?","M","$","R","E","M","T","R","E","$","E","?","PTL","PTL","R","B"],"character_chosen":"THE_DEFAULT","items_purchased":["theMarked:Parry","theMarked:Electrocute","Molten Egg 2","Discovery","Vajra","testmod-DisillusionmentEcho","Membership Card","ReplayTheSpireMod:Trickstab+1","Chemical X"],"campfire_rested":1,"item_purchase_floors":[11,11,20,20,31,39,40,40,46],"current_hp_per_floor":[70,70,70,70,80,80,80,80,80,77,77,77,76,76,76,76,80,80,80,80,80,80,80,69,57,57,57,57,57,69,69,89,68,89,89,89,89,89,89,89,89,89,89,89,66,66,66,66,66,66,66,0,0],"gold":62,"neow_bonus":"RANDOM_COMMON_RELIC","is_daily":false,"chose_seed":false,"campfire_upgraded":5,"win_rate":0.0,"timestamp":1609444838,"path_taken":["M","?","?","?","?","R","M","M","T","M","$","R","M","?","R","BOSS","M","M","$","?","?","E","M","E","T","?","M","?","?","$","R","BOSS","M","?","?","?","?","R","E","M","T","R","E","$","E","?","PTL","PTL","R","BOSS"],"items_purchased_type":["Card","Card","Relic","Card","Relic","Card","Relic","Card","Relic"],"build_version":"2020-12-22","purchased_purges":1,"victory":false,"max_hp_per_floor":[70,70,70,70,80,80,80,80,80,80,80,80,80,80,80,80,80,80,80,80,80,80,80,80,80,80,80,80,80,92,89,89,89,89,89,89,89,89,89,89,89,89,89,89,89,89,89,89,89,89,89,89,89],"relic_stats":{"counters":[22,68],"Chemical X":[1],"Orichalcum":[54],"obtain_stats":[{"Vajra":31,"DemoMod:GlassGuonStoneRelic":1,"Dota2Spire:Vanguard":26,"Dota2Spire:ShadowBlade":41,"theForsaken:PlagueMask":48,"Pet Ghost":9,"DemoMod:Metronome":45,"Chemical X":46,"ekkoTheBoyWhoShatteredTime:zDriveResonance":22,"Potion Belt":14,"testmod-TestBox":0,"DemoMod:Orange":30,"jesterMod:MachoBrace":17,"testmod-TurbochargingSystem":25,"Orichalcum":23,"theMarked:ArtifactOfAir":0,"testmod-D_4":0,"testmod-Recursion":34,"Molten Egg 2":20,"Ring of Fury":36,"Membership Card":40,"DemoMod:ResourcefulSack":43,"Bottled Lightning":47,"Grinning Jar":0,"ReplayTheSpireMod:Ring of Challenge":36},{"Vajra":14,"DemoMod:GlassGuonStoneRelic":1,"Dota2Spire:Vanguard":11,"Dota2Spire:ShadowBlade":18,"theForsaken:PlagueMask":21,"Pet Ghost":3,"DemoMod:Metronome":20,"Chemical X":20,"ekkoTheBoyWhoShatteredTime:zDriveResonance":8,"Potion Belt":5,"testmod-TestBox":0,"DemoMod:Orange":14,"jesterMod:MachoBrace":6,"testmod-TurbochargingSystem":11,"Orichalcum":9,"theMarked:ArtifactOfAir":0,"testmod-D_4":0,"testmod-Recursion":15,"Molten Egg 2":8,"Ring of Fury":16,"Membership Card":17,"DemoMod:ResourcefulSack":19,"Bottled Lightning":21,"Grinning Jar":0,"ReplayTheSpireMod:Ring of Challenge":16},{"Vajra":37,"DemoMod:GlassGuonStoneRelic":2,"Dota2Spire:Vanguard":31,"Dota2Spire:ShadowBlade":53,"theForsaken:PlagueMask":64,"Pet Ghost":6,"DemoMod:Metronome":61,"Chemical X":61,"ekkoTheBoyWhoShatteredTime:zDriveResonance":23,"Potion Belt":12,"testmod-TestBox":0,"DemoMod:Orange":37,"jesterMod:MachoBrace":19,"testmod-TurbochargingSystem":31,"Orichalcum":26,"theMarked:ArtifactOfAir":0,"testmod-D_4":0,"testmod-Recursion":42,"Molten Egg 2":23,"Ring of Fury":45,"Membership Card":47,"DemoMod:ResourcefulSack":55,"Bottled Lightning":64,"Grinning Jar":0,"ReplayTheSpireMod:Ring of Challenge":45}]},"card_choices":[{"not_picked":["theMarked:EnhancedHearing","theMarked:WardOff"],"picked":"theMarked:ResourceFulStrike","floor":1},{"not_picked":["theMarked:DeterminationOfTheMarked","theMarked:EnhancedHearing"],"picked":"theMarked:Defy","floor":7},{"not_picked":["theMarked:TwofoldDefense","theMarked:MysticalArsenal","theMarked:Parkour"],"picked":"SKIP","floor":8},{"not_picked":["theMarked:Convert","theMarked:TwofoldDefense","theMarked:Snap"],"picked":"SKIP","floor":10},{"not_picked":["theMarked:TunnelVision","theMarked:TakeCover"],"picked":"theMarked:Overcharge","floor":13},{"not_picked":["theMarked:ChannelForce","theMarked:TurnInvisible"],"picked":"theMarked:DispelDoubt","floor":16},{"not_picked":["theMarked:ChainLightning","theMarked:Polarize"],"picked":"theMarked:EmpowerWeapon","floor":18},{"not_picked":["theMarked:Polarize","theMarked:SelfDefenseTraining+1"],"picked":"theMarked:RogueSparks","floor":19},{"not_picked":["theMarked:WastefulDefense","theMarked:RepellingDischarge"],"picked":"theMarked:ChainLightning+1","floor":23},{"not_picked":["theMarked:BanishingStrike+1","theMarked:Opportunist+1","theMarked:TwofoldDefense"],"picked":"SKIP","floor":24},{"not_picked":["theMarked:MysticalArsenal","theMarked:RepellingDischarge","theMarked:Aftermath+1"],"picked":"SKIP","floor":25},{"not_picked":["theMarked:TwofoldDefense","theMarked:Convert","theMarked:SwordAndMagic+1"],"picked":"SKIP","floor":27},{"not_picked":["theMarked:Static","theMarked:Reabsorb"],"picked":"theMarked:Aftermath+1","floor":28},{"not_picked":["theMarked:Convert","theMarked:Parkour+1"],"picked":"theMarked:WastefulAttack+1","floor":29},{"not_picked":["theMarked:FavorableWinds","theMarked:TurnInvisible"],"picked":"theMarked:SummonStrength","floor":33},{"not_picked":["theMarked:Frustration+1","theMarked:Overthink+1"],"picked":"theMarked:RepellingDischarge+1","floor":35},{"not_picked":["theMarked:WastefulDefense+1","theMarked:Static"],"picked":"theMarked:ElectricStrings+1","floor":38},{"not_picked":["theMarked:HeritageOfTheMarked","theMarked:WardOff+1"],"picked":"theMarked:DispelDoubt+1","floor":41},{"not_picked":["theMarked:Parkour+1","theMarked:KeepCalmAndFightOn+1"],"picked":"theMarked:Generate+1","floor":42},{"not_picked":["theMarked:HeightenedSenses","theMarked:Challenge"],"picked":"theMarked:Indomitable+1","floor":45},{"not_picked":["theMarked:Aftermath","theMarked:Electrocute+1","theMarked:EmpowerWeapon+1"],"picked":"SKIP","floor":47},{"not_picked":["theMarked:Aftermath","theMarked:Electrocute+1"],"picked":"theMarked:EmpowerWeapon+1","floor":47}],"player_experience":64872,"relics_obtained":[{"floor":9,"key":"Pet Ghost"},{"floor":14,"key":"Potion Belt"},{"floor":23,"key":"Orichalcum"},{"floor":25,"key":"testmod-TurbochargingSystem"},{"floor":26,"key":"Dota2Spire:Vanguard"},{"floor":30,"key":"DemoMod:Orange"},{"floor":36,"key":"ReplayTheSpireMod:Ring of Challenge"},{"floor":36,"key":"Ring of Fury"},{"floor":41,"key":"Dota2Spire:ShadowBlade"},{"floor":43,"key":"DemoMod:ResourcefulSack"},{"floor":45,"key":"DemoMod:Metronome"},{"floor":47,"key":"Bottled Lightning"}],"event_choices":[{"damage_healed":0,"gold_gain":0,"player_choice":"Ignored","damage_taken":0,"max_hp_gain":0,"max_hp_loss":0,"event_name":"Liars Game","floor":2,"gold_loss":0},{"damage_healed":0,"gold_gain":0,"cards_transformed":["theMarked:Strike"],"player_choice":"Transformed","damage_taken":0,"max_hp_gain":0,"max_hp_loss":0,"event_name":"Transmorgrifier","floor":3,"gold_loss":0,"cards_obtained":["theMarked:FavorableWinds"]},{"damage_healed":0,"gold_gain":0,"player_choice":"Swap Relic","damage_taken":0,"relics_obtained":["testmod-TestBox"],"max_hp_gain":0,"max_hp_loss":0,"event_name":"Box For Yourself","floor":4,"relics_lost":["testmod-TestBox"],"gold_loss":0},{"cards_removed":["theMarked:FavorableWinds"],"damage_healed":0,"gold_gain":0,"player_choice":"Offered Rare","damage_taken":0,"max_hp_gain":10,"max_hp_loss":0,"event_name":"Bonfire Elementals","floor":5,"gold_loss":0},{"cards_removed":["Discovery"],"damage_healed":0,"gold_gain":0,"player_choice":"Give","damage_taken":0,"max_hp_gain":0,"max_hp_loss":0,"event_name":"betterNote:BetterNote","floor":21,"gold_loss":0,"cards_obtained":["None"]},{"damage_healed":0,"gold_gain":400,"player_choice":"Sell","damage_taken":0,"max_hp_gain":0,"max_hp_loss":0,"event_name":"Plate Of N\u0027loth","floor":37,"relics_lost":["testmod-TestBox"],"gold_loss":0},{"damage_healed":0,"gold_gain":0,"player_choice":"Obtain Plague Curse","damage_taken":0,"max_hp_gain":0,"max_hp_loss":0,"event_name":"Plague Doctor","floor":48,"gold_loss":0,"cards_obtained":["theForsaken:PlagueCurse"]}],"is_beta":false,"boss_relics":[{"not_picked":["testmod-StringDisintegrator","Velvet Choker"],"picked":"jesterMod:MachoBrace"},{"not_picked":["testmod-TimeTraveler","testmod-KeyOfTheVoid"],"picked":"testmod-Recursion"}],"items_purged_floors":[31],"is_endless":false,"potions_floor_spawned":[7,16,19,25,28,38],"killed_by":"Hallownest:BossHollowKnight","ascension_level":1}}