{"host":"9n6i2vl93jt4o42q","time":1609377626,"event":{"mods":["BaseMod","Minty Spire (QoL Compilation)","Relic Stats"],"gold_per_floor":[16,36,36,36,36,36,36,72,97,97,117,117,26,39,39,133,196,212,231,15,15,15,15],"floor_reached":22,"playtime":2147,"items_purged":["Strike_R"],"score":355,"play_id":"23454374-b74d-478a-aaf1-0478dc240eee","local_time":"20201231022026","is_ascension_mode":true,"campfire_choices":[{"data":"Cleave","floor":6,"key":"SMITH"},{"floor":10,"key":"REST"},{"data":"Entrench","floor":12,"key":"SMITH"},{"data":"Fire Breathing","floor":15,"key":"SMITH"}],"circlet_count":0,"master_deck":["AscendersBane","Strike_R","Strike_R","Defend_R","Defend_R","Defend_R","Bash+1","Anger","Cleave+1","Entrench+1","Injury","Rage","Spot Weakness","Fire Breathing+1","Berserk","Shrug It Off","Wild Strike","Sword Boomerang","Pommel Strike"],"relics":["Burning Blood","Golden Idol","Magic Flower","Smiling Mask","Tiny House","Bag of Preparation"],"acts_visited":["Exordium","TheCity"],"potions_floor_usage":[18,18,19,19,22],"damage_taken":[{"damage":14,"enemies":"Jaw Worm","floor":1,"turns":4},{"damage":8,"enemies":"Small Slimes","floor":2,"turns":3},{"damage":56,"enemies":"Gremlin Nob","floor":8,"turns":5},{"damage":6,"enemies":"2 Louse","floor":11,"turns":2},{"damage":9,"enemies":"2 Fungi Beasts","floor":14,"turns":3},{"damage":33,"enemies":"Slime Boss","floor":16,"turns":7},{"damage":28,"enemies":"2 Thieves","floor":18,"turns":4},{"damage":45,"enemies":"Shell Parasite","floor":19,"turns":5},{"damage":18,"enemies":"Snake Plant","floor":22,"turns":3}],"seed_played":"-5965786524105894077","potions_obtained":[{"floor":8,"key":"FearPotion"},{"floor":16,"key":"BlessingOfTheForge"},{"floor":17,"key":"AttackPotion"},{"floor":18,"key":"EntropicBrew"},{"floor":19,"key":"Swift Potion"}],"is_trial":false,"path_per_floor":["M","M","?","?","?","R","$","E","T","R","M","R","$","M","R","B",null,"M","M","$","?","M"],"character_chosen":"IRONCLAD","items_purchased":["Fire Breathing","Bag of Preparation","Pommel Strike"],"campfire_rested":1,"item_purchase_floors":[13,20,20],"current_hp_per_floor":[60,58,63,63,63,63,63,13,13,37,40,40,40,40,40,16,69,50,14,14,14,0,0],"gold":15,"neow_bonus":"REMOVE_TWO","is_daily":false,"chose_seed":false,"campfire_upgraded":3,"win_rate":0.0,"timestamp":1609377626,"path_taken":["M","M","?","?","?","R","?","E","T","R","M","R","$","?","R","BOSS","M","M","$","?","M"],"items_purchased_type":["Card","Relic","Card"],"build_version":"2020-12-22","purchased_purges":1,"victory":false,"max_hp_per_floor":[75,75,80,80,80,80,80,80,80,80,80,80,80,80,80,80,85,85,85,85,85,85,85],"relic_stats":{"counters":[9,36],"Golden Idol":53,"Magic Flower":[15],"Bag of Preparation":[2],"Smiling Mask":25,"obtain_stats":[{"Tiny House":17,"Golden Idol":5,"Magic Flower":8,"Bag of Preparation":20,"Smiling Mask":9,"Burning Blood":0},{"Tiny House":6,"Golden Idol":2,"Magic Flower":3,"Bag of Preparation":8,"Smiling Mask":3,"Burning Blood":0},{"Tiny House":24,"Golden Idol":7,"Magic Flower":12,"Bag of Preparation":33,"Smiling Mask":12,"Burning Blood":0}],"Burning Blood":63},"card_choices":[{"not_picked":["Body Slam","Thunderclap"],"picked":"Anger","floor":1},{"not_picked":["Uppercut","Sword Boomerang"],"picked":"Cleave","floor":2},{"not_picked":["Brutality","Clash"],"picked":"Rage","floor":8},{"not_picked":["Entrench","Rupture"],"picked":"Spot Weakness","floor":11},{"not_picked":["Second Wind","Perfected Strike","Warcry"],"picked":"SKIP","floor":14},{"not_picked":["Corruption","Bludgeon"],"picked":"Berserk","floor":16},{"not_picked":["Carnage","Feel No Pain"],"picked":"Shrug It Off","floor":17},{"not_picked":["Flex","Thunderclap"],"picked":"Wild Strike","floor":18},{"not_picked":["Flex","Heavy Blade"],"picked":"Sword Boomerang","floor":19}],"player_experience":1994122,"relics_obtained":[{"floor":8,"key":"Magic Flower"},{"floor":9,"key":"Smiling Mask"}],"event_choices":[{"damage_healed":0,"gold_gain":0,"player_choice":"Donut","damage_taken":0,"max_hp_gain":5,"max_hp_loss":0,"event_name":"Big Fish","floor":3,"gold_loss":0},{"damage_healed":0,"gold_gain":0,"cards_transformed":["Strike_R"],"player_choice":"Change","damage_taken":0,"max_hp_gain":0,"max_hp_loss":0,"event_name":"Living Wall","floor":4,"gold_loss":0,"cards_obtained":["Entrench"]},{"damage_healed":0,"gold_gain":0,"player_choice":"Take Wound","damage_taken":0,"relics_obtained":["Golden Idol"],"max_hp_gain":0,"max_hp_loss":0,"event_name":"Golden Idol","floor":5,"gold_loss":0,"cards_obtained":["Injury"]}],"is_beta":false,"boss_relics":[{"not_picked":["SacredBark","Runic Pyramid"],"picked":"Tiny House"}],"items_purged_floors":[13],"is_endless":false,"potions_floor_spawned":[8,16,18,19],"killed_by":"Snake Plant","ascension_level":19}}