{"host":"dcj2yvrgcvh5dl2s","time":1609406231,"event":{"mods":["BaseMod","Better Note","Block Reminder","Colored Powertips","DeckTracker","Minty Spire (QoL Compilation)","Quick Restart","Rare Cards Sparkle","Relic Stats","StSLib"],"gold_per_floor":[114,129,129,129,129,129,152,152,152],"floor_reached":8,"playtime":185,"items_purged":[],"score":87,"play_id":"0e4c86e9-86b0-4a15-9fa2-4907127f6245","local_time":"20201231191711","is_ascension_mode":true,"campfire_choices":[{"floor":6,"key":"REST"}],"circlet_count":0,"master_deck":["AscendersBane","Strike_R","Strike_R","Strike_R","Strike_R","Defend_R","Defend_R","Defend_R","Defend_R","Bash","Shrug It Off","Sword Boomerang","Uppercut"],"relics":["Burning Blood","Bird Faced Urn","InkBottle","Golden Idol"],"acts_visited":["Exordium"],"potions_floor_usage":[],"damage_taken":[{"damage":4,"enemies":"Small Slimes","floor":1,"turns":4},{"damage":7,"enemies":"2 Louse","floor":2,"turns":2},{"damage":2,"enemies":"Jaw Worm","floor":7,"turns":3},{"damage":44,"enemies":"3 Sentries","floor":8,"turns":10}],"seed_played":"-3978732890872938901","potions_obtained":[{"floor":7,"key":"Weak Potion"}],"is_trial":false,"path_per_floor":["M","M","?","?","?","R","M","E"],"character_chosen":"IRONCLAD","items_purchased":[],"campfire_rested":1,"item_purchase_floors":[],"current_hp_per_floor":[68,67,49,26,19,39,43,0,0],"gold":152,"neow_bonus":"ONE_RARE_RELIC","is_daily":false,"chose_seed":false,"campfire_upgraded":0,"win_rate":0.0,"timestamp":1609406231,"path_taken":["M","M","?","?","?","R","M","E"],"items_purchased_type":[],"build_version":"2020-12-22","purchased_purges":0,"victory":false,"max_hp_per_floor":[68,68,68,68,68,68,68,68,68],"relic_stats":{"counters":[4,19],"Golden Idol":5,"Bird Faced Urn":[0],"obtain_stats":[{"Golden Idol":4,"Bird Faced Urn":0,"Burning Blood":0,"InkBottle":3},{"Golden Idol":2,"Bird Faced Urn":0,"Burning Blood":0,"InkBottle":2},{"Golden Idol":6,"Bird Faced Urn":0,"Burning Blood":0,"InkBottle":6}],"Burning Blood":16,"InkBottle":[3]},"card_choices":[{"not_picked":["Searing Blow","Heavy Blade"],"picked":"Shrug It Off","floor":1},{"not_picked":["Shrug It Off","Second Wind"],"picked":"Sword Boomerang","floor":2},{"not_picked":["Wild Strike","Perfected Strike"],"picked":"Uppercut","floor":7}],"player_experience":2126677,"relics_obtained":[],"event_choices":[{"damage_healed":0,"gold_gain":0,"player_choice":"Success","damage_taken":18,"relics_obtained":["InkBottle"],"max_hp_gain":0,"max_hp_loss":0,"event_name":"Scrap Ooze","floor":3,"gold_loss":0},{"damage_healed":0,"gold_gain":0,"player_choice":"Take Damage","damage_taken":23,"relics_obtained":["Golden Idol"],"max_hp_gain":0,"max_hp_loss":0,"event_name":"Golden Idol","floor":4,"gold_loss":0},{"cards_removed":["Strike_R"],"damage_healed":0,"gold_gain":0,"player_choice":"Card Removal","damage_taken":7,"max_hp_gain":0,"max_hp_loss":0,"event_name":"Golden Wing","floor":5,"gold_loss":0}],"is_beta":false,"boss_relics":[],"items_purged_floors":[],"is_endless":false,"potions_floor_spawned":[7],"killed_by":"3 Sentries","ascension_level":18}}