{"host":"illcitrm55wwsa0m","time":1609438403,"event":{"mods":["AchievementEnabler","BaseMod","Colored Map","Minty Spire (QoL Compilation)","Quick Restart"],"gold_per_floor":[109,123,134,152,77,104,122,122,122,136,170,183,196,230,230,230,230],"floor_reached":16,"playtime":1334,"items_purged":["Strike_R"],"score":132,"play_id":"4c70af84-51e4-4e8d-af82-96460d746d50","local_time":"20201231191323","is_ascension_mode":true,"campfire_choices":[{"data":"Whirlwind","floor":8,"key":"SMITH"},{"floor":15,"key":"REST"}],"circlet_count":0,"master_deck":["Strike_R","Strike_R","Strike_R","Defend_R","Defend_R","Defend_R","Defend_R","Bash","Thunderclap","Whirlwind+1","Pommel Strike","Iron Wave","Offering","Evolve","Flame Barrier","Iron Wave","Shrug It Off"],"relics":["Burning Blood","Bag of Preparation","Potion Belt","Darkstone Periapt"],"acts_visited":["Exordium"],"potions_floor_usage":[6,12,14,16,16],"damage_taken":[{"damage":1,"enemies":"Cultist","floor":1,"turns":3},{"damage":0,"enemies":"2 Louse","floor":2,"turns":1},{"damage":8,"enemies":"Jaw Worm","floor":3,"turns":3},{"damage":6,"enemies":"Red Slaver","floor":4,"turns":3},{"damage":24,"enemies":"Lagavulin","floor":6,"turns":8},{"damage":0,"enemies":"Lots of Slimes","floor":7,"turns":1},{"damage":18,"enemies":"2 Fungi Beasts","floor":10,"turns":3},{"damage":15,"enemies":"3 Sentries","floor":11,"turns":2},{"damage":6,"enemies":"Exordium Wildlife","floor":12,"turns":3},{"damage":0,"enemies":"3 Louse","floor":13,"turns":1},{"damage":30,"enemies":"Lagavulin","floor":14,"turns":7},{"damage":41,"enemies":"The Guardian","floor":16,"turns":11}],"seed_played":"5873117785904767936","potions_obtained":[{"floor":1,"key":"AttackPotion"},{"floor":2,"key":"ColorlessPotion"},{"floor":3,"key":"HeartOfIron"},{"floor":11,"key":"AttackPotion"},{"floor":14,"key":"Explosive Potion"}],"is_trial":false,"path_per_floor":["M","M","M","M","$","E","M","R","T","M","E","M","M","E","R","B"],"character_chosen":"IRONCLAD","items_purchased":[],"campfire_rested":1,"item_purchase_floors":[],"current_hp_per_floor":[80,80,78,78,78,60,66,66,66,54,45,45,51,27,51,10,10],"gold":230,"neow_bonus":"TRANSFORM_CARD","is_daily":false,"chose_seed":false,"campfire_upgraded":1,"win_rate":0.0,"timestamp":1609438403,"path_taken":["M","M","M","M","$","E","M","R","T","?","E","M","M","E","R","BOSS"],"items_purchased_type":[],"build_version":"2020-12-22","purchased_purges":1,"victory":false,"max_hp_per_floor":[80,80,80,80,80,80,80,80,80,80,80,80,80,80,80,80,80],"card_choices":[{"not_picked":["Metallicize","Flame Barrier"],"picked":"Whirlwind","floor":1},{"not_picked":["Evolve","True Grit"],"picked":"Pommel Strike","floor":2},{"not_picked":["Dual Wield","Perfected Strike"],"picked":"Iron Wave","floor":3},{"not_picked":["Perfected Strike","Flex","Iron Wave"],"picked":"SKIP","floor":4},{"not_picked":["Carnage","Clothesline"],"picked":"Offering","floor":6},{"not_picked":["Clash","Flex"],"picked":"Evolve","floor":7},{"not_picked":["Cleave","Flex","Heavy Blade"],"picked":"SKIP","floor":10},{"not_picked":["Sword Boomerang","Thunderclap"],"picked":"Flame Barrier","floor":11},{"not_picked":["Rampage","Heavy Blade"],"picked":"Iron Wave","floor":12},{"not_picked":["Uppercut","Clothesline","Carnage"],"picked":"SKIP","floor":13},{"not_picked":["Sever Soul","Inflame"],"picked":"Shrug It Off","floor":14}],"player_experience":99441,"relics_obtained":[{"floor":6,"key":"Bag of Preparation"},{"floor":11,"key":"Potion Belt"},{"floor":14,"key":"Darkstone Periapt"}],"event_choices":[],"is_beta":false,"boss_relics":[],"items_purged_floors":[5],"is_endless":false,"potions_floor_spawned":[1,2,3,11,14],"killed_by":"The Guardian","ascension_level":1}}