{"host":"cgv4xfjbrthxr81g","time":1609380062,"event":{"mods":["2.2 Compatiblity","Act Like it!","BaseMod","Bestiary","Better Altar","Better Match","Better Note","Better Sensory Stone","Better Skull","Better Third Choice","BetterRewards","Block Reminder","Card Forge","Clawfect","Colored Map","Colored Powertips","Curses Come First","DeckTracker","Defuse TimeMaze Blight","Downfall","Energized Spire","Evolution","Friendly Minions","Hallownest","Highlight Path","Hubris","Infinite Spire","Mimic Mod","Minty Spire (QoL Compilation)","Permanent Neow","Quick Restart","Rare Cards Sparkle","Relic Sorter","Relic Stats","Replay The Spire","Robot Space Explorer","Shop Mod","Spicy Shops","StSLib","SuperFastMode","The Bug Knight","The Caster","The Construct","The Jungle","TheVacant","Uncapped","Wandering Minibosses"],"gold_per_floor":[114,114,125,142,142,142,156,156,156,81,131,160,172,54,54,54,54],"floor_reached":16,"playtime":770,"items_purged":["Looming Evil"],"score":95,"play_id":"38cbdb0f-1044-4a15-bf45-f6c04ae9c4fa","local_time":"20201230210102","is_ascension_mode":true,"campfire_choices":[{"floor":6.0,"key":"REST"},{"data":"construct:AttackMode","floor":8.0,"key":"SMITH"},{"data":"construct:DefenseMode","floor":15,"key":"SMITH"}],"circlet_count":0,"master_deck":["construct:SweepLaser","construct:SweepLaser","construct:SweepLaser","construct:Strike_Gold","construct:Strike_Gold","construct:Defend_Gold","construct:Defend_Gold","construct:Defend_Gold","construct:Defend_Gold","construct:Defend_Gold","construct:AttackMode+1","construct:DefenseMode+1","construct:Reinforce","hubris:EnhanceAbility","construct:GuardCore","construct:Forcefield","construct:ReactiveShield","construct:PointDefense","Languid","Decay"],"relics":["construct:Cogwheel","Seething Fire","ReplayTheSpireMod:Ring of Sloth","Anvil of the Gods","construct:Challenge1","Hammer of Thor","EVO:Axolotl","Thread and Needle","Ring of Greed","Membership Card","MerchantsRug","Happy Flower","PrismaticShard"],"acts_visited":["Hallownest:Greenpath"],"potions_floor_usage":[],"damage_taken":[{"damage":0.0,"enemies":"Hallownest:monsterHuskWarrior","floor":1.0,"turns":4.0},{"damage":1.0,"enemies":"Hallownest:2_Baldur","floor":3.0,"turns":6.0},{"damage":0.0,"enemies":"Hallownest:2_MossCreeps","floor":4.0,"turns":6.0},{"damage":13.0,"enemies":"Hallownest:1_Ooma_and_2_Uuma","floor":7.0,"turns":7.0},{"damage":0.0,"enemies":"Hallownest:monsterAspidMother","floor":12.0,"turns":5.0},{"damage":51,"enemies":"Hallownest:BossHornet","floor":16,"turns":19}],"seed_played":"6341483124741761175","potions_obtained":[{"floor":1.0,"key":"Energy Potion"},{"floor":12.0,"key":"Block Potion"}],"is_trial":false,"path_per_floor":["M","?","M","M","?","R","M","R","T","$","?","M","?","$","R","B"],"character_chosen":"THE_CONSTRUCT_MOD","items_purchased":["construct:Reinforce","construct:PointDefense","MerchantsRug","Happy Flower","PrismaticShard"],"campfire_rested":1,"item_purchase_floors":[0,10,14,14,14],"current_hp_per_floor":[37,37,36,36,36,61,48,48,48,48,48,48,48,48,48,0,0],"gold":54,"neow_bonus":"","is_daily":false,"chose_seed":false,"campfire_upgraded":2,"win_rate":0.0,"timestamp":1609380062,"path_taken":["M","?","M","?","?","R","M","R","T","$","?","M","?","$","R","BOSS"],"items_purchased_type":["Card","Card","Relic","Relic","Relic"],"build_version":"2020-12-22","purchased_purges":1,"victory":false,"max_hp_per_floor":[85,85,85,85,85,85,85,85,85,85,85,85,85,85,85,85,85],"relic_stats":{"Happy Flower":[6],"counters":[6,47],"obtain_stats":[{"MerchantsRug":14,"Happy Flower":14,"ReplayTheSpireMod:Ring of Sloth":11,"Thread and Needle":0,"Hammer of Thor":0,"EVO:Axolotl":0,"Seething Fire":0,"Ring of Greed":11,"MawBank":11,"PrismaticShard":14,"construct:Challenge1":0,"Anvil of the Gods":0,"construct:Cogwheel":0,"Membership Card":11,"hubris:Reverence":9},{"MerchantsRug":5,"Happy Flower":5,"ReplayTheSpireMod:Ring of Sloth":4,"Thread and Needle":0,"Hammer of Thor":0,"EVO:Axolotl":0,"Seething Fire":0,"Ring of Greed":4,"MawBank":4,"PrismaticShard":5,"construct:Challenge1":0,"Anvil of the Gods":0,"construct:Cogwheel":0,"Membership Card":4,"hubris:Reverence":4},{"MerchantsRug":28,"Happy Flower":28,"ReplayTheSpireMod:Ring of Sloth":23,"Thread and Needle":0,"Hammer of Thor":0,"EVO:Axolotl":0,"Seething Fire":0,"Ring of Greed":23,"MawBank":23,"PrismaticShard":28,"construct:Challenge1":0,"Anvil of the Gods":0,"construct:Cogwheel":0,"Membership Card":23,"hubris:Reverence":23}]},"card_choices":[{"not_picked":["construct:Synchronize","construct:ScrapCannon","construct:ModeShift"],"picked":"SKIP","floor":1.0},{"not_picked":["expansioncontent:YouAreMine","ReplayTheSpireMod:Brewmster"],"picked":"hubris:EnhanceAbility","floor":2.0},{"not_picked":["construct:HeavyBolt","construct:Boost"],"picked":"construct:GuardCore","floor":3.0},{"not_picked":["construct:FlakBarrage","construct:UnbalancingBlast"],"picked":"construct:Forcefield","floor":4.0},{"not_picked":["construct:Anticipate","construct:Reinforce"],"picked":"construct:ReactiveShield","floor":7.0},{"not_picked":["construct:Boost","construct:Missile","construct:ModeShift"],"picked":"SKIP","floor":12.0}],"player_experience":90175,"relics_obtained":[{"floor":9.0,"key":"hubris:Reverence"},{"floor":11.0,"key":"Ring of Greed"},{"floor":11.0,"key":"Membership Card"},{"floor":11.0,"key":"MawBank"},{"floor":11.0,"key":"ReplayTheSpireMod:Ring of Sloth"}],"event_choices":[{"damage_healed":0.0,"max_hp_gain":0.0,"max_hp_loss":0.0,"gold_gain":1.0,"event_name":"betterStone:BetterStone","player_choice":"1","floor":2.0,"gold_loss":0.0,"damage_taken":0.0}],"is_beta":false,"boss_relics":[],"items_purged_floors":[14],"is_endless":false,"potions_floor_spawned":[1,12],"killed_by":"Hallownest:BossHornet","ascension_level":1}}