{"host":"ifkniheryhug0h86","time":1609438679,"event":{"mods":["AchievementEnabler","BaseMod","Block Reminder","Colored Map","Colored Powertips","DeckTracker","Downfall","Googly Eyes","Highlight Path","Hubris","Infinite Spire","Minty Spire (QoL Compilation)","Quick Restart","Relic Sorter","Relic Stats","StSLib","The Construct","The Necromancer"],"gold_per_floor":[117,117,42,59,59,59,69,69,69,103,121,21,49,62,62,62,62],"floor_reached":16,"playtime":745,"items_purged":["Strike_R","Defend_R"],"score":110,"play_id":"8af30251-ba94-478e-bbd5-5e00fafa21ee","local_time":"20201231131759","is_ascension_mode":false,"campfire_choices":[{"data":"Headbutt","floor":6,"key":"SMITH"},{"data":"True Grit","floor":8,"key":"SMITH"},{"data":"Armaments","floor":15,"key":"SMITH"}],"circlet_count":0,"master_deck":["Strike_R","Strike_R","Strike_R","Defend_R","Defend_R","Defend_R","Bash","Headbutt+1","Pommel Strike","True Grit+1","Flex","Flame Barrier","Armaments+1"],"relics":["Burning Blood","NeowsBlessing","infinitespire:WardingShard","infinitespire:BottledMercury","WingedGreaves","Boot"],"acts_visited":["Exordium"],"potions_floor_usage":[10,16],"damage_taken":[{"damage":0,"enemies":"2 Louse","floor":1,"turns":2},{"damage":0,"enemies":"Cultist","floor":4,"turns":1},{"damage":0,"enemies":"Jaw Worm","floor":7,"turns":1},{"damage":18,"enemies":"Lagavulin","floor":10,"turns":5},{"damage":11,"enemies":"Exordium Wildlife","floor":11,"turns":5},{"damage":18,"enemies":"3 Sentries","floor":13,"turns":6},{"damage":3,"enemies":"Lots of Slimes","floor":14,"turns":5},{"damage":44,"enemies":"The Guardian","floor":16,"turns":9}],"seed_played":"2525753334788077670","potions_obtained":[{"floor":1,"key":"PowerPotion"},{"floor":4,"key":"LiquidBronze"},{"floor":11,"key":"Ancient Potion"},{"floor":14,"key":"construct:ShiftPotion"}],"is_trial":false,"path_per_floor":["M","?","$","M","?","R","M","R","T","E","M","$","E","M","R","B"],"character_chosen":"IRONCLAD","items_purchased":[],"campfire_rested":0,"item_purchase_floors":[],"current_hp_per_floor":[80,80,80,80,80,80,80,80,80,68,63,63,51,54,54,10,10],"gold":62,"neow_bonus":"THREE_ENEMY_KILL","is_daily":false,"chose_seed":false,"campfire_upgraded":3,"win_rate":0.0,"timestamp":1609438679,"path_taken":["M","?","$","?","?","R","M","R","T","E","M","$","E","M","R","BOSS"],"items_purchased_type":[],"build_version":"2020-12-22","purchased_purges":2,"victory":false,"max_hp_per_floor":[80,80,80,80,80,80,80,80,80,80,80,80,80,80,80,80,80],"relic_stats":{"counters":[8,34],"Boot":[1],"obtain_stats":[{"infinitespire:BottledMercury":9,"NeowsBlessing":0,"infinitespire:WardingShard":5,"WingedGreaves":10,"Boot":13,"Burning Blood":0},{"infinitespire:BottledMercury":3,"NeowsBlessing":0,"infinitespire:WardingShard":2,"WingedGreaves":4,"Boot":6,"Burning Blood":0},{"infinitespire:BottledMercury":4,"NeowsBlessing":0,"infinitespire:WardingShard":3,"WingedGreaves":9,"Boot":20,"Burning Blood":0}],"Burning Blood":24},"card_choices":[{"not_picked":["Thunderclap","Armaments"],"picked":"Headbutt","floor":1},{"not_picked":["Clothesline","Cleave"],"picked":"Pommel Strike","floor":4},{"not_picked":["Searing Blow","Twin Strike"],"picked":"True Grit","floor":7},{"not_picked":["Reckless Charge","Rage"],"picked":"Flex","floor":10},{"not_picked":["Whirlwind","Headbutt","Cleave"],"picked":"SKIP","floor":11},{"not_picked":["Dark Embrace","Carnage"],"picked":"Flame Barrier","floor":13},{"not_picked":["Combust","Whirlwind"],"picked":"Armaments","floor":14}],"player_experience":14001,"relics_obtained":[{"floor":5,"key":"infinitespire:WardingShard"},{"floor":9,"key":"infinitespire:BottledMercury"},{"floor":10,"key":"WingedGreaves"},{"floor":13,"key":"Boot"}],"event_choices":[{"cards_removed":["Strike_R"],"damage_healed":0,"gold_gain":0,"player_choice":"Purged","damage_taken":0,"max_hp_gain":0,"max_hp_loss":0,"event_name":"Purifier","floor":2,"gold_loss":0}],"is_beta":false,"boss_relics":[],"items_purged_floors":[3,12],"is_endless":false,"potions_floor_spawned":[1,4,11,14],"killed_by":"The Guardian","ascension_level":0}}