{"host":"37dk0reb6x0du8wx","time":1609421587,"event":{"mods":["BaseMod","Colored Map","DeckTracker","Minty Spire (QoL Compilation)","Quick Restart","StSLib","SuperFastMode","The Dragon Tamer"],"gold_per_floor":[110,60,60,78,88,88,88,88,88,88,107,107,126,149,149,280,280,300,215,215,229,239,239,250,250,250,0,0,16,16,106,106,204,204,214,229,242,242,242,242],"floor_reached":39,"playtime":1086,"items_purged":["Strike_G"],"score":417,"play_id":"1910e939-bea2-482e-8e18-7dc3aae8d68e","local_time":"20201231223307","is_ascension_mode":true,"campfire_choices":[{"data":"Blade Dance","floor":6,"key":"SMITH"},{"data":"Defend_G","floor":10,"key":"SMITH"},{"data":"Infinite Blades","floor":12,"key":"SMITH"},{"floor":15,"key":"REST"},{"floor":23,"key":"REST"},{"data":"Blade Dance","floor":25,"key":"SMITH"},{"floor":32,"key":"REST"}],"circlet_count":0,"master_deck":["Strike_G","Strike_G","Strike_G","Defend_G+1","Defend_G","Defend_G","Defend_G","Defend_G+1","Survivor+1","Neutralize","Blade Dance+1","Infinite Blades+1","Blade Dance+1","Blade Dance","Deflect+1","Slice","Infinite Blades","Infinite Blades+1","Blade Dance"],"relics":["Ring of the Snake","NeowsBlessing","Bloody Idol","Orichalcum","WristBlade","Singing Bowl","Unceasing Top","Membership Card","HoveringKite"],"acts_visited":["Exordium","TheCity","TheBeyond"],"potions_floor_usage":[16,16,24,33,33,37,39],"damage_taken":[{"damage":0,"enemies":"Small Slimes","floor":1,"turns":1},{"damage":0,"enemies":"2 Louse","floor":4,"turns":1},{"damage":0,"enemies":"Cultist","floor":5,"turns":1},{"damage":2,"enemies":"Looter","floor":11,"turns":4},{"damage":8,"enemies":"Red Slaver","floor":13,"turns":5},{"damage":9,"enemies":"Exordium Wildlife","floor":14,"turns":4},{"damage":45,"enemies":"The Guardian","floor":16,"turns":16},{"damage":15,"enemies":"3 Byrds","floor":18,"turns":4},{"damage":0,"enemies":"Spheric Guardian","floor":21,"turns":3},{"damage":29,"enemies":"Snake Plant","floor":22,"turns":6},{"damage":8,"enemies":"Cultist and Chosen","floor":24,"turns":5},{"damage":8,"enemies":"Snecko","floor":29,"turns":3},{"damage":33,"enemies":"Collector","floor":33,"turns":5},{"damage":2,"enemies":"Orb Walker","floor":35,"turns":3},{"damage":54,"enemies":"3 Shapes","floor":36,"turns":4},{"damage":40,"enemies":"Maw","floor":37,"turns":7},{"damage":13,"enemies":"Jaw Worm Horde","floor":39,"turns":2}],"seed_played":"9202316242299987805","potions_obtained":[{"floor":5,"key":"Block Potion"},{"floor":14,"key":"FearPotion"},{"floor":16,"key":"CultistPotion"},{"floor":18,"key":"Block Potion"},{"floor":29,"key":"Explosive Potion"},{"floor":33,"key":"Regen Potion"},{"floor":37,"key":"CunningPotion"}],"is_trial":false,"path_per_floor":["M","?","?","M","M","R","?","?","T","R","M","R","M","M","R","B",null,"M","?","?","M","M","R","M","R","T","$","?","M","?","?","R","B",null,"M","M","M","?","M"],"character_chosen":"THE_SILENT","items_purchased":["Membership Card","Slice","Infinite Blades"],"campfire_rested":3,"item_purchase_floors":[27,27,27],"current_hp_per_floor":[70,70,70,70,70,70,53,53,53,53,51,51,43,34,55,10,70,55,55,55,60,38,59,58,58,58,58,58,55,55,48,70,44,76,78,31,11,11,0,0],"gold":242,"neow_bonus":"THREE_ENEMY_KILL","is_daily":false,"chose_seed":false,"campfire_upgraded":4,"win_rate":0.0,"timestamp":1609421587,"path_taken":["M","?","?","M","?","R","?","?","T","R","M","R","?","M","R","BOSS","M","?","?","M","M","R","M","R","T","$","?","M","?","?","R","BOSS","M","M","?","?","M"],"items_purchased_type":["Relic","Card","Card"],"build_version":"2020-12-22","purchased_purges":1,"victory":false,"max_hp_per_floor":[70,70,70,70,70,70,70,70,70,70,70,70,70,70,70,70,70,70,70,70,70,72,72,74,74,74,74,74,74,74,74,74,76,76,78,80,80,80,80,80],"card_choices":[{"not_picked":["Deflect","Reflex","Dagger Spray"],"picked":"SKIP","floor":1},{"not_picked":["Cloak And Dagger","Dagger Spray","Blade Dance"],"picked":"SKIP","floor":4},{"not_picked":["Cloak And Dagger","Dagger Spray"],"picked":"Blade Dance","floor":4},{"not_picked":["Underhanded Strike","Poisoned Stab","Terror"],"picked":"SKIP","floor":5},{"not_picked":["Blur","Outmaneuver"],"picked":"Infinite Blades","floor":11},{"not_picked":["Concentrate","Bouncing Flask","Flying Knee"],"picked":"SKIP","floor":13},{"not_picked":["Prepared","Cloak And Dagger"],"picked":"Blade Dance","floor":14},{"not_picked":["Tools of the Trade","Adrenaline"],"picked":"Envenom","floor":16},{"not_picked":["Deadly Poison","Poisoned Stab"],"picked":"Blade Dance","floor":18},{"not_picked":["Choke","Outmaneuver"],"picked":"Deflect+1","floor":21},{"not_picked":["Sucker Punch","Quick Slash","Adrenaline"],"picked":"Singing Bowl","floor":22},{"not_picked":["Leg Sweep","Escape Plan+1","Bane"],"picked":"Singing Bowl","floor":24},{"not_picked":["Leg Sweep","Dodge and Roll+1"],"picked":"Infinite Blades+1","floor":29},{"not_picked":["Wraith Form v2","Grand Finale","Night Terror"],"picked":"Singing Bowl","floor":33},{"not_picked":["Dodge and Roll+1","Deflect+1","Sucker Punch+1"],"picked":"Singing Bowl","floor":35},{"not_picked":["Prepared+1","Calculated Gamble+1","Reflex+1"],"picked":"Singing Bowl","floor":36},{"not_picked":["Dodge and Roll+1","Acrobatics+1"],"picked":"Blade Dance","floor":37}],"player_experience":114283,"relics_obtained":[{"floor":9,"key":"Orichalcum"},{"floor":26,"key":"Unceasing Top"}],"event_choices":[{"cards_removed":["Strike_G"],"damage_healed":0,"gold_gain":0,"player_choice":"Card Removal","damage_taken":0,"max_hp_gain":0,"max_hp_loss":0,"event_name":"The Cleric","floor":2,"gold_loss":50},{"damage_healed":0,"gold_gain":0,"player_choice":"Upgraded","damage_taken":0,"max_hp_gain":0,"max_hp_loss":0,"event_name":"Upgrade Shrine","floor":3,"gold_loss":0,"cards_upgraded":["Survivor"]},{"damage_healed":0,"gold_gain":0,"player_choice":"Take Damage","damage_taken":17,"relics_obtained":["Golden Idol"],"max_hp_gain":0,"max_hp_loss":0,"event_name":"Golden Idol","floor":7,"gold_loss":0},{"damage_healed":0,"gold_gain":0,"player_choice":"Forge","damage_taken":0,"max_hp_gain":0,"max_hp_loss":0,"event_name":"Accursed Blacksmith","floor":8,"gold_loss":0,"cards_upgraded":["Defend_G"]},{"damage_healed":0,"gold_gain":0,"player_choice":"Obtained Relic","damage_taken":0,"relics_obtained":["Singing Bowl"],"max_hp_gain":0,"max_hp_loss":0,"event_name":"Addict","floor":19,"gold_loss":85},{"damage_healed":0,"gold_gain":0,"player_choice":"Gave Idol","damage_taken":0,"relics_obtained":["Bloody Idol"],"max_hp_gain":0,"max_hp_loss":0,"event_name":"Forgotten Altar","floor":20,"relics_lost":["Golden Idol"],"gold_loss":0},{"damage_healed":0,"gold_gain":0,"player_choice":"Ignored","damage_taken":0,"max_hp_gain":0,"max_hp_loss":0,"event_name":"Ghosts","floor":28,"gold_loss":0},{"damage_healed":0,"gold_gain":0,"player_choice":"Ignored","damage_taken":0,"max_hp_gain":0,"max_hp_loss":0,"event_name":"Vampires","floor":30,"gold_loss":0},{"damage_healed":0,"gold_gain":90,"player_choice":"GOLD ","damage_taken":12,"max_hp_gain":0,"max_hp_loss":0,"event_name":"Knowing Skull","floor":31,"potions_obtained":[],"gold_loss":0,"cards_obtained":[]},{"cards_removed":["Envenom"],"damage_healed":0,"gold_gain":0,"player_choice":"Removed Power","damage_taken":0,"max_hp_gain":0,"max_hp_loss":0,"event_name":"Falling","floor":38,"gold_loss":0}],"is_beta":false,"boss_relics":[{"not_picked":["SlaversCollar","Fusion Hammer"],"picked":"WristBlade"},{"not_picked":["Coffee Dripper","Pandora\u0027s Box"],"picked":"HoveringKite"}],"items_purged_floors":[27],"is_endless":false,"potions_floor_spawned":[5,14,16,18,29,33,37],"killed_by":"Jaw Worm Horde","ascension_level":1}}