{"host":"be3r5d8qs4ku9xfy","time":1609381898,"event":{"mods":["AchievementEnabler","Act Like it!","BaseMod","BetterRewards","Colored Map","Colored Powertips","Downfall","Highlight Path","Hubris","Infinite Spire","Minty Spire (QoL Compilation)","Quick Restart","Replay The Spire","Shop Mod","StSLib","SuperFastMode","The Construct"],"gold_per_floor":[109,109,129,147,147,174,199,199,225,225,250,265,282,300,300,401,401,412,430,115,115],"floor_reached":20,"playtime":2434,"items_purged":[],"score":246,"play_id":"e0417276-f8fc-4778-859c-7efbe971753a","local_time":"20201230213138","daily_mods":["Draft","Specialized","Heirloom","Time Dilation","Flight","downfall:Lament"],"is_ascension_mode":false,"campfire_choices":[{"floor":8,"key":"REST"},{"data":"sneckomod:DiceBoulder","floor":15,"key":"SMITH"}],"circlet_count":0,"master_deck":["sneckomod:UnknownCommonSkill","sneckomod:UnknownCommonSkill","sneckomod:UnknownCommonSkill","sneckomod:UnknownCommonSkill","sneckomod:UnknownCommonSkill","sneckomod:UnknownStrike","sneckomod:QuickBite","sneckomod:SoulDraw","sneckomod:RainOfDice","sneckomod:DiceBlock","sneckomod:DiceBoulder","sneckomod:IronFang+1","sneckomod:ImprovisedAttack","sneckomod:QuickBite","sneckomod:QuickMove","sneckomod:ImprovisedAttack","sneckomod:UnknownStrike","sneckomod:IronFang","sneckomod:DiceBlock","sneckomod:QuickBite","sneckomod:UnknownUncommonPower","sneckomod:UnknownStrike","sneckomod:SnakeSap","sneckomod:IronFang","sneckomod:UnknownEthereal","sneckomod:UnknownClassINFINITE_BLACK","sneckomod:WideSting","sneckomod:ImprovisedAttack","sneckomod:DiceBoulder+1","sneckomod:UnknownRareAttack","sneckomod:SoulDraw+1","Armaments","Midas Touch","Midas Touch","sneckomod:Unknown0Cost+1"],"relics":["sneckomod:SneckoSoul","NeowsBlessing","TungstenRod","Potion Belt","Replay:Mystery Machine","hubris:DisguiseKit","Blue Doll","Anchor","Fusion Hammer","Nunchaku"],"acts_visited":["Exordium","TheCity"],"potions_floor_usage":[20,20,20,20],"damage_taken":[{"damage":0,"enemies":"Cultist","floor":1,"turns":1},{"damage":0,"enemies":"Jaw Worm","floor":3,"turns":1},{"damage":0,"enemies":"Small Slimes","floor":4,"turns":1},{"damage":8,"enemies":"Replay:BlueRogue","floor":6,"turns":4},{"damage":33,"enemies":"Lagavulin","floor":7,"turns":6},{"damage":1,"enemies":"Replay:BlueRogue","floor":11,"turns":4},{"damage":0,"enemies":"Blue Slaver","floor":12,"turns":2},{"damage":0,"enemies":"Exordium Wildlife","floor":13,"turns":3},{"damage":0,"enemies":"Large Slime","floor":14,"turns":3},{"damage":55,"enemies":"The Guardian","floor":16,"turns":9},{"damage":0,"enemies":"Chosen","floor":18,"turns":2},{"damage":3,"enemies":"Shell Parasite","floor":19,"turns":4},{"damage":101,"enemies":"hubris:Merchant","floor":20,"turns":9}],"seed_played":"2121973630122141040","potions_obtained":[{"floor":1,"key":"Languid Potion"},{"floor":6,"key":"Fire Potion"},{"floor":12,"key":"SteroidPotion"},{"floor":13,"key":"Fire Potion"}],"is_trial":true,"path_per_floor":["M","?","M","M","?","E","E","R","T","?","E","M","M","M","R","B",null,"M","M","$"],"character_chosen":"THE_SNECKO","items_purchased":["Midas Touch","sneckomod:Unknown0Cost+1","Nunchaku"],"campfire_rested":1,"item_purchase_floors":[20,20,20],"current_hp_per_floor":[98,99,100,100,95,87,55,85,85,85,85,85,85,85,85,40,103,103,100,0,0],"gold":115,"neow_bonus":"","is_daily":false,"chose_seed":false,"campfire_upgraded":1,"win_rate":0.0,"timestamp":1609381898,"path_taken":["M","?","M","?","?","E","E","R","T","?","E","?","M","M","R","BOSS","M","M","$"],"items_purchased_type":["Card","Card","Relic"],"build_version":"2020-12-22","purchased_purges":0,"victory":false,"max_hp_per_floor":[98,99,100,100,100,100,101,101,101,101,102,102,102,102,102,103,103,103,103,104,104],"card_choices":[{"not_picked":["sneckomod:UnknownWeak","sneckomod:SerpentIdol"],"picked":"sneckomod:UnknownStrike","floor":0},{"not_picked":["sneckomod:DiceCrush","sneckomod:UnknownClassHEXA_GHOST_PURPLE"],"picked":"sneckomod:QuickBite","floor":0},{"not_picked":["sneckomod:UnknownClassSLIMEBOUND","sneckomod:SoulCleanse"],"picked":"sneckomod:SoulDraw","floor":0},{"not_picked":["sneckomod:UnknownUncommonSkill","sneckomod:UnknownVulnerable"],"picked":"sneckomod:RainOfDice","floor":0},{"not_picked":["sneckomod:SlitherStrike","sneckomod:TrashToTreasure"],"picked":"sneckomod:DiceBlock","floor":0},{"not_picked":["sneckomod:UnknownStrike","sneckomod:UnknownClassCONSTRUCTMOD"],"picked":"sneckomod:DiceBoulder","floor":0},{"not_picked":["sneckomod:SoulRoll","sneckomod:UnknownX"],"picked":"sneckomod:IronFang","floor":0},{"not_picked":["sneckomod:SoulDraw","sneckomod:DiceBoulder"],"picked":"sneckomod:ImprovisedAttack","floor":0},{"not_picked":["sneckomod:UnknownCommonAttack","sneckomod:QuickMove"],"picked":"sneckomod:QuickBite","floor":0},{"not_picked":["sneckomod:UnknownClassTHE_CHAMP_GRAY","sneckomod:UnknownWeak"],"picked":"sneckomod:QuickMove","floor":0},{"not_picked":["sneckomod:DiceCrush","sneckomod:UnknownClassGREEN"],"picked":"sneckomod:ImprovisedAttack","floor":0},{"not_picked":["sneckomod:UnknownClassINFINITE_BLACK","sneckomod:QuickMove"],"picked":"sneckomod:UnknownStrike","floor":0},{"not_picked":["sneckomod:Unknown1Cost","sneckomod:WideSting"],"picked":"sneckomod:IronFang","floor":0},{"not_picked":["sneckomod:Unknown2Cost","sneckomod:SoulCleanse"],"picked":"sneckomod:DiceBlock","floor":0},{"not_picked":["sneckomod:UnknownVulnerable","sneckomod:SoulDraw"],"picked":"sneckomod:UnknownClassTHE_CHAMP_GRAY","floor":0},{"not_picked":["sneckomod:WideSting","sneckomod:UnknownX"],"picked":"sneckomod:QuickBite","floor":1},{"not_picked":["sneckomod:UnknownClassCONSTRUCTMOD","sneckomod:DangerNoodle"],"picked":"sneckomod:UnknownStrike","floor":3},{"not_picked":["sneckomod:Unknown1Cost","sneckomod:WideSting"],"picked":"sneckomod:SnakeSap","floor":4},{"not_picked":["sneckomod:SoulRoll","sneckomod:UnknownWeak"],"picked":"sneckomod:IronFang","floor":6},{"not_picked":["sneckomod:SoulRoll","sneckomod:SerpentIdol"],"picked":"sneckomod:UnknownEthereal","floor":7},{"not_picked":["sneckomod:UnknownVulnerable","sneckomod:IronFang","hubris:CleavingFinish"],"picked":"sneckomod:UnknownClassINFINITE_BLACK","floor":11},{"not_picked":["sneckomod:QuickBite","sneckomod:UnknownX","Body Slam"],"picked":"sneckomod:WideSting","floor":12},{"not_picked":["sneckomod:SoulDraw","sneckomod:DiceBlock","True Grit"],"picked":"sneckomod:ImprovisedAttack","floor":13},{"not_picked":["sneckomod:UnknownExhaust","sneckomod:RainOfDice","Warcry"],"picked":"sneckomod:DiceBoulder","floor":14},{"not_picked":["sneckomod:Unknown3Cost","sneckomod:UnlimitedRolls","Fiend Fire"],"picked":"sneckomod:UnknownRareAttack","floor":16},{"not_picked":["sneckomod:UnknownExhaust","sneckomod:UnknownClassPURPLE","ReplayTheSpireMod:Strike From Hell"],"picked":"sneckomod:SoulDraw+1","floor":18},{"not_picked":["sneckomod:QuickMove","sneckomod:WideSting","sneckomod:RainOfDice"],"picked":"Armaments","floor":19}],"player_experience":3122,"relics_obtained":[{"floor":6,"key":"Replay:Mystery Machine"},{"floor":7,"key":"hubris:DisguiseKit"},{"floor":9,"key":"Blue Doll"},{"floor":11,"key":"Anchor"}],"event_choices":[{"damage_healed":0,"gold_gain":0,"cards_transformed":["sneckomod:UnknownClassTHE_CHAMP_GRAY"],"player_choice":"Transformed","damage_taken":0,"max_hp_gain":0,"max_hp_loss":0,"event_name":"Transmorgrifier","floor":2,"gold_loss":0,"cards_obtained":["sneckomod:UnknownUncommonPower"]},{"damage_healed":0,"gold_gain":0,"player_choice":"Success","damage_taken":7,"relics_obtained":["Potion Belt"],"max_hp_gain":0,"max_hp_loss":0,"event_name":"Scrap Ooze","floor":5,"gold_loss":0},{"damage_healed":0,"gold_gain":0,"player_choice":"Upgraded","damage_taken":0,"max_hp_gain":0,"max_hp_loss":0,"event_name":"Upgrade Shrine","floor":10,"gold_loss":0,"cards_upgraded":["sneckomod:IronFang"]}],"is_beta":false,"boss_relics":[{"not_picked":["Abe\u0027s Treasure","Sozu"],"picked":"Fusion Hammer"}],"items_purged_floors":[],"is_endless":false,"potions_floor_spawned":[1,6,12,13],"killed_by":"hubris:Merchant","ascension_level":0}}