{"host":"56c2xpjnpymkv18q","time":1609424401,"event":{"mods":["BaseMod","GungeonMod","Minty Spire (QoL Compilation)","Quick Restart","Relic Stats","Replay The Spire","Spicy Shops","StSLib"],"gold_per_floor":[114,129,144,159,159,189,204,204,204,219,249,264,279,294,294,394,394,409,81,96,146,158,209,221,233,233],"floor_reached":25,"playtime":3889,"items_purged":[],"score":237,"play_id":"5c575671-5139-4f33-8b0e-c3003518c0e8","local_time":"20201231222001","daily_mods":["Heirloom","Time Dilation","Lethality"],"is_ascension_mode":false,"campfire_choices":[{"data":"Sunder","floor":8,"key":"SMITH"},{"floor":24,"key":"REST"}],"circlet_count":0,"master_deck":["Strike_B","Strike_B","Strike_B","Strike_B","Defend_B","Defend_B","Defend_B","Defend_B","Zap","Dualcast","FIFO Queue","Compile Driver","Sunder+1","Panic Button+1","Leap","Creative AI","ReplayTheSpireMod:Reroute Power","Steam","Hyperbeam","Steam+1","Self Repair","Lockon","Lockon","Ball Lightning","Leap","Stack","Clumsy","Cold Snap+1","Looming Evil","Turbo"],"relics":["Cracked Core","Thread and Needle","Pen Nib","Meat on the Bone","The Courier","SlaversCollar","BargainBundle","DemoMod:LamentConfigurum","Bag of Marbles","Ring of Shattering","Ring of Greed","Tiny Chest","MawBank","CeramicFish"],"acts_visited":["Exordium","TheCity"],"potions_floor_usage":[6,6,11,12,13,16,20,23,25,25],"damage_taken":[{"damage":0,"enemies":"Cultist","floor":1,"turns":2},{"damage":0,"enemies":"2 Louse","floor":2,"turns":2},{"damage":3,"enemies":"Jaw Worm","floor":3,"turns":2},{"damage":0,"enemies":"Exordium Thugs","floor":4,"turns":3},{"damage":24,"enemies":"3 Sentries","floor":6,"turns":6},{"damage":3,"enemies":"Blue Slaver","floor":7,"turns":3},{"damage":10,"enemies":"Exordium Wildlife","floor":10,"turns":3},{"damage":17,"enemies":"Lagavulin","floor":11,"turns":3},{"damage":5,"enemies":"Large Slime","floor":12,"turns":5},{"damage":0,"enemies":"3 Louse","floor":13,"turns":2},{"damage":14,"enemies":"Exordium Thugs","floor":14,"turns":4},{"damage":34,"enemies":"Slime Boss","floor":16,"turns":8},{"damage":21,"enemies":"2 Thieves","floor":18,"turns":3},{"damage":0,"enemies":"3 Byrds","floor":20,"turns":1},{"damage":46,"enemies":"Gremlin Leader","floor":23,"turns":7},{"damage":67,"enemies":"Snake Plant","floor":25,"turns":5}],"seed_played":"-5051420239723459148","potions_obtained":[{"floor":1,"key":"Energy Potion"},{"floor":4,"key":"AttackPotion"},{"floor":6,"key":"DuplicationPotion"},{"floor":7,"key":"SkillPotion"},{"floor":10,"key":"Strength Potion"},{"floor":12,"key":"SkillPotion"}],"is_trial":false,"path_per_floor":["M","M","M","M","?","E","M","R","T","M","E","M","M","M","R","B",null,"M","$","M","?","$","E","R","M"],"character_chosen":"DEFECT","items_purchased":["BargainBundle","DistilledChaos","SpeedPotion","Adrenaline Potion","Self Repair","Lockon","Ball Lightning","Leap","Stack","DemoMod:LamentConfigurum","Bag of Marbles"],"campfire_rested":1,"item_purchase_floors":[19,19,19,19,19,19,19,19,19,19,19],"current_hp_per_floor":[75,75,72,72,85,61,58,58,58,48,43,50,50,48,73,51,85,64,64,64,64,64,37,62,0,0],"gold":233,"neow_bonus":"","is_daily":true,"chose_seed":false,"campfire_upgraded":1,"win_rate":0.0,"timestamp":1609424401,"path_taken":["M","?","M","M","?","E","M","R","T","M","E","M","?","M","R","BOSS","M","$","M","?","$","E","R","M"],"items_purchased_type":["Relic","Potion","Potion","Potion","Card","Card","Card","Card","Card","Relic","Relic"],"build_version":"2020-12-22","purchased_purges":0,"victory":false,"max_hp_per_floor":[75,75,75,75,85,85,85,85,85,85,85,85,85,85,85,85,85,85,85,85,85,85,85,85,85,85],"relic_stats":{"counters":[16,59],"CeramicFish":9,"Tiny Chest":0,"Pen Nib":[6],"MawBank":48,"obtain_stats":[{"BargainBundle":19,"CeramicFish":23,"Thread and Needle":0,"DemoMod:GlassGuonStoneRelic":1,"Pen Nib":6,"The Courier":11,"Ring of Greed":21,"MawBank":21,"SlaversCollar":17,"DemoMod:LamentConfigurum":19,"Tiny Chest":21,"Ring of Shattering":21,"Bag of Marbles":19,"Cracked Core":0,"Meat on the Bone":9},{"BargainBundle":13,"CeramicFish":15,"Thread and Needle":0,"DemoMod:GlassGuonStoneRelic":1,"Pen Nib":5,"The Courier":8,"Ring of Greed":14,"MawBank":14,"SlaversCollar":12,"DemoMod:LamentConfigurum":13,"Tiny Chest":14,"Ring of Shattering":14,"Bag of Marbles":13,"Cracked Core":0,"Meat on the Bone":6},{"BargainBundle":46,"CeramicFish":54,"Thread and Needle":0,"DemoMod:GlassGuonStoneRelic":2,"Pen Nib":15,"The Courier":24,"Ring of Greed":47,"MawBank":47,"SlaversCollar":43,"DemoMod:LamentConfigurum":46,"Tiny Chest":47,"Ring of Shattering":47,"Bag of Marbles":46,"Cracked Core":0,"Meat on the Bone":18}],"Meat on the Bone":60},"card_choices":[{"not_picked":["Go for the Eyes","ReplaySolidLightProjector"],"picked":"FIFO Queue","floor":1},{"not_picked":["Barrage","ReplayGash"],"picked":"Compile Driver","floor":2},{"not_picked":["Tempest","Panic Button"],"picked":"Mirror Shield","floor":3},{"not_picked":["Compile Driver","Force Field","Reinforced Body"],"picked":"SKIP","floor":4},{"not_picked":["Chill","Go for the Eyes"],"picked":"Sunder","floor":6},{"not_picked":["Defragment","Stack"],"picked":"Panic Button","floor":7},{"not_picked":["Redo","Barrage"],"picked":"Leap","floor":10},{"not_picked":["Melter","Cold Snap"],"picked":"Creative AI","floor":11},{"not_picked":["ReplaySolidLightProjector","Gash","Darkness"],"picked":"SKIP","floor":12},{"not_picked":["Compile Driver","Cold Snap"],"picked":"ReplayTheSpireMod:Reroute Power","floor":13},{"not_picked":["Cold Snap","Panic Button"],"picked":"Steam","floor":14},{"not_picked":["Creative AI","Meteor Strike"],"picked":"Hyperbeam","floor":16},{"not_picked":["BasicCrystalCard","Ball Lightning"],"picked":"Steam+1","floor":18},{"not_picked":["Auto Shields","Barrage"],"picked":"Cold Snap+1","floor":20},{"not_picked":["FIFO Queue+1","ReplayGash+1"],"picked":"Turbo","floor":23}],"player_experience":146779,"relics_obtained":[{"floor":6,"key":"Pen Nib"},{"floor":9,"key":"Meat on the Bone"},{"floor":11,"key":"The Courier"},{"floor":21,"key":"Ring of Shattering"},{"floor":21,"key":"Ring of Greed"},{"floor":21,"key":"Tiny Chest"},{"floor":21,"key":"MawBank"},{"floor":23,"key":"CeramicFish"}],"event_choices":[{"cards_removed":["Mirror Shield"],"damage_healed":3,"gold_gain":0,"player_choice":"Offered Rare","damage_taken":0,"max_hp_gain":10,"max_hp_loss":0,"event_name":"Bonfire Elementals","floor":5,"gold_loss":0}],"is_beta":false,"boss_relics":[{"not_picked":["Inserter","Ectoplasm"],"picked":"SlaversCollar"}],"items_purged_floors":[],"is_endless":false,"potions_floor_spawned":[1,4,6,7,10,12],"killed_by":"Snake Plant","ascension_level":0}}