{"host":"vmo6qas4tfa0p776","time":1609374001,"event":{"mods":["AchievementEnabler","BaseMod","Bestiary","Better Altar","Better Match","Better Note","Better Sensory Stone","Better Skull","Better Third Choice","Colored Map","Downfall","Minty Spire (QoL Compilation)","Relic Stats","Robot Space Explorer","Spicy Shops","StSLib","The Marked"],"gold_per_floor":[99,99,99,99,274,374,374,393,403,26,55,330,330,342,354,354,354],"floor_reached":16,"playtime":722,"items_purged":[],"score":98,"play_id":"40faf6ca-7d2b-40af-af77-be5d66e40e16","local_time":"20201230192001","is_ascension_mode":false,"campfire_choices":[{"floor":1,"key":"RECALL"},{"floor":13,"key":"REST"}],"circlet_count":0,"master_deck":["sneckomod:Strike","sneckomod:Strike","sneckomod:Strike","sneckomod:Defend","sneckomod:Defend","sneckomod:Defend","sneckomod:TailWhip","sneckomod:SnekBite","sneckomod:Unknown","sneckomod:Unknown","sneckomod:UnknownEthereal","sneckomod:SoulDraw","Regret","Doubt","sneckomod:UnknownColorless","sneckomod:SerpentIdol","sneckomod:SoulDraw","Pain","Guardian:SpikerProtocol","Good Instincts","sneckomod:UnknownClassGUARDIAN","sneckomod:QuickBite","sneckomod:SoulDraw","sneckomod:SoulRoll","sneckomod:DiceBoulder","sneckomod:QuickBite","Regret","sneckomod:RainOfDice","sneckomod:Mudshield"],"relics":["sneckomod:SneckoSoul","downfall:HeartsMalice","Ancient Tea Set","downfall:GremlinSack","Bottled Lightning","Incense Burner","Akabeko"],"acts_visited":["Exordium"],"potions_floor_usage":[10,10,11,16],"damage_taken":[{"damage":0,"enemies":"Small Slimes","floor":2,"turns":1},{"damage":0,"enemies":"Jaw Worm","floor":3,"turns":1},{"damage":0,"enemies":"Jaw Worm","floor":6,"turns":1},{"damage":4,"enemies":"Cultist","floor":8,"turns":3},{"damage":27,"enemies":"Red Slaver","floor":9,"turns":3},{"damage":22,"enemies":"downfall:FleeingMerchant","floor":10,"turns":4},{"damage":39,"enemies":"Gremlin Nob","floor":11,"turns":4},{"damage":8,"enemies":"3 Louse","floor":14,"turns":5},{"damage":9,"enemies":"Gremlin Gang","floor":15,"turns":6},{"damage":30,"enemies":"downfall:Silent","floor":16,"turns":2}],"seed_played":"3195892205913965652","potions_obtained":[{"floor":6,"key":"DuplicationPotion"},{"floor":8,"key":"sneckomod:DiceRollPotion"},{"floor":9,"key":"ColorlessPotion"},{"floor":14,"key":"BlessingOfTheForge"}],"is_trial":false,"path_per_floor":["R","M","M","?","?","?","T","M","M","$","E","?","R","M","M","B"],"character_chosen":"THE_SNECKO","items_purchased":["Incense Burner","sneckomod:DiceBoulder"],"campfire_rested":1,"item_purchase_floors":[10,10],"current_hp_per_floor":[90,91,91,91,91,93,93,89,62,46,7,7,34,26,24,0,0],"gold":354,"neow_bonus":"THREE_ENEMY_KILL","is_daily":false,"chose_seed":false,"campfire_upgraded":0,"win_rate":0.0,"timestamp":1609374001,"path_taken":["R","M","M","?","?","?","T","M","?","$","E","?","R","M","M","BOSS"],"items_purchased_type":["Relic","Card"],"build_version":"2020-12-22","purchased_purges":0,"victory":false,"max_hp_per_floor":[90,91,91,91,91,93,93,93,93,93,93,93,93,93,93,93,93],"relic_stats":{"counters":[10,27],"obtain_stats":[{"downfall:GremlinSack":6,"downfall:HeartsMalice":0,"Incense Burner":10,"Bottled Lightning":7,"sneckomod:SneckoSoul":0,"Ancient Tea Set":4,"Akabeko":11},{"downfall:GremlinSack":3,"downfall:HeartsMalice":0,"Incense Burner":6,"Bottled Lightning":3,"sneckomod:SneckoSoul":0,"Ancient Tea Set":2,"Akabeko":7},{"downfall:GremlinSack":0,"downfall:HeartsMalice":0,"Incense Burner":10,"Bottled Lightning":0,"sneckomod:SneckoSoul":0,"Ancient Tea Set":0,"Akabeko":14}]},"card_choices":[{"not_picked":["sneckomod:UnknownClassROBOT_ORANGE_COLOR","sneckomod:UnknownX"],"picked":"sneckomod:UnknownEthereal","floor":2},{"not_picked":["sneckomod:WideSting","sneckomod:UnknownCommonAttack"],"picked":"sneckomod:SoulDraw","floor":3},{"not_picked":["sneckomod:UnknownStrike","sneckomod:Unknown0Cost"],"picked":"sneckomod:UnknownClassGUARDIAN","floor":6},{"not_picked":["sneckomod:UnknownBlock","sneckomod:UnknownClassRED"],"picked":"sneckomod:QuickBite","floor":8},{"not_picked":["sneckomod:UnknownStrike","sneckomod:UnknownVulnerable"],"picked":"sneckomod:SoulDraw","floor":9},{"not_picked":["sneckomod:QuickMove","sneckomod:UnknownCommonSkill"],"picked":"sneckomod:SoulRoll","floor":10},{"not_picked":["sneckomod:UnknownClassSLIMEBOUND","sneckomod:SoulDraw"],"picked":"sneckomod:QuickBite","floor":11},{"not_picked":["sneckomod:IronFang","sneckomod:UnknownClassTHE_CHAMP_GRAY"],"picked":"sneckomod:RainOfDice","floor":14},{"not_picked":["sneckomod:SoulDraw","sneckomod:SnekBeam"],"picked":"sneckomod:Mudshield","floor":15}],"player_experience":209647,"relics_obtained":[{"floor":6,"key":"downfall:GremlinSack"},{"floor":7,"key":"Bottled Lightning"},{"floor":11,"key":"Akabeko"}],"event_choices":[{"damage_healed":0,"gold_gain":0,"player_choice":"Box","damage_taken":0,"relics_obtained":["Ancient Tea Set"],"max_hp_gain":0,"max_hp_loss":0,"event_name":"Big Fish","floor":4,"gold_loss":0,"cards_obtained":["Regret"]}],"is_beta":false,"boss_relics":[],"items_purged_floors":[],"is_endless":false,"potions_floor_spawned":[6,8,9,14],"killed_by":"downfall:Silent","ascension_level":0}}