{"host":"f5n4tidiz2n5sooh","time":1609394897,"event":{"mods":["BaseMod","Bestiary","Colored Map","Minty Spire (QoL Compilation)","Relic Stats","StSLib"],"gold_per_floor":[116,116,116,127,127,127,127],"floor_reached":6,"playtime":180,"items_purged":[],"score":93,"play_id":"25a1ec41-7a57-481f-a1a5-06a8cce43604","local_time":"20201231000817","is_ascension_mode":true,"campfire_choices":[],"circlet_count":0,"master_deck":["AscendersBane","Strike_P","Strike_P","Strike_P","Defend_P","Defend_P","Defend_P","Defend_P","Eruption","Vigilance","CurseOfTheBell","CutThroughFate","Wireheading"],"relics":["Calling Bell","Art of War","White Beast Statue","Mango","Toy Ornithopter"],"acts_visited":["Exordium"],"potions_floor_usage":[4,6],"damage_taken":[{"damage":16,"enemies":"2 Louse","floor":1,"turns":2},{"damage":6,"enemies":"Jaw Worm","floor":4,"turns":5},{"damage":56,"enemies":"3 Sentries","floor":6,"turns":6}],"seed_played":"6937588598611296771","potions_obtained":[{"floor":1,"key":"FearPotion"},{"floor":4,"key":"BlessingOfTheForge"}],"is_trial":false,"path_per_floor":["M","?","?","M","?","E"],"character_chosen":"WATCHER","items_purchased":[],"campfire_rested":0,"item_purchase_floors":[],"current_hp_per_floor":[59,54,59,58,51,0,0],"gold":127,"neow_bonus":"BOSS_RELIC","is_daily":false,"chose_seed":false,"campfire_upgraded":0,"win_rate":0.0,"timestamp":1609394897,"path_taken":["M","?","?","M","?","E"],"items_purchased_type":[],"build_version":"2020-12-22","purchased_purges":0,"victory":false,"max_hp_per_floor":[82,82,87,87,87,87,87],"relic_stats":{"counters":[3,13],"Art of War":[2],"obtain_stats":[{"Calling Bell":0,"Mango":0,"Art of War":0,"PureWater":0,"White Beast Statue":0,"Toy Ornithopter":2},{"Calling Bell":0,"Mango":0,"Art of War":0,"PureWater":0,"White Beast Statue":0,"Toy Ornithopter":1},{"Calling Bell":0,"Mango":0,"Art of War":0,"PureWater":0,"White Beast Statue":0,"Toy Ornithopter":2}],"Toy Ornithopter":10},"card_choices":[{"not_picked":["CrushJoints","Study"],"picked":"CutThroughFate","floor":1},{"not_picked":["Pray","Consecrate"],"picked":"Wireheading","floor":4}],"player_experience":1955617,"relics_obtained":[{"floor":0,"key":"Art of War"},{"floor":0,"key":"White Beast Statue"},{"floor":0,"key":"Mango"}],"event_choices":[{"damage_healed":0,"gold_gain":0,"player_choice":"Success","damage_taken":5,"relics_obtained":["Toy Ornithopter"],"max_hp_gain":0,"max_hp_loss":0,"event_name":"Scrap Ooze","floor":2,"gold_loss":0},{"damage_healed":0,"gold_gain":0,"player_choice":"Donut","damage_taken":0,"max_hp_gain":5,"max_hp_loss":0,"event_name":"Big Fish","floor":3,"gold_loss":0},{"cards_removed":["Strike_P"],"damage_healed":0,"gold_gain":0,"player_choice":"Card Removal","damage_taken":7,"max_hp_gain":0,"max_hp_loss":0,"event_name":"Golden Wing","floor":5,"gold_loss":0}],"is_beta":false,"boss_relics":[],"items_purged_floors":[],"is_endless":false,"potions_floor_spawned":[1,4],"killed_by":"3 Sentries","ascension_level":20}}