{"host":"c95txy58ipbu969e","time":1609394947,"event":{"mods":["ATMod(°¢èªMod)","Act Like it!","BaseMod","Downfall","Minty Spire (QoL Compilation)","MostiFishMod","Quick Restart","StSLib","TestMod","¡¾ÒÅÎï¿¨ÅÆ¡¿REMEMod"],"gold_per_floor":[99,99,99,199,199,232,232,232,252,252,281,281,297,297,308,308,308,308],"floor_reached":16,"playtime":496,"items_purged":[],"score":170,"play_id":"58edda0c-7cf3-44dd-801f-49b2c2236d0a","local_time":"20201231140907","is_ascension_mode":true,"campfire_choices":[{"data":"AT_KingSlayer","floor":1.0,"key":"SMITH"},{"data":"AT_FamilyPortrait","floor":8.0,"key":"SMITH"},{"data":"Slimebound:CorrosiveSpit","floor":12,"key":"SMITH"}],"circlet_count":0,"master_deck":["Slimebound:Strike_Slimebound","Slimebound:Strike_Slimebound","Slimebound:Strike_Slimebound","Slimebound:Tackle","Slimebound:Defend_Slimebound","Slimebound:Defend_Slimebound","Slimebound:Defend_Slimebound","Slimebound:Defend_Slimebound","Slimebound:Split+1","Slimebound:CorrosiveSpit+1","AT_KingSlayer+1","AT_FamilyPortrait+1","Slimebound:ViciousTackle"],"relics":["Slimebound:AbsorbEndCombat","DaveBox","testmod-TestBox","REME_ComplimentaryCards","AT_ATBox","testmod-ArcanaOfDestiny","xbg","downfall:HeartsMalice","AT_ForceNature","Juzu Bracelet","Toxic Egg 2","AT_BellowingDragoncrestRing","Toy Ornithopter"],"acts_visited":["Exordium"],"potions_floor_usage":[],"damage_taken":[{"damage":0.0,"enemies":"Jaw Worm","floor":2.0,"turns":1.0},{"damage":0.0,"enemies":"Small Slimes","floor":5.0,"turns":1.0},{"damage":0.0,"enemies":"Gremlin Nob","floor":6.0,"turns":1.0},{"damage":1.0,"enemies":"Cultist","floor":9.0,"turns":2.0},{"damage":20,"enemies":"Lagavulin","floor":11,"turns":8},{"damage":6,"enemies":"Gremlin Gang","floor":13,"turns":3},{"damage":16,"enemies":"Red Slaver","floor":15,"turns":2},{"damage":0,"enemies":"downfall:Watcher","floor":16,"turns":1}],"seed_played":"7471547535557641986","potions_obtained":[{"floor":6.0,"key":"DuplicationPotion"},{"floor":11,"key":"EssenceOfSteel"},{"floor":15,"key":"champ:CounterPotion"}],"is_trial":false,"path_per_floor":["R","M","?","?","M","E","T","R","M","?","E","R","M","?","M","B"],"character_chosen":"SLIMEBOUND","items_purchased":[],"campfire_rested":0,"item_purchase_floors":[],"current_hp_per_floor":[54,54,42,42,42,42,42,42,43,43,35,35,37,37,31,31,31,31],"gold":308,"neow_bonus":"THREE_ENEMY_KILL","is_daily":false,"chose_seed":false,"campfire_upgraded":3,"win_rate":0.0,"timestamp":1609394947,"path_taken":["R","M","?","?","M","E","T","R","M","?","E","R","M","?","M","BOSS"],"items_purchased_type":[],"build_version":"2020-12-22","purchased_purges":0,"victory":false,"max_hp_per_floor":[60,60,60,60,60,60,60,60,60,60,60,60,60,60,60,60,60,60],"card_choices":[{"not_picked":["Slimebound:ItLooksTasty","Slimebound:LeechingTouch","Slimebound:PressTheAttack"],"picked":"SKIP","floor":2.0},{"not_picked":["Slimebound:PressTheAttack","Slimebound:LeechEnergy","Slimebound:Schlurp"],"picked":"SKIP","floor":5.0},{"not_picked":["Slimebound:ServeAndProtect","Slimebound:DivideAndConquer","Slimebound:SplitLeeching"],"picked":"SKIP","floor":6.0},{"not_picked":["Slimebound:FinishingTackle","Slimebound:Schlurp+1","Slimebound:DivideAndConquer+1"],"picked":"SKIP","floor":9.0},{"not_picked":["Slimebound:SlimeBarrage","Slimebound:Repurpose+1"],"picked":"Slimebound:ViciousTackle","floor":11},{"not_picked":["Slimebound:FinishingTackle","Slimebound:RollThrough","Slimebound:ForwardTackle"],"picked":"SKIP","floor":13},{"not_picked":["Slimebound:Recollect+1","Slimebound:FirmFortitude","Slimebound:ProtectTheBoss"],"picked":"SKIP","floor":15}],"player_experience":467166,"relics_obtained":[{"floor":6.0,"key":"Juzu Bracelet"},{"floor":7.0,"key":"Toxic Egg 2"},{"floor":10.0,"key":"AT_BellowingDragoncrestRing"},{"floor":11,"key":"Toy Ornithopter"}],"event_choices":[{"damage_healed":0.0,"max_hp_gain":0.0,"max_hp_loss":0.0,"gold_gain":0.0,"event_name":"Scrap Ooze","player_choice":"Success","floor":3.0,"gold_loss":0.0,"damage_taken":12.0,"relics_obtained":["AT_ForceNature"]},{"damage_healed":0.0,"max_hp_gain":0.0,"max_hp_loss":0.0,"gold_gain":0.0,"event_name":"Wheel of Change","player_choice":"Relic","floor":10.0,"gold_loss":0.0,"damage_taken":0.0},{"damage_healed":0,"gold_gain":0,"player_choice":"Upgraded","damage_taken":0,"max_hp_gain":0,"max_hp_loss":0,"event_name":"Upgrade Shrine","floor":14,"gold_loss":0,"cards_upgraded":["Slimebound:Split"]}],"is_beta":false,"boss_relics":[],"items_purged_floors":[],"is_endless":false,"potions_floor_spawned":[6,11,15],"killed_by":"downfall:Watcher","ascension_level":6}}