{"host":"i19jjmeqmvseha12","time":1609395273,"event":{"mods":["BaseMod","Colored Powertips","Dota2Spire","Minty Spire (QoL Compilation)","Replay The Spire","StSLib","The Cursed"],"gold_per_floor":[114,114,114,114,114,114,129,129,146,146,146,173,189,202,216,216,216,321,321,334,307,271,288,45,144,144,144,144,144,144,144,160,160,160,160,160],"floor_reached":35,"playtime":958,"items_purged":[],"score":245,"play_id":"99ae651a-879e-4e9b-bb94-fb538b5976eb","local_time":"20201230221433","is_ascension_mode":false,"campfire_choices":[{"data":"Reaper","floor":8,"key":"SMITH"},{"data":"Infernal Blade","floor":10,"key":"SMITH"},{"data":"Twin Strike","floor":17,"key":"SMITH"},{"data":"Specialist","floor":27,"key":"SMITH"},{"data":"Demonic Infusion","floor":29,"key":"SMITH"},{"data":"Seeing Red","floor":31,"key":"SMITH"},{"floor":34,"key":"REST"}],"circlet_count":0,"master_deck":["Strike_R+1","Strike_R+1","Strike_R+1","Strike_R+1","Strike_R+1","Defend_R+1","Defend_R+1","Defend_R+1","Defend_R+1","ReplayTheSpireMod:Limb From Limb","Infernal Blade+1","Reaper+1","Seeing Red+1","Twin Strike+1","Dual Wield","Demonic Infusion+1","Combust+1","Heavy Blade","Heavy Blade","Combust","Specialist+1"],"relics":["Burning Blood","Dota2Spire:Satanic","Odd Mushroom","Runic Cube","Dota2Spire:BladeMail","Charon\u0027s Ashes"],"acts_visited":["Exordium","TheCity"],"potions_floor_usage":[18,23,23,35,35],"damage_taken":[{"damage":0,"enemies":"Small Slimes","floor":1,"turns":3},{"damage":5,"enemies":"2 Louse","floor":7,"turns":3},{"damage":13,"enemies":"Jaw Worm","floor":9,"turns":3},{"damage":23,"enemies":"The Mushroom Lair","floor":12,"turns":4},{"damage":1,"enemies":"2 Fungi Beasts","floor":13,"turns":2},{"damage":2,"enemies":"Blue Slaver","floor":14,"turns":3},{"damage":8,"enemies":"Large Slime","floor":15,"turns":5},{"damage":71,"enemies":"The Guardian","floor":18,"turns":9},{"damage":25,"enemies":"Spheric Guardian","floor":20,"turns":4},{"damage":51,"enemies":"2 Thieves","floor":21,"turns":5},{"damage":11,"enemies":"Cultist and Chosen","floor":23,"turns":4},{"damage":45,"enemies":"Centurion and Healer","floor":32,"turns":3},{"damage":74,"enemies":"Champ","floor":35,"turns":8}],"seed_played":"2372074073169805373","potions_obtained":[{"floor":7,"key":"Strength Potion"},{"floor":12,"key":"Energy Potion"},{"floor":15,"key":"Reflective Coating"},{"floor":21,"key":"SkillPotion"},{"floor":32,"key":"FearPotion"}],"is_trial":false,"path_per_floor":["M","?","$","PTL","PTL","?","M","R","M","R","T","?","M","M","M","?","R","B",null,"M","M","$","M","$","?","?","R","T","R","?","R","M","?","R","B"],"character_chosen":"IRONCLAD","items_purchased":["Heavy Blade","Specialist","Dota2Spire:BladeMail"],"campfire_rested":1,"item_purchase_floors":[22,24,24],"current_hp_per_floor":[80,80,80,80,80,85,85,85,83,83,83,76,81,85,83,83,83,41,85,66,35,35,44,44,44,44,44,44,44,44,44,23,23,48,0,0],"gold":160,"neow_bonus":"TRANSFORM_CARD","is_daily":false,"chose_seed":false,"campfire_upgraded":6,"win_rate":0.0,"timestamp":1609395273,"path_taken":["M","?","$","PTL","PTL","?","M","R","M","R","T","?","M","M","?","?","R","BOSS","M","M","$","M","$","?","?","R","T","R","?","R","M","?","R","BOSS"],"items_purchased_type":["Card","Card","Relic"],"build_version":"2020-12-22","purchased_purges":0,"victory":false,"max_hp_per_floor":[80,80,80,80,80,85,85,85,85,85,85,85,85,85,85,85,85,85,85,85,85,85,85,85,85,85,85,85,85,85,85,85,85,85,85,85],"card_choices":[{"not_picked":["Body Slam","Shrug It Off"],"picked":"Infernal Blade","floor":1},{"not_picked":["Wild Strike","Defy Death"],"picked":"Reaper","floor":7},{"not_picked":["Clothesline","Perfected Strike","Replay:Undeath\u0027s Touch"],"picked":"SKIP","floor":9},{"not_picked":["Run Through","Entrench"],"picked":"Seeing Red","floor":13},{"not_picked":["Replay:Undeath\u0027s Touch","Flame Barrier"],"picked":"Twin Strike","floor":14},{"not_picked":["Brutality","Bloodletting"],"picked":"Dual Wield","floor":15},{"not_picked":["Juggernaut","Bludgeon"],"picked":"Demonic Infusion","floor":18},{"not_picked":["Body Slam+1","Sentinel","ReplayTheSpireMod:LeadingStrike+1"],"picked":"SKIP","floor":20},{"not_picked":["Body Slam","Replay:Undeath\u0027s Touch+1"],"picked":"Combust+1","floor":21},{"not_picked":["Armaments","Seeing Red"],"picked":"Combust","floor":23},{"not_picked":["Twin Strike+1","Sever Soul","Perfected Strike+1"],"picked":"SKIP","floor":32}],"player_experience":120024,"relics_obtained":[{"floor":11,"key":"Dota2Spire:Satanic"},{"floor":12,"key":"Odd Mushroom"},{"floor":28,"key":"Charon\u0027s Ashes"}],"event_choices":[{"damage_healed":0,"gold_gain":0,"player_choice":"Donut","damage_taken":0,"max_hp_gain":5,"max_hp_loss":0,"event_name":"Big Fish","floor":6,"gold_loss":0},{"damage_healed":0,"gold_gain":0,"player_choice":"Fought Mushrooms","damage_taken":0,"max_hp_gain":0,"max_hp_loss":0,"event_name":"Mushrooms","floor":12,"gold_loss":0},{"damage_healed":0,"gold_gain":0,"player_choice":"Ignored","damage_taken":0,"max_hp_gain":0,"max_hp_loss":0,"event_name":"Liars Game","floor":16,"gold_loss":0},{"damage_healed":0,"gold_gain":99,"player_choice":"Stole From Cult","damage_taken":0,"max_hp_gain":0,"max_hp_loss":0,"event_name":"Nest","floor":25,"gold_loss":0},{"damage_healed":0,"gold_gain":0,"player_choice":"Ignored","damage_taken":0,"max_hp_gain":0,"max_hp_loss":0,"event_name":"Ghosts","floor":26,"gold_loss":0},{"damage_healed":0,"gold_gain":0,"player_choice":"Ignored","damage_taken":0,"max_hp_gain":0,"max_hp_loss":0,"event_name":"Cursed Tome","floor":30,"gold_loss":0},{"damage_healed":0,"gold_gain":0,"player_choice":"Simplicity","damage_taken":0,"max_hp_gain":0,"max_hp_loss":0,"event_name":"Back to Basics","floor":33,"gold_loss":0,"cards_upgraded":["Strike_R","Strike_R","Strike_R","Strike_R","Strike_R","Defend_R","Defend_R","Defend_R","Defend_R"]}],"is_beta":false,"boss_relics":[{"not_picked":["Pandora\u0027s Box","Replay:Grab Bag"],"picked":"Runic Cube"}],"items_purged_floors":[],"is_endless":false,"potions_floor_spawned":[7,12,15,18,21,32],"killed_by":"Champ","ascension_level":0}}