{"host":"79pwvnyrdes6uj7k","time":1609384569,"event":{"mods":["2.2 Compatiblity","Astrologer","BaseMod","Beaked The Cultist","Colored Powertips","Downfall","Exacting","Friendly Minions","HexUI Lib","Highlight Path","Hubris","Infinite Spire","JesterMod","Mad Scientist","Mimic Mod","Minty Spire (QoL Compilation)","Random Character Button","Replay The Spire","Reworked Bosses","Shop Mod","Somnambulant","StSLib","The Cursed","The Disciple","The Factory","The Judge","The Jungle","The Marked","The Poker Player","The Runesmith","TheHeartMod"],"gold_per_floor":[99,109,124,134,148,56,56,231,96,146,71,84,99,99,157,253,253,253,273,373,373,373,383,408,423,441,56,56,56,68,81,96,96,96,96],"floor_reached":33,"playtime":2517,"items_purged":["Doubt"],"score":243,"play_id":"19aa1f91-4483-4d78-bd8a-cd199684d915","local_time":"20201230211609","is_ascension_mode":false,"campfire_choices":[{"data":"Slimebound:FirmFortitude","floor":11,"key":"SMITH"},{"floor":18,"key":"RECALL"}],"circlet_count":0,"master_deck":["Slimebound:Strike_Slimebound","Slimebound:Strike_Slimebound","Slimebound:Tackle","Slimebound:Defend_Slimebound","Slimebound:Defend_Slimebound","Slimebound:Defend_Slimebound","Slimebound:Split","Slimebound:CorrosiveSpit","Slimebound:SplitMire","Slimebound:Schlurp","Slimebound:SlimeSpikes","Slimebound:ForwardTackle","Slimebound:SplitBruiser","Slimebound:FirmFortitude+1","Slimebound:LeechLife","Slimebound:AcidTongue","Slimebound:ComboTackle","Slimebound:AcidTongue","Slimebound:GoopSpray","Slimebound:SplitMire","Slimebound:SplitLeeching","Slimebound:CheckThePlaybook","Slimebound:RollThrough","J.A.X.","Slimebound:FormOfPuddle","Slimebound:Overexert","Slimebound:Equalize","Writhe","Slimebound:ComboTackle+1","hubris:NaturalOne","Slimebound:Chomp+1","Slimebound:BestDefense"],"relics":["Slimebound:AbsorbEndCombat","Toy Ornithopter","hubris:OldNail","downfall:HeartBlessingBlue","Replay:Bronze Core","MutagenicStrength","hubris:Icosahedron","Quantum Egg","infinitespire:Beetle Shell","MerchantsRug","Slimebound:SelfDamagePreventRelic","hubris:Towel"],"acts_visited":["Exordium","TheCity"],"potions_floor_usage":[10,12,12,15,20,23,25,30,31],"damage_taken":[{"damage":7,"enemies":"Small Slimes","floor":2,"turns":4},{"damage":11,"enemies":"Cultist","floor":3,"turns":4},{"damage":22,"enemies":"Jaw Worm","floor":4,"turns":3},{"damage":20,"enemies":"Exordium Wildlife","floor":5,"turns":5},{"damage":4,"enemies":"downfall:FleeingMerchant","floor":6,"turns":4},{"damage":13,"enemies":"downfall:FleeingMerchant","floor":9,"turns":4},{"damage":20,"enemies":"Gremlin Gang","floor":10,"turns":2},{"damage":21,"enemies":"Gremlin Gang","floor":12,"turns":4},{"damage":23,"enemies":"Lots of Slimes","floor":13,"turns":4},{"damage":8,"enemies":"3 Louse","floor":15,"turns":4},{"damage":57,"enemies":"downfall:Silent","floor":16,"turns":7},{"damage":42,"enemies":"Spheric Guardian","floor":19,"turns":6},{"damage":47,"enemies":"downfall:Augmenter","floor":20,"turns":7},{"damage":37,"enemies":"Centurion and Healer","floor":23,"turns":5},{"damage":26,"enemies":"Snake Plant","floor":25,"turns":3},{"damage":21,"enemies":"3 Cultists","floor":26,"turns":4},{"damage":13,"enemies":"downfall:FleeingMerchant","floor":27,"turns":5},{"damage":65,"enemies":"Sentry and Sphere","floor":30,"turns":6},{"damage":50,"enemies":"Shelled Parasite and Fungi","floor":31,"turns":5},{"damage":31,"enemies":"Snake Plant","floor":32,"turns":4},{"damage":75,"enemies":"downfall:Watcher","floor":33,"turns":4}],"seed_played":"7860077593973014170","potions_obtained":[{"floor":2,"key":"Death Potion"},{"floor":3,"key":"Energy Potion"},{"floor":4,"key":"Block Potion"},{"floor":12,"key":"Explosive Potion"},{"floor":13,"key":"Adrenaline Potion"},{"floor":19,"key":"Swift Potion"},{"floor":23,"key":"Weak Potion"},{"floor":30,"key":"Block Potion"},{"floor":31,"key":"FairyPotion"}],"is_trial":false,"path_per_floor":["R","M","M","M","M","$","T","?","$","MIM","R","M","M","?","M","B",null,"R","M","?","?","?","M","T","M","M","$","?","?","M","M","M","B"],"character_chosen":"SLIMEBOUND","items_purchased":["Slimebound:FirmFortitude","Slimebound:AcidTongue","Slimebound:ComboTackle","MerchantsRug","Slimebound:SelfDamagePreventRelic"],"campfire_rested":0,"item_purchase_floors":[6,9,9,27,27],"current_hp_per_floor":[60,60,60,53,57,57,57,57,60,53,63,65,70,70,68,70,70,70,48,54,54,54,65,65,52,55,70,70,70,38,23,50,0,0,0],"gold":96,"neow_bonus":"RANDOM_COMMON_RELIC","is_daily":false,"chose_seed":false,"campfire_upgraded":1,"win_rate":0.0,"timestamp":1609384569,"path_taken":["R","M","M","M","?","$","T","?","?","?","R","M","?","?","M","BOSS","R","M","?","?","?","M","T","M","M","?","?","?","?","M","M","BOSS"],"items_purchased_type":["Card","Card","Card","Relic","Relic"],"build_version":"2020-12-22","purchased_purges":1,"victory":false,"max_hp_per_floor":[60,60,60,60,60,60,60,60,60,60,70,70,70,70,70,70,70,70,70,70,70,70,70,70,70,70,70,70,70,70,70,70,70,70,70],"card_choices":[{"not_picked":["Slimebound:GoopSpray","Slimebound:LeechEnergy"],"picked":"Slimebound:SplitMire","floor":2},{"not_picked":["Slimebound:ViciousTackle","Slimebound:LeadByExample"],"picked":"Slimebound:Schlurp","floor":3},{"not_picked":["Slimebound:ViciousTackle","Slimebound:GoopSpray"],"picked":"Slimebound:SlimeSpikes","floor":4},{"not_picked":["Slimebound:MegaLick","Slimebound:FinishingTackle"],"picked":"Slimebound:ForwardTackle","floor":5},{"not_picked":["Slimebound:Prepare","Slimebound:LeechEnergy"],"picked":"Slimebound:SplitBruiser","floor":6},{"not_picked":["Slimebound:GrowthPunch","Slimebound:PressTheAttack"],"picked":"Slimebound:LeechLife","floor":9},{"not_picked":["Slimebound:GrowthPunch","Slimebound:ProtectTheBoss"],"picked":"Slimebound:AcidTongue","floor":10},{"not_picked":["Slimebound:LeechingTouch","Slimebound:ProtectTheBoss"],"picked":"Slimebound:GoopSpray","floor":12},{"not_picked":["Slimebound:SlimeSpikes","Slimebound:LeechEnergy"],"picked":"Slimebound:SplitMire","floor":13},{"not_picked":["Slimebound:DisruptingSlam","Slimebound:Nibble"],"picked":"Slimebound:SplitLeeching","floor":15},{"not_picked":["Slimebound:WasteNot","Slimebound:OozeBath"],"picked":"Slimebound:CheckThePlaybook","floor":16},{"not_picked":["Slimebound:SplitMire","Slimebound:SplitBruiser+1"],"picked":"Slimebound:RollThrough","floor":19},{"not_picked":[],"picked":"J.A.X.","floor":20},{"not_picked":["Slimebound:FormOfPuddle","Slimebound:SlimeSpikes"],"picked":"Slimebound:Equalize","floor":20},{"not_picked":["Slimebound:Prepare","Slimebound:SplitLeeching","Slimebound:LeechingTouch+1"],"picked":"SKIP","floor":23},{"not_picked":["Slimebound:LeechingTouch","Slimebound:SplitBruiser+1"],"picked":"Slimebound:ComboTackle+1","floor":25},{"not_picked":["Slimebound:Prepare+1","Slimebound:ComboTackle"],"picked":"Slimebound:Chomp","floor":26},{"not_picked":["Slimebound:GoopSpray","Slimebound:SplitAcid"],"picked":"Slimebound:BestDefense","floor":27},{"not_picked":["Slimebound:ComboTackle+1","Slimebound:SplitLeeching","Slimebound:Schlurp"],"picked":"SKIP","floor":30},{"not_picked":["Slimebound:LeechingTouch+1","Slimebound:ProtectTheBoss","Slimebound:PressTheAttack+1"],"picked":"SKIP","floor":31},{"not_picked":["Slimebound:SlimeBarrage","Slimebound:Dissolve","Slimebound:Schlurp"],"picked":"SKIP","floor":32}],"player_experience":356034,"relics_obtained":[{"floor":10,"key":"hubris:OldNail"},{"floor":20,"key":"MutagenicStrength"},{"floor":24,"key":"infinitespire:Beetle Shell"}],"event_choices":[{"damage_healed":0,"gold_gain":0,"cards_transformed":["Slimebound:Strike_Slimebound"],"player_choice":"Change","damage_taken":0,"max_hp_gain":0,"max_hp_loss":0,"event_name":"Living Wall","floor":1,"gold_loss":0,"cards_obtained":["Slimebound:ProtectTheBoss"]},{"damage_healed":0,"gold_gain":0,"player_choice":"Upgraded","damage_taken":0,"max_hp_gain":0,"max_hp_loss":0,"event_name":"Upgrade Shrine","floor":29,"gold_loss":0,"cards_upgraded":["Slimebound:Chomp"]}],"is_beta":false,"boss_relics":[{"not_picked":["Ring of Chaos","infinitespire:Cupcake"],"picked":"Replay:Bronze Core"}],"items_purged_floors":[27],"is_endless":false,"potions_floor_spawned":[2,3,4,12,13,19,23,30,31],"killed_by":"downfall:Watcher","ascension_level":0}}