{"host":"kdt6w7ix8lwe69i9","time":1609421580,"event":{"mods":["Bartender","BaseMod","ChefMod","Downfall","Fiend Mod","Jorbs\u0027s Wanderer Trilogy","Minty Spire (QoL Compilation)","Reimu（博丽灵梦）","Robot Space Explorer","StSLib","The Cursed","The Disciple","The Dragon Tamer","The Druid","The Elementalist","The Forsaken","The Gatherer","The Judge","The Marked","TheBandit"],"gold_per_floor":[116,131,131,147,163,163,192,192,242,242,254,109,140,155,155,260,260,279,296,15,35,35,35,35,35],"floor_reached":24,"playtime":3414,"items_purged":[],"score":232,"play_id":"945950d0-6185-4529-aba1-82aaa2daae10","local_time":"20201231083300","is_ascension_mode":false,"campfire_choices":[{"floor":6,"key":"REST"},{"floor":8,"key":"REST"},{"floor":15,"key":"RECALL"},{"floor":23,"key":"REST"}],"circlet_count":0,"master_deck":["Strike_Lin:ReiMu","Strike_Lin:ReiMu","Strike_Lin:ReiMu","Strike_Lin:ReiMu","Defend_Lin:ReiMu","Defend_Lin:ReiMu","Defend_Lin:ReiMu","Defend_Lin:ReiMu","NB:ReiMu","Stagnation:ReiMu","SpringWay:ReiMu","OrbThrow:ReiMu","AirStrike:ReiMu","PrepareRite:ReiMu","EmergencyTakeOff:ReiMu","SubcavityInstant:ReiMu","ManaGlint:ReiMu","ShadowOfCrow2:ReiMu","FoulBorder2:ReiMu","ShadowOfCrow2:ReiMu","InherentArray:ReiMu","MikOfLucky:ReiMu","TightArray:ReiMu","KamiRite:ReiMu","SafetyPray:ReiMu+1","Conquer:ReiMu","TightArray:ReiMu","Gathering:ReiMu","Writhe"],"relics":["Fusion Hammer","WarpedTongs","Question Card","PreservedInsect","Spirit Poop","Orrery","Boot","SacredBark","BodyOfKamiR:ReiMu","RuthlessExorcism:ReiMu"],"acts_visited":["Exordium","TheCity"],"potions_floor_usage":[13,14,14,14,16,19],"damage_taken":[{"damage":0,"enemies":"Small Slimes","floor":1,"turns":4},{"damage":6,"enemies":"Cultist","floor":2,"turns":5},{"damage":4,"enemies":"2 Louse","floor":4,"turns":3},{"damage":16,"enemies":"Lots of Slimes","floor":5,"turns":4},{"damage":20,"enemies":"3 Sentries","floor":7,"turns":8},{"damage":1,"enemies":"Red Slaver","floor":11,"turns":2},{"damage":0,"enemies":"Lagavulin","floor":13,"turns":5},{"damage":2,"enemies":"2 Fungi Beasts","floor":14,"turns":4},{"damage":25,"enemies":"Hexaghost","floor":16,"turns":8},{"damage":5,"enemies":"Chosen","floor":18,"turns":5},{"damage":13,"enemies":"Shell Parasite","floor":19,"turns":5},{"damage":19,"enemies":"Cultist and Chosen","floor":21,"turns":7},{"damage":51,"enemies":"Slavers","floor":24,"turns":3}],"seed_played":"-1002916188428851623","potions_obtained":[{"floor":2,"key":"Energy Potion"},{"floor":5,"key":"ZuzhouPotion:ReiMu"},{"floor":11,"key":"Strength Potion"},{"floor":13,"key":"ZuzhouPotion:ReiMu"},{"floor":14,"key":"ZuzhouPotion:ReiMu"},{"floor":18,"key":"MagicPotion:ReiMu"}],"is_trial":false,"path_per_floor":["M","M","?","M","M","R","E","R","T","?","M","$","E","M","R","B",null,"M","M","$","M","?","R","E"],"character_chosen":"REIMU","items_purchased":["Orrery","BodyOfKamiR:ReiMu","TightArray:ReiMu"],"campfire_rested":3,"item_purchase_floors":[12,20,20],"current_hp_per_floor":[65,59,59,55,39,58,38,57,57,57,56,56,56,54,54,29,65,60,47,47,28,28,47,0,0],"gold":35,"neow_bonus":"BOSS_RELIC","is_daily":false,"chose_seed":false,"campfire_upgraded":0,"win_rate":0.0,"timestamp":1609421580,"path_taken":["M","M","?","M","?","R","E","R","T","?","?","?","E","M","R","BOSS","M","M","$","M","?","R","E"],"items_purchased_type":["Relic","Relic","Card"],"build_version":"2020-12-22","purchased_purges":0,"victory":false,"max_hp_per_floor":[65,65,65,65,65,65,65,65,65,65,65,65,65,65,65,65,65,65,65,65,65,65,65,65,65],"card_choices":[{"not_picked":["Amulet:ReiMu","BarrageOfMoneybags:ReiMu"],"picked":"SpringWay:ReiMu","floor":1},{"not_picked":["SafetyPray:ReiMu","SealNeedle:ReiMu"],"picked":"OrbThrow:ReiMu","floor":2},{"not_picked":["EmergencyTakeOff:ReiMu","Intuition:ReiMu"],"picked":"AirStrike:ReiMu","floor":4},{"not_picked":["UpKicking:ReiMu","WonderfulDomain:ReiMu"],"picked":"PrepareRite:ReiMu","floor":5},{"not_picked":["PassingAway:ReiMu","WonderfulDomain:ReiMu"],"picked":"EmergencyTakeOff:ReiMu","floor":7},{"not_picked":["UniversalSpiritual:ReiMu","EmergencyTakeOff:ReiMu","BlastKick2:ReiMu"],"picked":"SubcavityInstant:ReiMu","floor":11},{"not_picked":["FineLineFantasy:ReiMu","SpreadBorder2:ReiMu","EmergencyTakeOff:ReiMu"],"picked":"ManaGlint:ReiMu","floor":12},{"not_picked":["Intuition:ReiMu","AirStrike:ReiMu","Authority:ReiMu"],"picked":"ShadowOfCrow2:ReiMu","floor":12},{"not_picked":["Intuition:ReiMu","Conquer:ReiMu","SubcavityInstant:ReiMu"],"picked":"FoulBorder2:ReiMu","floor":12},{"not_picked":["AirStrike:ReiMu","LovePray:ReiMu","InherentArray:ReiMu"],"picked":"ShadowOfCrow2:ReiMu","floor":12},{"not_picked":["YinYang:ReiMu","Enchanting:ReiMu","SpringWay:ReiMu"],"picked":"InherentArray:ReiMu","floor":12},{"not_picked":["AirStrike:ReiMu","ForcedLanding:ReiMu","EmergencyTakeOff:ReiMu"],"picked":"MikOfLucky:ReiMu","floor":13},{"not_picked":["CareerPray:ReiMu","AlertArray:ReiMu","ForcedLanding:ReiMu"],"picked":"TightArray:ReiMu","floor":14},{"not_picked":["SubcavityFantasy:ReiMu","HakureiPhantom:ReiMu","KyokaiOfKami:ReiMu"],"picked":"KamiRite:ReiMu","floor":16},{"not_picked":["SpringWay:ReiMu","SubAcupoint:ReiMu","EmergencyTakeOff:ReiMu"],"picked":"SafetyPray:ReiMu+1","floor":18},{"not_picked":["EmergencyTakeOff:ReiMu","AirManeuver:ReiMu","Crusade:ReiMu"],"picked":"Conquer:ReiMu","floor":19},{"not_picked":["WonderfulDomain:ReiMu+1","SpringWay:ReiMu","AirStrike:ReiMu+1"],"picked":"Gathering:ReiMu","floor":21}],"player_experience":1664145,"relics_obtained":[{"floor":7,"key":"Question Card"},{"floor":9,"key":"PreservedInsect"},{"floor":13,"key":"Boot"}],"event_choices":[{"damage_healed":0,"gold_gain":0,"player_choice":"Rummage","damage_taken":0,"relics_obtained":["WarpedTongs"],"max_hp_gain":0,"max_hp_loss":0,"event_name":"Accursed Blacksmith","floor":3,"gold_loss":0,"cards_obtained":["Pain"]},{"cards_removed":["Pain"],"damage_healed":0,"gold_gain":0,"player_choice":"Offered Curse","damage_taken":0,"relics_obtained":["Spirit Poop"],"max_hp_gain":0,"max_hp_loss":0,"event_name":"Bonfire Elementals","floor":10,"gold_loss":0},{"damage_healed":0,"gold_gain":0,"player_choice":"Opened","damage_taken":0,"relics_obtained":["RuthlessExorcism:ReiMu"],"max_hp_gain":0,"max_hp_loss":0,"event_name":"The Mausoleum","floor":22,"gold_loss":0,"cards_obtained":["Writhe"]}],"is_beta":false,"boss_relics":[{"not_picked":["Snecko Eye","Sozu"],"picked":"SacredBark"}],"items_purged_floors":[],"is_endless":false,"potions_floor_spawned":[2,5,11,13,14,18],"killed_by":"Slavers","ascension_level":0}}