{"host":"7pe9xwx78c6nlay8","time":1609444963,"event":{"mods":["BaseMod","Minty Spire (QoL Compilation)"],"gold_per_floor":[113,113,131,51,70,70,95,115,193,193,193,204,379,406,406,480,480,492,417,428,445,459,459,459,459,459],"floor_reached":25,"playtime":1021,"items_purged":[],"score":405,"play_id":"2627f9f9-6b86-46a2-a78a-da94b1d2aeba","local_time":"20210101040243","is_ascension_mode":true,"campfire_choices":[{"data":"Eruption","floor":6.0,"key":"SMITH"},{"data":"WaveOfTheHand","floor":10.0,"key":"SMITH"},{"data":"TalkToTheHand","floor":15.0,"key":"SMITH"},{"floor":23.0,"key":"REST"}],"circlet_count":0,"master_deck":["AscendersBane","Strike_P","Strike_P","Strike_P","Strike_P","Defend_P","Defend_P","Defend_P","Eruption+1","Vigilance+1","ForeignInfluence+1","SandsOfTime","CutThroughFate","WaveOfTheHand+1","Wireheading","ThirdEye","Perseverance","TalkToTheHand+1","DevaForm","Prostrate","ConjureBlade","JustLucky"],"relics":["HolyWater","NeowsBlessing","Pocketwatch","The Courier","Pen Nib","Nilry\u0027s Codex"],"acts_visited":["Exordium","TheCity"],"potions_floor_usage":[],"damage_taken":[{"damage":0.0,"enemies":"2 Louse","floor":1.0,"turns":1.0},{"damage":0.0,"enemies":"Cultist","floor":3.0,"turns":1.0},{"damage":0.0,"enemies":"Small Slimes","floor":5.0,"turns":2.0},{"damage":0.0,"enemies":"Lagavulin","floor":7.0,"turns":4.0},{"damage":0.0,"enemies":"Exordium Thugs","floor":8.0,"turns":3.0},{"damage":8.0,"enemies":"Large Slime","floor":12.0,"turns":4.0},{"damage":2.0,"enemies":"Gremlin Nob","floor":14.0,"turns":3.0},{"damage":1.0,"enemies":"Hexaghost","floor":16.0,"turns":9.0},{"damage":13.0,"enemies":"2 Thieves","floor":18.0,"turns":5.0},{"damage":12.0,"enemies":"Shell Parasite","floor":20.0,"turns":7.0},{"damage":27.0,"enemies":"Snake Plant","floor":21.0,"turns":4.0},{"damage":20.0,"enemies":"Centurion and Healer","floor":22.0,"turns":7.0},{"damage":15,"enemies":"Book of Stabbing","floor":25,"turns":4}],"seed_played":"7274314439873767799","potions_obtained":[{"floor":3.0,"key":"FearPotion"},{"floor":8.0,"key":"FairyPotion"},{"floor":12.0,"key":"Explosive Potion"},{"floor":16.0,"key":"Block Potion"},{"floor":21.0,"key":"FearPotion"}],"is_trial":false,"path_per_floor":["M","?","M","$","M","R","E","M","T","R","?","M","?","E","R","B",null,"M","?","M","M","M","R","?","E"],"character_chosen":"WATCHER","items_purchased":["WaveOfTheHand"],"campfire_rested":1,"item_purchase_floors":[4],"current_hp_per_floor":[61,61,61,61,61,61,61,61,61,61,47,39,39,37,37,36,60,47,47,35,8,10,30,14,0,0],"gold":459,"neow_bonus":"THREE_ENEMY_KILL","is_daily":false,"chose_seed":false,"campfire_upgraded":3,"win_rate":0.0,"timestamp":1609444963,"path_taken":["M","?","?","?","M","R","E","M","T","R","?","?","?","E","R","BOSS","M","?","M","M","M","R","?","E"],"items_purchased_type":["Card"],"build_version":"2020-12-22","purchased_purges":0,"victory":false,"max_hp_per_floor":[68,68,68,68,68,68,68,68,68,68,68,68,68,68,68,68,68,68,68,68,68,68,68,68,68,68],"card_choices":[{"not_picked":["ThirdEye","Tantrum"],"picked":"ForeignInfluence","floor":1.0},{"not_picked":["PathToVictory","ThirdEye"],"picked":"CutThroughFate","floor":3.0},{"not_picked":["FlurryOfBlows","Tantrum"],"picked":"Wireheading","floor":5.0},{"not_picked":["Study","BowlingBash"],"picked":"ThirdEye","floor":7.0},{"not_picked":["Collect","Halt","ForeignInfluence"],"picked":"SKIP","floor":8.0},{"not_picked":["PathToVictory","ClearTheMind"],"picked":"Perseverance","floor":12.0},{"not_picked":["BattleHymn","JustLucky"],"picked":"TalkToTheHand","floor":14.0},{"not_picked":["Scrawl","LessonLearned"],"picked":"DevaForm","floor":16.0},{"not_picked":["Crescendo","EmptyBody","Pray"],"picked":"SKIP","floor":18.0},{"not_picked":["Sanctity","Evaluate"],"picked":"Prostrate","floor":20.0},{"not_picked":["ClearTheMind","MentalFortress"],"picked":"ConjureBlade","floor":21.0},{"not_picked":["Sanctity","Protect"],"picked":"JustLucky","floor":22.0}],"player_experience":1587079,"relics_obtained":[{"floor":7.0,"key":"Pocketwatch"},{"floor":9.0,"key":"The Courier"},{"floor":14.0,"key":"Pen Nib"},{"floor":24.0,"key":"Nilry\u0027s Codex"}],"event_choices":[{"damage_healed":0.0,"max_hp_gain":0.0,"max_hp_loss":0.0,"gold_gain":0.0,"cards_transformed":["Defend_P"],"event_name":"Transmorgrifier","player_choice":"Transformed","floor":2.0,"gold_loss":0.0,"damage_taken":0.0,"cards_obtained":["SandsOfTime"]},{"damage_healed":0.0,"max_hp_gain":0.0,"max_hp_loss":0.0,"gold_gain":0.0,"event_name":"Shining Light","player_choice":"Entered Light","floor":11.0,"gold_loss":0.0,"damage_taken":14.0,"cards_upgraded":["ForeignInfluence","Vigilance"]},{"damage_healed":0.0,"max_hp_gain":0.0,"max_hp_loss":0.0,"gold_gain":175.0,"event_name":"Liars Game","player_choice":"AGREE","floor":13.0,"gold_loss":0.0,"damage_taken":0.0,"cards_obtained":["Doubt"]},{"cards_removed":["Doubt"],"damage_healed":0.0,"max_hp_gain":0.0,"max_hp_loss":0.0,"gold_gain":0.0,"event_name":"Beggar","player_choice":"Gave Gold","floor":19.0,"gold_loss":75.0,"damage_taken":0.0},{"damage_healed":0.0,"max_hp_gain":0.0,"max_hp_loss":0.0,"gold_gain":0.0,"event_name":"Cursed Tome","player_choice":"Obtained Book","floor":24.0,"gold_loss":0.0,"damage_taken":16.0}],"is_beta":false,"boss_relics":[{"not_picked":["Philosopher\u0027s Stone","SacredBark"],"picked":"HolyWater"}],"items_purged_floors":[],"is_endless":false,"potions_floor_spawned":[3,8,12,16,21],"killed_by":"Book of Stabbing","ascension_level":14}}