{"host":"t574sm73kex1j5cr","time":1609390940,"event":{"mods":["BaseMod","Downfall","Duelist Mod","Hubris","Infinite Spire","Minty Spire (QoL Compilation)","Replay The Spire","StSLib","Td1madao Mod","The Animator","The Bug Knight","The Cursed"],"gold_per_floor":[131,347,347,357,58,102,102,14,39,64,85,121,296,317,317,431,431,480,405,421,45,45,107,107,133,133,165,165,179,179,28,28,133,133,159,186,186,186,227,227,317,317,317,406,490,590,590,692,692,597,597,597,10,109,116],"floor_reached":56,"playtime":8879,"items_purged":["animator:Defend_TenSura","sneckomod:Bewildered"],"score":1839,"play_id":"265fe4f4-4cf7-4b36-b420-5838cf8849d5","local_time":"20201231000220","is_ascension_mode":true,"campfire_choices":[{"data":"animator:Shuna","floor":7,"key":"SMITH"},{"data":"animator:Souei","floor":15,"key":"SMITH"},{"data":"animator:IrohaTamaki","floor":24,"key":"SMITH"},{"floor":32,"key":"DIG"},{"data":"animator:MadokaKaname","floor":40,"key":"SMITH"},{"data":"animator:Kuroyukihime","floor":42,"key":"SMITH"},{"data":"animator:Kyubey","floor":47,"key":"SMITH"},{"floor":49,"key":"RECALL"},{"data":"animator:Kyubey","floor":52,"key":"SMITH"}],"circlet_count":0,"master_deck":["animator:Benimaru","animator:Shuna+1","animator:YachiyoNanami","animator:Mitsurugi","animator:Aqua+1","animator:Souei+1","animator:Strike_Kancolle+1","animator:Defend_OnePunchMan+1","animator:YunYun","animator:Aqua","animator:Verdia+1","animator:IrohaTamaki+1","animator:MadokaKaname+1","animator:Megumin+12","animator:YuiTsuruno+1","animator:SayakaMiki","animator:GazelDwargon+1","animator:Kazuma","animator:Kyubey+1","animator:Eris","hubris:Greed","animator:PandorasActor+1","animator:CrowleyEusford+1","animator:Kyubey+1","hubris:Greed","hubris:Greed","hubris:Greed","animator:Darkness+1","animator:Hibiki+1","hubris:Greed","hubris:Greed","hubris:Greed","hubris:Greed","animator:Kaijin+1","animator:Kuroyukihime+1","hubris:Greed","hubris:Greed","animator:SayakaMiki+1","hubris:Greed","hubris:Greed","animator:KyokoSakura+1","animator:Darkness+1","animator:Kyubey","animator:Hibiki+1","animator:Magilou","animator:Darkness+1","animator:MamizouFutatsuiwa","animator:Vesta","animator:Kaijin+1","Pot Of Greed","Pot Of Greed","Pot Of Greed","Pot Of Greed","Pot Of Greed"],"relics":["animator:TheMissingPiece","Sozu","hubris:Towel","ClockworkSouvenir","PreservedInsect","Garlic","Tiny Chest","Black Star","Juzu Bracelet","Strange Spoon","infinitespire:Beetle Shell","Simple Rune","Molten Egg 2","Mummified Hand","Question Card","Frozen Egg 2","Bottled Tornado","War Paint","Ring of Searing","ReplayTheSpireMod:Ring of Collecting","DataDisk","HollowMod:PaleOreRelic","SlaversCollar","Replay:PocketPolymizer","Ring of Misfortune","Replay:Bottled Flurry","infinitespire:Midas Blood","ReplayTheSpireMod:Ring of Exchange","Bag of Marbles","Replay:Ringing Soul","Lizard Tail","Replay:Rubber Ducky","infinitespire:PuzzleCube","animator:WornHelmet","animator:BattleDrones","Vajra","Sling","Grinning Jar","animator:AlchemistGlove"],"acts_visited":["Exordium","TheCity","TheBeyond","TheEnding"],"potions_floor_usage":[],"damage_taken":[{"damage":0,"enemies":"Cultist","floor":1,"turns":4},{"damage":4,"enemies":"Small Slimes","floor":4,"turns":4},{"damage":4,"enemies":"HollowMod:MossKnight","floor":6,"turns":6},{"damage":1,"enemies":"2 Louse","floor":10,"turns":2},{"damage":3,"enemies":"Exordium Wildlife","floor":11,"turns":2},{"damage":6,"enemies":"3 Sentries","floor":12,"turns":4},{"damage":4,"enemies":"Blue Slaver","floor":14,"turns":3},{"damage":2,"enemies":"The Guardian","floor":16,"turns":9},{"damage":13,"enemies":"Spheric Guardian","floor":18,"turns":5},{"damage":0,"enemies":"3 Byrds","floor":20,"turns":4},{"damage":18,"enemies":"Slavers","floor":23,"turns":4},{"damage":0,"enemies":"Replay:Snechameleon","floor":25,"turns":5},{"damage":0,"enemies":"animator:HornedBat","floor":27,"turns":5},{"damage":0,"enemies":"Centurion and Healer","floor":29,"turns":4},{"damage":26,"enemies":"Collector","floor":33,"turns":8},{"damage":11,"enemies":"3 Shapes","floor":35,"turns":4},{"damage":22,"enemies":"3 Darklings","floor":36,"turns":4},{"damage":6,"enemies":"Writhing Mass","floor":39,"turns":5},{"damage":26,"enemies":"Giant Head","floor":41,"turns":7},{"damage":35,"enemies":"Reptomancer","floor":44,"turns":4},{"damage":0,"enemies":"Jaw Worm Horde","floor":45,"turns":4},{"damage":0,"enemies":"Giant Head","floor":46,"turns":8},{"damage":4,"enemies":"Nightmare","floor":48,"turns":9},{"damage":0,"enemies":"hubris:GrandSnecko","floor":50,"turns":25},{"damage":29,"enemies":"Shield and Spear","floor":54,"turns":5},{"damage":2,"enemies":"The Heart","floor":55,"turns":9}],"seed_played":"4924855583740794107","potions_obtained":[],"is_trial":false,"path_per_floor":["M","?","?","M","$","E","R","?","T","M","M","E","?","M","R","B",null,"M","?","M","$","?","E","R","E","T","E","T","M","?","$","R","B",null,"M","M","?","T","M","R","E","R","T","E","M","E","R","NM","R","B",null,"R","$","E","B",null],"character_chosen":"THE_ANIMATOR","items_purchased":["ClockworkSouvenir","PreservedInsect","Juzu Bracelet","Strange Spoon","DataDisk","Vajra","Sling","animator:Darkness+1","animator:MamizouFutatsuiwa","animator:Vesta"],"campfire_rested":0,"item_purchase_floors":[5,5,21,21,31,53,53,53,53,53],"current_hp_per_floor":[66,66,66,63,63,61,61,61,61,60,59,58,58,59,59,61,69,58,58,63,63,63,49,49,57,57,63,63,70,70,70,70,54,75,69,58,58,58,66,66,56,56,56,44,61,84,87,90,93,93,93,96,99,90,102],"gold":116,"neow_bonus":"BOSS_RELIC","is_daily":false,"chose_seed":false,"campfire_upgraded":7,"win_rate":0.0,"timestamp":1609390940,"path_taken":["M","?","?","M","$","E","R","?","T","?","M","E","?","M","R","BOSS","M","?","M","$","?","E","R","E","T","E","?","M","?","?","R","BOSS","M","M","?","?","M","R","E","R","T","E","M","E","R","NM","R","BOSS","R","$","E","BOSS"],"items_purchased_type":["Relic","Relic","Relic","Relic","Relic","Relic","Relic","Card","Card","Card"],"build_version":"2020-12-22","purchased_purges":2,"victory":true,"max_hp_per_floor":[66,66,66,67,67,67,67,67,67,67,67,68,68,69,69,69,69,69,69,70,70,70,70,70,71,71,73,73,75,75,75,75,75,75,75,75,75,75,75,75,75,75,75,78,81,84,87,90,93,93,93,96,99,102,102],"card_choices":[{"not_picked":["animator:IrohaTamaki","animator:Vesta"],"picked":"animator:YachiyoNanami","floor":1},{"not_picked":["animator:KyokoSakura","animator:OrikoMikuni"],"picked":"animator:Mitsurugi","floor":2},{"not_picked":["animator:Evileye","animator:Guy"],"picked":"animator:Aqua","floor":4},{"not_picked":["animator:KrulTepes","animator:Demiurge"],"picked":"animator:Souei","floor":6},{"not_picked":["animator:CowGirl","animator:Gillette"],"picked":"animator:YunYun","floor":10},{"not_picked":["animator:Entoma","animator:Viivi"],"picked":"animator:Aqua","floor":11},{"not_picked":["animator:Evileye","animator:Shigure"],"picked":"animator:Verdia","floor":12},{"not_picked":["animator:Mikaela","animator:Shalltear"],"picked":"animator:IrohaTamaki","floor":14},{"not_picked":["animator:Ainz","animator:ChaikaTrabant"],"picked":"animator:MadokaKaname","floor":16},{"not_picked":["animator:Witch","animator:Viivi"],"picked":"animator:Megumin","floor":18},{"not_picked":["animator:Vesta","animator:YunYun+1"],"picked":"animator:YuiTsuruno+1","floor":20},{"not_picked":["animator:Entoma","animator:Shuna+1"],"picked":"animator:SayakaMiki","floor":23},{"not_picked":["animator:Vanir+1","animator:Shigure+1"],"picked":"animator:GazelDwargon+1","floor":25},{"not_picked":["animator:Shinoa+1","animator:SayakaMiki+1","animator:Guren"],"picked":"animator:Kazuma","floor":27},{"not_picked":["animator:Vanir+1","animator:Mikaela+1","animator:Shuna"],"picked":"animator:Kyubey","floor":29},{"not_picked":["animator:AcuraShin+1","animator:GoblinSlayer+1","animator:MadokaKaname"],"picked":"animator:Eris","floor":33},{"not_picked":["animator:Cocytus+1","animator:Vanir+1","animator:YunYun+1"],"picked":"animator:PandorasActor+1","floor":35},{"not_picked":["animator:Evileye+1","animator:PandorasActor+1","animator:Guy"],"picked":"animator:CrowleyEusford+1","floor":36},{"not_picked":["animator:Albedo+1","animator:Souei+1","animator:Guy"],"picked":"animator:Darkness+1","floor":39},{"not_picked":["animator:GuildGirl+1","animator:Megumin+1","animator:PandorasActor+1"],"picked":"animator:Kaijin+1","floor":41},{"not_picked":["animator:Verdia+1","animator:Benimaru+1","animator:Witch+1"],"picked":"animator:SayakaMiki+1","floor":44},{"not_picked":["animator:IrohaTamaki+1","animator:Yuuichirou+1","animator:Yoichi"],"picked":"animator:KyokoSakura+1","floor":45},{"not_picked":["animator:ChaikaBohdan+1","animator:Sebas","animator:Kazuma+1"],"picked":"animator:Darkness+1","floor":46},{"not_picked":["animator:OrikoMikuni","animator:Mitsuba+1","animator:Viivi+1"],"picked":"animator:Kyubey","floor":48},{"not_picked":["animator:YachiyoNanami+1","animator:Vesta","animator:SuzuneAmano+1"],"picked":"animator:Kaijin+1","floor":54}],"player_experience":126911,"relics_obtained":[{"floor":6,"key":"Garlic"},{"floor":12,"key":"Tiny Chest"},{"floor":23,"key":"infinitespire:Beetle Shell"},{"floor":23,"key":"Simple Rune"},{"floor":25,"key":"Molten Egg 2"},{"floor":25,"key":"Mummified Hand"},{"floor":26,"key":"Question Card"},{"floor":27,"key":"Frozen Egg 2"},{"floor":27,"key":"Bottled Tornado"},{"floor":28,"key":"War Paint"},{"floor":30,"key":"Ring of Searing"},{"floor":30,"key":"ReplayTheSpireMod:Ring of Collecting"},{"floor":32,"key":"HollowMod:PaleOreRelic"},{"floor":38,"key":"Replay:PocketPolymizer"},{"floor":38,"key":"Ring of Misfortune"},{"floor":41,"key":"Replay:Bottled Flurry"},{"floor":41,"key":"infinitespire:Midas Blood"},{"floor":43,"key":"ReplayTheSpireMod:Ring of Exchange"},{"floor":43,"key":"Bag of Marbles"},{"floor":44,"key":"Replay:Ringing Soul"},{"floor":44,"key":"Lizard Tail"},{"floor":46,"key":"Replay:Rubber Ducky"},{"floor":46,"key":"infinitespire:PuzzleCube"},{"floor":48,"key":"animator:WornHelmet"},{"floor":48,"key":"animator:BattleDrones"},{"floor":54,"key":"Grinning Jar"},{"floor":54,"key":"animator:AlchemistGlove"}],"event_choices":[{"damage_healed":0,"gold_gain":175,"player_choice":"AGREE","damage_taken":0,"max_hp_gain":0,"max_hp_loss":0,"event_name":"Liars Game","floor":13,"gold_loss":0,"cards_obtained":["Doubt"]},{"cards_removed":["Doubt"],"damage_healed":0,"gold_gain":0,"player_choice":"Gave Gold","damage_taken":0,"max_hp_gain":0,"max_hp_loss":0,"event_name":"Beggar","floor":19,"gold_loss":75},{"cards_removed":["animator:Strike_Katanagatari"],"damage_healed":0,"gold_gain":0,"player_choice":"Purged","damage_taken":0,"max_hp_gain":0,"max_hp_loss":0,"event_name":"Purifier","floor":22,"gold_loss":0},{"damage_healed":0,"gold_gain":0,"player_choice":"Copied","damage_taken":0,"max_hp_gain":0,"max_hp_loss":0,"event_name":"Duplicator","floor":37,"gold_loss":0,"cards_obtained":["animator:Kyubey"]}],"is_beta":false,"boss_relics":[{"not_picked":["ReplayTheSpireMod:SealedPack","hubris:TerracottaHorce"],"picked":"Black Star"},{"not_picked":["Replay:Wanted Poster","hubris:Stopwatch"],"picked":"SlaversCollar"}],"items_purged_floors":[21,53],"is_endless":false,"potions_floor_spawned":[1,4,10,12,18,20,23,35,41,54],"ascension_level":1}}