{"host":"kkkdj8c1ka6utak0","time":1609383330,"event":{"mods":["AchievementEnabler","BaseMod","Downfall","Hermit","Infinite Spire","Minty Spire (QoL Compilation)","Replay The Spire","Shop Mod","StSLib","The Animator","The Bug Knight"],"gold_per_floor":[119,173,173,183,19,44,56,56,81,105,123,133,144,161,161,265,265,284,301,93,104,124,124,124,124,124,137,137,147,161,195,195,300,300,319,332,332,332,342,342,390,390,390,390,315,315,350,400,400,400,400],"floor_reached":50,"playtime":9079,"items_purged":["HollowMod:NailStrikeStart"],"score":571,"play_id":"06345607-cd06-4759-af7e-581090a05a38","local_time":"20201230215530","is_ascension_mode":false,"campfire_choices":[{"floor":8.0,"key":"REST"},{"data":"HollowMod:NewLittleFool","floor":15.0,"key":"SMITH"},{"floor":23.0,"key":"REST"},{"floor":32.0,"key":"REST"},{"floor":40,"key":"REST"},{"floor":42,"key":"REST"},{"floor":44,"key":"REST"},{"floor":49,"key":"REST"}],"circlet_count":0,"master_deck":["HollowMod:NailStrikeStart","HollowMod:NailStrikeStart","HollowMod:NailStrikeStart","HollowMod:QuickDashStart+1","HollowMod:QuickDashStart","HollowMod:QuickDashStart","HollowMod:FocusHealStart","HollowMod:PogoStrike","HollowMod:FastStrike+1","HollowMod:CloakDash","HollowMod:BaldurShell+1","HollowMod:AwokenDreamNail+1","HollowMod:CrystalDash","HollowMod:SoulMaster","HollowMod:NewLittleFool+1","HollowMod:PureNailStrike+1","HollowMod:Hiveblood","HollowMod:SharpenedShadows+1","HollowMod:HornetsHelp","HollowMod:SoulSplash","HollowMod:MantisMark","HollowMod:BaldurShell","expansioncontent:Collect","HollowMod:MantisMark","HollowMod:AbyssShriek+1","HollowMod:SoulEater","RitualDagger","HollowMod:DesolateDive+1","HollowMod:ShapeofUnn+1","HollowMod:CycloneSlash","HollowMod:MothsMistake+1","HollowMod:QuirrelsAssistance","HollowMod:VoidDash+1","HollowMod:FastStrike+1","HollowMod:QuirrelsAssistance+1","HollowMod:NewGlowingWomb+1","RitualDagger","HollowMod:InfectionAssault+1","HollowMod:NewJinnsSoul+1"],"relics":["HollowMod:VesselMask","NeowsBlessing","Replay:Accelerometer","Gremlin Food","Replay:Rubber Ducky","Art of War","Fusion Hammer","Ginger","Golden Egg","Iron Hammer","infinitespire:EvilPickle","Replay:Baseball","White Beast Statue","StoneCalendar"],"acts_visited":["Exordium","TheCity","TheBeyond"],"potions_floor_usage":[50,50],"damage_taken":[{"damage":0.0,"enemies":"Jaw Worm","floor":1.0,"turns":1.0},{"damage":0.0,"enemies":"2 Louse","floor":4.0,"turns":1.0},{"damage":0.0,"enemies":"Gremlin Nob","floor":6.0,"turns":1.0},{"damage":2.0,"enemies":"Small Slimes","floor":7.0,"turns":3.0},{"damage":22.0,"enemies":"Exordium Thugs","floor":11.0,"turns":5.0},{"damage":13.0,"enemies":"Lots of Slimes","floor":12.0,"turns":8.0},{"damage":0.0,"enemies":"Blue Slaver","floor":13.0,"turns":4.0},{"damage":10.0,"enemies":"Gremlin Gang","floor":14.0,"turns":7.0},{"damage":75.0,"enemies":"The Guardian","floor":16.0,"turns":16.0},{"damage":28.0,"enemies":"2 Thieves","floor":18.0,"turns":5.0},{"damage":22.0,"enemies":"Spheric Guardian","floor":19.0,"turns":6.0},{"damage":10.0,"enemies":"Cultist and Chosen","floor":21.0,"turns":9.0},{"damage":10.0,"enemies":"Centurion and Healer","floor":22.0,"turns":6.0},{"damage":36.0,"enemies":"Sentry and Sphere","floor":27.0,"turns":7.0},{"damage":10.0,"enemies":"Chosen and Byrds","floor":29.0,"turns":8.0},{"damage":10.0,"enemies":"Centurion and Healer","floor":30.0,"turns":8.0},{"damage":10.0,"enemies":"Nightmare","floor":31.0,"turns":8.0},{"damage":69.0,"enemies":"Pondfish","floor":33.0,"turns":15.0},{"damage":0.0,"enemies":"3 Shapes","floor":35.0,"turns":5.0},{"damage":29,"enemies":"3 Darklings","floor":36,"turns":6},{"damage":23,"enemies":"Spire Growth","floor":39,"turns":7},{"damage":60,"enemies":"HollowMod:StalkingDevout","floor":41,"turns":11},{"damage":36,"enemies":"Maw","floor":47,"turns":7},{"damage":35,"enemies":"Mind Bloom Boss Battle","floor":48,"turns":7},{"damage":96,"enemies":"Awakened One","floor":50,"turns":6}],"seed_played":"5835798069533179988","potions_obtained":[{"floor":1.0,"key":"sneckomod:MuddlingPotion"},{"floor":2.0,"key":"SneckoOil"},{"floor":3.0,"key":"Adrenaline Potion"},{"floor":3.0,"key":"FairyPotion"},{"floor":3.0,"key":"Languid Potion"},{"floor":18.0,"key":"Fruit Juice"},{"floor":19.0,"key":"LifebloodPotion"},{"floor":30.0,"key":"Explosive Potion"},{"floor":33.0,"key":"Reflective Coating"},{"floor":41,"key":"sneckomod:MuddlingPotion"},{"floor":47,"key":"Milkshake"},{"floor":48,"key":"AttackPotion"}],"is_trial":false,"path_per_floor":["M","?","?","M","$","E","M","R","T","T","M","M","M","M","R","B",null,"M","M","$","M","M","R","?","?","T","M","T","M","M","NM","R","B",null,"M","M","?","AVR","M","R","E","R","T","R","$","?","M","?","R","B"],"character_chosen":"THE_BUGKNIGHT","items_purchased":["HollowMod:AwokenDreamNail","HollowMod:BaldurShell","expansioncontent:Collect","HollowMod:MantisMark"],"campfire_rested":7,"item_purchase_floors":[5,20,20,20],"current_hp_per_floor":[75,57,57,57,57,57,55,75,75,75,59,58,58,72,72,22,75,53,57,57,61,69,80,74,74,74,38,38,40,45,56,80,45,80,80,66,66,66,63,80,44,68,68,80,80,80,50,27,51,0,0],"gold":400,"neow_bonus":"THREE_ENEMY_KILL","is_daily":false,"chose_seed":false,"campfire_upgraded":1,"win_rate":0.0,"timestamp":1609383330,"path_taken":["M","?","?","?","$","E","M","R","T","?","M","M","?","M","R","BOSS","M","M","$","M","M","R","?","?","T","?","?","M","M","NM","R","BOSS","M","M","?","AVR","?","R","E","R","T","R","$","?","?","?","R","BOSS"],"items_purchased_type":["Card","Card","Card","Card"],"build_version":"2020-12-22","purchased_purges":1,"victory":false,"max_hp_per_floor":[75,75,75,75,75,75,75,75,75,75,75,75,75,75,75,75,75,75,80,80,80,80,80,80,80,80,80,80,80,80,80,80,80,80,80,80,80,80,80,80,80,80,80,80,80,80,80,80,80,80,80],"card_choices":[{"not_picked":["HollowMod:NewJinnsSoul","HollowMod:LifebloodCocoon"],"picked":"HollowMod:FastStrike","floor":1.0},{"not_picked":["HollowMod:CycloneSlash","HollowMod:HeavyBlow"],"picked":"HollowMod:CloakDash","floor":2.0},{"not_picked":["HollowMod:VengefulVoid","HollowMod:MawleksShell"],"picked":"HollowMod:BaldurShell","floor":4.0},{"not_picked":["HollowMod:CoiledNail","HollowMod:NewJinnsSoul"],"picked":"HollowMod:CrystalDash","floor":6.0},{"not_picked":["HollowMod:ShadowDash","HollowMod:HeavyBlow"],"picked":"HollowMod:SoulMaster","floor":7.0},{"not_picked":["HollowMod:VengefulVoid","HollowMod:WraithStrike"],"picked":"HollowMod:NewLittleFool","floor":11.0},{"not_picked":["HollowMod:ShadowDash","HollowMod:DreamGate"],"picked":"HollowMod:PureNailStrike","floor":12.0},{"not_picked":["HollowMod:SoulVessel","HollowMod:LifebloodCocoon"],"picked":"HollowMod:Hiveblood","floor":13.0},{"not_picked":["HollowMod:RecoilStrike","HollowMod:InfectedAttack"],"picked":"HollowMod:SharpenedShadows","floor":14.0},{"not_picked":["HollowMod:ElderbugsWisdom","HollowMod:MidwifesHunger"],"picked":"HollowMod:HornetsHelp","floor":16.0},{"not_picked":["HollowMod:GoodIntentions","HollowMod:CornifersMapStart+1"],"picked":"HollowMod:SoulSplash","floor":18.0},{"not_picked":["HollowMod:PerfectDash","HollowMod:InfectedAttack"],"picked":"HollowMod:MantisMark","floor":19.0},{"not_picked":["HollowMod:BlackTendrils","HollowMod:DungDefenderAura+1"],"picked":"HollowMod:AbyssShriek+1","floor":21.0},{"not_picked":["HollowMod:BlackTendrils","HollowMod:HowlingWraiths"],"picked":"HollowMod:SoulEater","floor":22.0},{"not_picked":["HollowMod:VengefulVoid+1","HollowMod:Grubsong+1"],"picked":"HollowMod:ShapeofUnn+1","floor":27.0},{"not_picked":["HollowMod:CornifersMapStart","HollowMod:HuntersJournal"],"picked":"HollowMod:CycloneSlash","floor":29.0},{"not_picked":["HollowMod:ChannelNail","HollowMod:ShapeofUnn"],"picked":"HollowMod:MothsMistake+1","floor":30.0},{"not_picked":["HollowMod:WraithStrike+1","HollowMod:DoubleDash"],"picked":"HollowMod:QuirrelsAssistance","floor":31.0},{"not_picked":["HollowMod:NewInfectedGuardian","HollowMod:LifebloodCore"],"picked":"HollowMod:VoidDash","floor":33.0},{"not_picked":["HollowMod:GoodIntentions","HollowMod:DreamGate"],"picked":"HollowMod:FastStrike+1","floor":35},{"not_picked":["HollowMod:FastStrike+1","HollowMod:DescendingDark"],"picked":"HollowMod:QuirrelsAssistance+1","floor":36},{"not_picked":["HollowMod:VengefulVoid","HollowMod:SiblingsShadow+1","HollowMod:ShadowDash+1"],"picked":"SKIP","floor":39},{"not_picked":["HollowMod:HowlingWraiths","HollowMod:QuirrelsAssistance+1"],"picked":"HollowMod:NewGlowingWomb+1","floor":41},{"not_picked":["HollowMod:SoulSplash+1","HollowMod:PureNailStrike+1"],"picked":"HollowMod:InfectionAssault+1","floor":47},{"not_picked":["HollowMod:FallenFury","HollowMod:BaldurShell"],"picked":"HollowMod:NewJinnsSoul+1","floor":48}],"player_experience":334899,"relics_obtained":[{"floor":2.0,"key":"Replay:Accelerometer"},{"floor":6.0,"key":"Gremlin Food"},{"floor":9.0,"key":"Replay:Rubber Ducky"},{"floor":10.0,"key":"Art of War"},{"floor":26.0,"key":"Ginger"},{"floor":28.0,"key":"Golden Egg"},{"floor":31.0,"key":"Iron Hammer"},{"floor":41,"key":"Replay:Baseball"},{"floor":43,"key":"White Beast Statue"},{"floor":48,"key":"StoneCalendar"}],"event_choices":[{"damage_healed":0.0,"max_hp_gain":0.0,"max_hp_loss":0.0,"gold_gain":0.0,"event_name":"Lab","player_choice":"Got Potions","floor":3.0,"gold_loss":0.0,"damage_taken":0.0},{"damage_healed":0.0,"max_hp_gain":0.0,"max_hp_loss":0.0,"gold_gain":0.0,"event_name":"Nest","player_choice":"Joined the Cult","floor":24.0,"gold_loss":0.0,"damage_taken":6.0,"cards_obtained":["RitualDagger"]},{"damage_healed":0.0,"max_hp_gain":0.0,"max_hp_loss":0.0,"gold_gain":0.0,"cards_transformed":["HollowMod:QuickDashStart"],"event_name":"Transmorgrifier","player_choice":"Transformed","floor":25.0,"gold_loss":0.0,"damage_taken":0.0,"cards_obtained":["HollowMod:DesolateDive"]},{"damage_healed":0,"gold_gain":0,"player_choice":"Ignored","damage_taken":0,"max_hp_gain":0,"max_hp_loss":0,"event_name":"NoteForYourself","floor":37,"gold_loss":0},{"damage_healed":0,"gold_gain":0,"player_choice":"Copied","damage_taken":0,"max_hp_gain":0,"max_hp_loss":0,"event_name":"Duplicator","floor":46,"gold_loss":0,"cards_obtained":["RitualDagger"]},{"damage_healed":0,"gold_gain":0,"player_choice":"Fight","damage_taken":0,"max_hp_gain":0,"max_hp_loss":0,"event_name":"MindBloom","floor":48,"gold_loss":0}],"is_beta":false,"boss_relics":[{"not_picked":["Honey Jar","Philosopher\u0027s Stone"],"picked":"Fusion Hammer"},{"not_picked":["ReplayTheSpireMod:DimensionalGlitch","Cursed Key","Kintsugi"]}],"items_purged_floors":[45],"is_endless":true,"potions_floor_spawned":[1,4,6,11,12,18,19,30,33,35,41,47,48],"killed_by":"Awakened One","ascension_level":0}}