{"host":"illcitrm55wwsa0m","time":1609446008,"event":{"mods":["AchievementEnabler","BaseMod","Colored Map","Minty Spire (QoL Compilation)","Quick Restart"],"gold_per_floor":[117,131,144,157,157,157,190,190,238,14,14,33,59,70,70,166,166,184,99,115,128,143,170,170,195,244,28,28,47,58,85,85,186,186,198,211,226,250,270,304,304,339,339,358,387,407,261,288,288,288,288],"floor_reached":50,"playtime":3508,"items_purged":["Defend_R"],"score":719,"play_id":"795b81e9-b4ee-47ee-b16e-ef4791789117","local_time":"20201231212008","is_ascension_mode":true,"campfire_choices":[{"data":"Whirlwind","floor":6,"key":"SMITH"},{"data":"Perfected Strike","floor":8,"key":"SMITH"},{"data":"Bash","floor":15,"key":"SMITH"},{"data":"Perfected Strike","floor":24,"key":"SMITH"},{"data":"Shockwave","floor":32,"key":"SMITH"},{"floor":49,"key":"REST"}],"circlet_count":0,"master_deck":["Strike_R","Strike_R","Strike_R","Strike_R","Strike_R","Defend_R","Defend_R","Bash+1","Battle Trance","Perfected Strike+1","Whirlwind+1","Clash","Pommel Strike","Ghostly Armor","Power Through","Double Tap+1","Shockwave+1","Headbutt","Perfected Strike+1","Pommel Strike","Perfected Strike+1","Evolve","Perfected Strike+1","Wild Strike","Fire Breathing+1","Evolve","Perfected Strike","Madness","Madness","Offering","Dual Wield+1","Shockwave+1","Pommel Strike"],"relics":["Black Blood","Paper Frog","Chemical X","Red Skull","SacredBark","Champion Belt","Sundial","Mercury Hourglass","Bag of Marbles","Bag of Preparation","Ancient Tea Set","CaptainsWheel","Frozen Egg 2","Dream Catcher","PreservedInsect","Blood Vial"],"acts_visited":["Exordium","TheCity","TheBeyond"],"potions_floor_usage":[13,16,23,25,33,33,42,45,45,45,50],"damage_taken":[{"damage":7,"enemies":"Small Slimes","floor":1,"turns":6},{"damage":5,"enemies":"Jaw Worm","floor":2,"turns":5},{"damage":0,"enemies":"Cultist","floor":3,"turns":2},{"damage":9,"enemies":"Blue Slaver","floor":4,"turns":3},{"damage":17,"enemies":"3 Sentries","floor":7,"turns":8},{"damage":0,"enemies":"Looter","floor":12,"turns":2},{"damage":26,"enemies":"Lagavulin","floor":13,"turns":4},{"damage":8,"enemies":"Red Slaver","floor":14,"turns":2},{"damage":25,"enemies":"Hexaghost","floor":16,"turns":8},{"damage":12,"enemies":"Shell Parasite","floor":18,"turns":3},{"damage":6,"enemies":"Chosen","floor":20,"turns":2},{"damage":20,"enemies":"Centurion and Healer","floor":21,"turns":4},{"damage":5,"enemies":"Snecko","floor":22,"turns":3},{"damage":10,"enemies":"Book of Stabbing","floor":23,"turns":3},{"damage":27,"enemies":"Slavers","floor":25,"turns":2},{"damage":6,"enemies":"3 Cultists","floor":29,"turns":3},{"damage":0,"enemies":"Snake Plant","floor":30,"turns":1},{"damage":15,"enemies":"Book of Stabbing","floor":31,"turns":3},{"damage":33,"enemies":"Collector","floor":33,"turns":5},{"damage":0,"enemies":"3 Darklings","floor":35,"turns":1},{"damage":2,"enemies":"Orb Walker","floor":36,"turns":2},{"damage":29,"enemies":"3 Darklings","floor":37,"turns":4},{"damage":9,"enemies":"Sphere and 2 Shapes","floor":39,"turns":2},{"damage":9,"enemies":"Nemesis","floor":40,"turns":5},{"damage":35,"enemies":"Giant Head","floor":42,"turns":5},{"damage":13,"enemies":"4 Shapes","floor":44,"turns":4},{"damage":27,"enemies":"Nemesis","floor":45,"turns":5},{"damage":21,"enemies":"Writhing Mass","floor":46,"turns":3},{"damage":9,"enemies":"Giant Head","floor":48,"turns":4},{"damage":56,"enemies":"Time Eater","floor":50,"turns":7}],"seed_played":"6153414616498117125","potions_obtained":[{"floor":1,"key":"PowerPotion"},{"floor":7,"key":"Fruit Juice"},{"floor":14,"key":"BlessingOfTheForge"},{"floor":16,"key":"SmokeBomb"},{"floor":20,"key":"Explosive Potion"},{"floor":22,"key":"SteroidPotion"},{"floor":23,"key":"FearPotion"},{"floor":31,"key":"Weak Potion"},{"floor":33,"key":"ElixirPotion"},{"floor":37,"key":"Block Potion"},{"floor":39,"key":"LiquidMemories"},{"floor":42,"key":"Explosive Potion"},{"floor":48,"key":"Block Potion"}],"is_trial":false,"path_per_floor":["M","M","M","M","?","R","E","R","T","$","?","M","E","M","R","B",null,"M","?","M","M","M","E","R","E","T","$","?","M","M","E","R","B",null,"M","M","M","T","M","E","?","E","T","M","E","M","$","E","R","B"],"character_chosen":"IRONCLAD","items_purchased":["Chemical X","Bag of Preparation","Evolve","PreservedInsect"],"campfire_rested":1,"item_purchase_floors":[10,27,27,47],"current_hp_per_floor":[87,88,88,85,85,85,74,74,74,74,74,80,65,63,63,44,93,87,87,87,73,74,70,70,49,49,49,49,49,55,46,46,19,93,93,93,76,76,79,82,70,47,47,46,31,22,22,25,52,0,0],"gold":288,"neow_bonus":"TEN_PERCENT_HP_BONUS","is_daily":false,"chose_seed":false,"campfire_upgraded":5,"win_rate":0.0,"timestamp":1609446008,"path_taken":["M","M","M","M","?","R","E","R","T","$","?","?","E","M","R","BOSS","M","?","M","M","M","E","R","E","T","$","?","M","M","E","R","BOSS","M","M","M","?","M","E","?","E","T","M","E","M","?","E","R","BOSS"],"items_purchased_type":["Relic","Relic","Card","Relic"],"build_version":"2020-12-22","purchased_purges":1,"victory":false,"max_hp_per_floor":[88,88,88,88,88,88,88,88,88,88,88,88,93,93,93,93,93,93,93,93,93,93,93,93,93,93,93,93,93,93,93,93,93,93,93,93,93,93,93,93,93,93,93,93,93,93,93,93,93,93,93],"card_choices":[{"not_picked":["Second Wind","Wild Strike"],"picked":"Battle Trance","floor":1},{"not_picked":["Shrug It Off","Clothesline"],"picked":"Perfected Strike","floor":2},{"not_picked":["Body Slam","Shockwave"],"picked":"Whirlwind","floor":3},{"not_picked":["Sentinel","Searing Blow"],"picked":"Clash","floor":4},{"not_picked":["Inflame","True Grit"],"picked":"Pommel Strike","floor":7},{"not_picked":["Sentinel","Cleave","Sever Soul"],"picked":"SKIP","floor":12},{"not_picked":["Armaments","Fire Breathing"],"picked":"Ghostly Armor","floor":13},{"not_picked":["Entrench","Pommel Strike"],"picked":"Power Through","floor":14},{"not_picked":["Bludgeon","Berserk"],"picked":"Double Tap","floor":16},{"not_picked":["Shrug It Off","Anger+1"],"picked":"Shockwave","floor":18},{"not_picked":["Body Slam","Carnage"],"picked":"Headbutt","floor":20},{"not_picked":["True Grit+1","Thunderclap"],"picked":"Perfected Strike","floor":21},{"not_picked":["Twin Strike","Battle Trance"],"picked":"Pommel Strike","floor":22},{"not_picked":["Heavy Blade+1","Havoc","Bludgeon"],"picked":"SKIP","floor":23},{"not_picked":["Uppercut","Sword Boomerang+1"],"picked":"Perfected Strike+1","floor":25},{"not_picked":["Ghostly Armor","Heavy Blade"],"picked":"Perfected Strike+1","floor":29},{"not_picked":["Seeing Red","Heavy Blade"],"picked":"Wild Strike","floor":30},{"not_picked":["Headbutt+1","Sentinel"],"picked":"Fire Breathing+1","floor":31},{"not_picked":["Clothesline","Body Slam","Armaments"],"picked":"SKIP","floor":35},{"not_picked":["Entrench","Iron Wave","Warcry"],"picked":"SKIP","floor":36},{"not_picked":["Metallicize+1","Bloodletting+1"],"picked":"Evolve","floor":37},{"not_picked":["Disarm+1","Flex+1","Dropkick+1"],"picked":"SKIP","floor":39},{"not_picked":["Offering","Body Slam"],"picked":"Perfected Strike","floor":40},{"not_picked":["Clothesline+1","Heavy Blade+1"],"picked":"Offering","floor":42},{"not_picked":["Clash+1","Combust+1"],"picked":"Dual Wield+1","floor":44},{"not_picked":["Flex+1","Havoc","Heavy Blade"],"picked":"SKIP","floor":45},{"not_picked":["Dual Wield+1","Cleave","Iron Wave+1"],"picked":"SKIP","floor":46},{"not_picked":["Double Tap","Fire Breathing+1"],"picked":"Shockwave+1","floor":48},{"not_picked":["Iron Wave+1","Warcry+1"],"picked":"Pommel Strike","floor":49}],"player_experience":99441,"relics_obtained":[{"floor":7,"key":"Paper Frog"},{"floor":13,"key":"Red Skull"},{"floor":23,"key":"Sundial"},{"floor":25,"key":"Mercury Hourglass"},{"floor":26,"key":"Bag of Marbles"},{"floor":38,"key":"Ancient Tea Set"},{"floor":40,"key":"CaptainsWheel"},{"floor":42,"key":"Frozen Egg 2"},{"floor":43,"key":"Dream Catcher"},{"floor":48,"key":"Blood Vial"}],"event_choices":[{"damage_healed":0,"gold_gain":0,"player_choice":"Ignored","damage_taken":0,"max_hp_gain":0,"max_hp_loss":0,"event_name":"Liars Game","floor":5,"gold_loss":0},{"cards_removed":["Defend_R"],"damage_healed":0,"gold_gain":0,"player_choice":"Purged","damage_taken":0,"max_hp_gain":0,"max_hp_loss":0,"event_name":"Purifier","floor":11,"gold_loss":0},{"damage_healed":0,"gold_gain":0,"player_choice":"Obtained Relic","damage_taken":0,"relics_obtained":["Champion Belt"],"max_hp_gain":0,"max_hp_loss":0,"event_name":"Addict","floor":19,"gold_loss":85},{"damage_healed":0,"gold_gain":0,"player_choice":"Upgraded","damage_taken":0,"max_hp_gain":0,"max_hp_loss":0,"event_name":"Upgrade Shrine","floor":28,"gold_loss":0,"cards_upgraded":["Double Tap"]},{"damage_healed":0,"gold_gain":0,"player_choice":"Embrace Madness","damage_taken":12,"max_hp_gain":0,"max_hp_loss":0,"event_name":"Winding Halls","floor":41,"gold_loss":0,"cards_obtained":["Madness","Madness"]}],"is_beta":false,"boss_relics":[{"not_picked":["Calling Bell","Pandora\u0027s Box"],"picked":"SacredBark"},{"not_picked":["Coffee Dripper","Cursed Key"],"picked":"Black Blood"}],"items_purged_floors":[10],"is_endless":false,"potions_floor_spawned":[1,7,14,16,20,22,23,31,33,37,39,40,42,48],"killed_by":"Time Eater","ascension_level":1}}