{"host":"0cnf9zf1gia27zti","time":1609452870,"event":{"mods":["BaseMod","BetterRewards","Card Forge","Colored Map","Colored Powertips","Conspire","Downfall","Googly Eyes","Minty Spire (QoL Compilation)","Practice Mode","Quick Restart","Replay The Spire","Shade Mod","Spicy Shops","StSLib"],"gold_per_floor":[129,129,129,129,129,129,177,237,237,297,26,62,62,140,140,440,440,485,485,400,448,448,448,448,535,535,640,733,733,778,11,11,308,308,356,407,524,572,56,161,161,239,291,291,366,417,417,417,417,417],"floor_reached":51,"playtime":2493,"items_purged":[],"score":964,"play_id":"eebebd89-280f-48f3-9bfe-668f9c93ef8c","local_time":"20201231221430","daily_mods":["SealedDeck","Colorless Cards","Heirloom","DeadlyEvents","Elite Swarm","Midas"],"is_ascension_mode":false,"campfire_choices":[{"floor":6,"key":"REST"},{"floor":13,"key":"REST"},{"floor":23,"key":"REST"},{"floor":29,"key":"REST"},{"floor":32,"key":"REST"},{"floor":41,"key":"REST"},{"floor":44,"key":"REST"},{"floor":47,"key":"REST"},{"floor":49,"key":"REST"}],"circlet_count":0,"master_deck":["Shade:Premonition","Shade:CoffinDance","Shade:SkeletonHug","Panacea","Shade:Bonestorm","Shade:CommandSoldier","Shade:AuraOfUnlife+1","Shade:Bonestorm","Shade:FreshBones","Shade:Bonestorm","Shade:Bonestorm","Shade:FreshBones","Shade:AuraOfUnlife+1","Shade:WallOfFlesh","Mayhem+1","Shade:Putrefaction+1","Shade:LichForm+1","Shade:WallOfFlesh+1","Shade:LichForm+1","Shade:GreaterAnimation+1","Shade:LichForm+1","Shade:CommandSoldier","Mayhem+1","Good Instincts+1","Mayhem+1","Replay:SS_hec_2+1","Dark Shackles+1","Shade:OpenGraves+1","expansioncontent:DashGenerateEvil","Shade:CommandSoldier+1","Madness+1","Madness+1"],"relics":["Shade:YorickPolishedSkull","Hammer of Thor","Seething Fire","Anvil of the Gods","Ring of Chaos","Shade:Thing","Strawberry","Potion Belt","Frozen Egg 2","Enchiridion","ReplayFunnel","Ice Cream","Replay:PocketPolymizer","Gambling Chip","TungstenRod","Bird Faced Urn","White Beast Statue","ClockworkSouvenir","ReplayTheSpireMod:ShopPack","conspire:Dentures","Regal Pillow","Replay:Kaleidoscope","Bag of Preparation","Toy Ornithopter","ReplayTheSpireMod:TigerMarble"],"acts_visited":["Exordium","TheCity","TheBeyond"],"potions_floor_usage":[10,16,16,16,18,25,27,33,38,40,45,46,50,50,50,50],"damage_taken":[{"damage":0,"enemies":"Cultist","floor":1,"turns":3},{"damage":0,"enemies":"2 Louse","floor":7,"turns":1},{"damage":5,"enemies":"Small Slimes","floor":8,"turns":2},{"damage":3,"enemies":"Looter","floor":10,"turns":2},{"damage":0,"enemies":"2 Fungi Beasts","floor":12,"turns":2},{"damage":2,"enemies":"Lagavulin","floor":14,"turns":4},{"damage":0,"enemies":"Fading Forest","floor":16,"turns":10},{"damage":2,"enemies":"Chosen","floor":18,"turns":3},{"damage":20,"enemies":"2 Thieves","floor":21,"turns":3},{"damage":4,"enemies":"Book of Stabbing","floor":25,"turns":2},{"damage":30,"enemies":"Slavers","floor":27,"turns":4},{"damage":8,"enemies":"Book of Stabbing","floor":28,"turns":3},{"damage":10,"enemies":"Snecko","floor":30,"turns":3},{"damage":10,"enemies":"conspire:MysteriousRune","floor":33,"turns":5},{"damage":0,"enemies":"3 Darklings","floor":35,"turns":2},{"damage":10,"enemies":"Orb Walker","floor":36,"turns":2},{"damage":25,"enemies":"Jaw Worm Horde","floor":38,"turns":4},{"damage":1,"enemies":"R_Hoarder","floor":40,"turns":5},{"damage":18,"enemies":"Reptomancer","floor":42,"turns":6},{"damage":27,"enemies":"Nemesis","floor":45,"turns":5},{"damage":18,"enemies":"Sphere and 2 Shapes","floor":46,"turns":5},{"damage":64,"enemies":"conspire:OrnateMirror","floor":50,"turns":5}],"seed_played":"-3829436235360643905","potions_obtained":[{"floor":1,"key":"DuplicationPotion"},{"floor":12,"key":"BlessingOfTheForge"},{"floor":15,"key":"FearPotion"},{"floor":15,"key":"SkillPotion"},{"floor":16,"key":"Energy Potion"},{"floor":21,"key":"SneckoOil"},{"floor":25,"key":"Explosive Potion"},{"floor":30,"key":"Regen Potion"},{"floor":33,"key":"Elixir"},{"floor":35,"key":"SteroidPotion"},{"floor":36,"key":"Dexterity Potion"},{"floor":37,"key":"Adrenaline Potion"},{"floor":37,"key":"Doom Potion"},{"floor":38,"key":"Adrenaline Potion"},{"floor":40,"key":"Dexterity Potion"},{"floor":42,"key":"ColorlessPotion"},{"floor":45,"key":"Slimebound:ThreeZeroPotion"},{"floor":46,"key":"Energy Potion"}],"is_trial":true,"path_per_floor":["M","$","?","?","?","R","M","M","T","M","$","M","R","E","R_BF","B",null,"M","?","?","M","?","R","$","E","T","E","E","R","M","$","R","B",null,"M","M","?","M","$","E","R","E","T","R","E","M","R","?","R","B",null],"character_chosen":"SHADE","items_purchased":["Shade:AuraOfUnlife","Potion Belt","Shade:WallOfFlesh","Bird Faced Urn","White Beast Statue","ClockworkSouvenir","ReplayTheSpireMod:ShopPack","Shade:OpenGraves+1","conspire:Dentures","Regal Pillow"],"campfire_rested":9,"item_purchase_floors":[11,11,11,31,31,31,31,39,39,39],"current_hp_per_floor":[65,65,65,65,65,65,65,60,67,64,64,64,72,70,70,70,72,70,54,54,34,34,55,55,51,51,21,13,34,24,24,45,65,72,72,66,39,30,30,51,72,66,66,72,57,60,72,64,72,35],"gold":417,"neow_bonus":"","is_daily":false,"chose_seed":false,"campfire_upgraded":0,"win_rate":0.0,"timestamp":1609452870,"path_taken":["M","$","?","?","?","R","?","M","T","M","$","M","R","E","R_BF","BOSS","M","?","?","?","?","R","$","E","T","?","?","R","M","$","R","BOSS","M","M","?","M","$","E","R","E","T","R","E","?","R","?","R","BOSS"],"items_purchased_type":["Card","Relic","Card","Relic","Relic","Relic","Relic","Card","Relic","Relic"],"build_version":"2020-12-22","purchased_purges":0,"victory":true,"max_hp_per_floor":[65,65,65,65,65,65,65,65,72,72,72,72,72,72,72,72,72,72,72,72,72,72,72,72,72,72,72,72,72,72,72,72,72,72,72,72,72,72,72,72,72,72,72,72,72,72,72,72,72,72],"card_choices":[{"not_picked":["Shade:Premonition","expansioncontent:Hexaburn"],"picked":"Shade:Bonestorm","floor":1},{"not_picked":["expansioncontent:ManipulateTime","Replay:Parry"],"picked":"Shade:Bonestorm","floor":7},{"not_picked":["expansioncontent:Chronoboost","Shade:FuneraryArmor"],"picked":"Shade:FreshBones","floor":8},{"not_picked":["Shade:AncientSpear","Shade:FingerOfDeath","Shade:ScuttlingHand"],"picked":"SKIP","floor":10},{"not_picked":["Shade:SanguineRitual","Shade:Premonition"],"picked":"Mayhem","floor":12},{"not_picked":["expansioncontent:StudyTheSpire+1","Shade:Consume"],"picked":"Shade:Putrefaction+1","floor":14},{"not_picked":["Shade:MadHubris","Chrysalis"],"picked":"Shade:LichForm+1","floor":16},{"not_picked":["Shade:FingerOfDeath","expansioncontent:AwakenDeath+1","Shade:SkeletonHug+1"],"picked":"SKIP","floor":18},{"not_picked":["Shade:ClawBack+1","expansioncontent:Collect+1"],"picked":"Shade:WallOfFlesh+1","floor":21},{"not_picked":["Shade:MadHubris","expansioncontent:Corrupt","ReplayUltimateDefense+1"],"picked":"SKIP","floor":25},{"not_picked":["Sadistic Nature+1","Shade:SoulPierce+1"],"picked":"Shade:GreaterAnimation+1","floor":27},{"not_picked":["Shade:DarkOfNight","Master of Strategy"],"picked":"Shade:LichForm+1","floor":28},{"not_picked":["Shade:FuneraryArmor","Survey Options"],"picked":"Shade:CommandSoldier","floor":30},{"not_picked":["Metamorphosis","expansioncontent:QuickStudy"],"picked":"Mayhem","floor":31},{"not_picked":["expansioncontent:AwakenDeath","Replay:BasicMightCard"],"picked":"Good Instincts","floor":31},{"not_picked":["Shade:ExtraLimbs","Shade:GreyBargain+1","Replay:Sssssssssshield+1"],"picked":"SKIP","floor":35},{"not_picked":["Purity+1","Shade:FleshToFlesh+1","Shade:Trample"],"picked":"SKIP","floor":36},{"not_picked":["Shade:FreshBones+1","expansioncontent:SuperHexaguard+1"],"picked":"Replay:SS_hec_2+1","floor":37},{"not_picked":["Shade:FeralStrike","Shade:ClawBack"],"picked":"Dark Shackles+1","floor":38},{"not_picked":["Metamorphosis","expansioncontent:QuickStudy","Shade:MadHubris"],"picked":"SKIP","floor":40},{"not_picked":["Sadistic Nature+1","Shade:OminousRitual"],"picked":"expansioncontent:DashGenerateEvil","floor":42},{"not_picked":["ReplayTheSpireMod:Necrogeddon","Shade:UnbarTheGrave","Shade:OminousRitual"],"picked":"SKIP","floor":45},{"not_picked":["Shade:Frenzy","Shade:CloudOfShrapnel"],"picked":"Shade:CommandSoldier+1","floor":46}],"player_experience":2818414,"relics_obtained":[{"floor":9,"key":"Strawberry"},{"floor":14,"key":"Frozen Egg 2"},{"floor":19,"key":"Enchiridion"},{"floor":25,"key":"Ice Cream"},{"floor":26,"key":"Replay:PocketPolymizer"},{"floor":27,"key":"Gambling Chip"},{"floor":28,"key":"TungstenRod"},{"floor":40,"key":"Replay:Kaleidoscope"},{"floor":42,"key":"Bag of Preparation"},{"floor":43,"key":"Toy Ornithopter"},{"floor":45,"key":"ReplayTheSpireMod:TigerMarble"}],"event_choices":[{"damage_healed":0,"gold_gain":0,"player_choice":"Grow","damage_taken":0,"max_hp_gain":0,"max_hp_loss":0,"event_name":"Living Wall","floor":4,"gold_loss":0,"cards_upgraded":["Shade:AuraOfUnlife"]},{"damage_healed":0,"gold_gain":0,"player_choice":"Ignored","damage_taken":0,"max_hp_gain":0,"max_hp_loss":0,"event_name":"Golden Wing","floor":5,"gold_loss":0},{"damage_healed":0,"gold_gain":0,"player_choice":"Obtained Book","damage_taken":16,"max_hp_gain":0,"max_hp_loss":0,"event_name":"Cursed Tome","floor":19,"gold_loss":0},{"damage_healed":0,"gold_gain":0,"player_choice":"Obtained Relic","damage_taken":0,"relics_obtained":["ReplayFunnel"],"max_hp_gain":0,"max_hp_loss":0,"event_name":"Addict","floor":20,"gold_loss":85},{"damage_healed":0,"gold_gain":0,"player_choice":"Copied","damage_taken":0,"max_hp_gain":0,"max_hp_loss":0,"event_name":"Duplicator","floor":22,"gold_loss":0,"cards_obtained":["Shade:LichForm"]},{"damage_healed":0,"gold_gain":0,"player_choice":"Embrace Madness","damage_taken":9,"max_hp_gain":0,"max_hp_loss":0,"event_name":"Winding Halls","floor":48,"gold_loss":0,"cards_obtained":["Madness","Madness"]}],"is_beta":false,"boss_relics":[{"not_picked":["Painkiller Herb","Sozu"],"picked":"Shade:YorickPolishedSkull"},{"not_picked":["Velvet Choker","conspire:SeveredTorchhead","ReplayTheSpireMod:Onyx Gauntlets"]}],"items_purged_floors":[],"is_endless":false,"potions_floor_spawned":[1,12,16,21,25,30,33,35,36,38,40,42,45,46],"ascension_level":0}}