{"host":"l017gercouzhorma","time":1609400190,"event":{"mods":["AchievementEnabler","Aspiration","BaseMod","Challenge The Spire","Conspire","Downfall","Halation","Hermit","Hubris","Infinite Spire","Jorbs\u0027s Wanderer Trilogy","Mad Scientist","Marisa????????","Mimic Mod","Minty Spire (QoL Compilation)","Random Character Button","Rare Cards Sparkle","Relic Stats","Replay The Spire","Shade Mod","StSLib","The Cursed","The Disciple","The Hierophant","The Jungle","The Runesmith","The Servant 0.9.4"],"gold_per_floor":[109,121,139,157,177,210,210,55,85,85,118,136,36,54,54,152,152,162,177,196,211,211,239,239,249,274,284,284,284,284],"floor_reached":29,"playtime":3545,"items_purged":["Runesmith:Strike_RS","Runesmith:Strike_RS"],"score":261,"play_id":"5bb74e5b-4e54-400b-a916-fbc54fe801e1","local_time":"20201231003630","is_ascension_mode":false,"campfire_choices":[{"data":"Runesmith:CraftPrismatica","floor":7,"key":"SMITH"},{"data":"Runesmith:Firestorm","floor":15,"key":"SMITH"},{"data":"Runesmith:CraftMagma","floor":28,"key":"SMITH"}],"circlet_count":0,"master_deck":["Runesmith:CraftFirestone+1","Runesmith:Fortify","Runesmith:CraftMagma","Runesmith:BackupBattery","Runesmith:CraftPrismatica+1","Runesmith:ChiselStab","Runesmith:ChaoticBlast","Runesmith:Repurpose","Runesmith:Firestorm+1","Runesmith:GoWithTheFlow","Runesmith:CraftMedicinae","Runesmith:Terraform","Runesmith:FissionHammer","Runesmith:DoubleUp","Runesmith:Retool","Runesmith:DoubleUp","Runesmith:CraftMagma+1","Runesmith:PerfectChisel","Runesmith:HammerThrow","Runesmith:RuneHurl","Runesmith:EarthShield","Runesmith:Attraction+1","Runesmith:CraftObretio","Spreading Infection","Runesmith:ElementalConversion+1"],"relics":["Runesmith:BrokenRuby","Torii","Blue Candle","War Paint","MealTicket","Pandora\u0027s Box","Ring of Fury","Ring of Peace","Singing Bowl","Bag of Marbles"],"acts_visited":["Exordium","TheCity"],"potions_floor_usage":[4,6,16,16,20,23,23,27,29],"damage_taken":[{"damage":0,"enemies":"2 Louse","floor":1,"turns":3},{"damage":0,"enemies":"Cultist","floor":2,"turns":4},{"damage":0,"enemies":"Jaw Worm","floor":3,"turns":3},{"damage":9,"enemies":"3 Louse","floor":4,"turns":2},{"damage":3,"enemies":"Gremlin Gang","floor":5,"turns":5},{"damage":9,"enemies":"Lagavulin","floor":6,"turns":7},{"damage":0,"enemies":"Blue Slaver","floor":9,"turns":5},{"damage":11,"enemies":"3 Sentries","floor":11,"turns":6},{"damage":8,"enemies":"Blue Slaver","floor":12,"turns":4},{"damage":19,"enemies":"2 Fungi Beasts","floor":14,"turns":3},{"damage":4,"enemies":"Hexaghost","floor":16,"turns":8},{"damage":27,"enemies":"3 Byrds","floor":18,"turns":4},{"damage":2,"enemies":"Chosen","floor":19,"turns":4},{"damage":0,"enemies":"Centurion and Healer","floor":20,"turns":6},{"damage":1,"enemies":"Chosen and Byrds","floor":21,"turns":5},{"damage":18,"enemies":"Book of Stabbing","floor":23,"turns":5},{"damage":10,"enemies":"Cultist and Chosen","floor":25,"turns":7},{"damage":2,"enemies":"3 Cultists","floor":27,"turns":6},{"damage":14,"enemies":"Centurion and Healer","floor":29,"turns":3}],"seed_played":"-1712618129746807813","potions_obtained":[{"floor":2,"key":"Block Potion"},{"floor":3,"key":"Explosive Potion"},{"floor":5,"key":"SteroidPotion"},{"floor":12,"key":"CultistPotion"},{"floor":14,"key":"DistilledChaos"},{"floor":16,"key":"Slimebound:ThreeZeroPotion"},{"floor":19,"key":"Elixir"},{"floor":21,"key":"Milkshake"},{"floor":23,"key":"FearPotion"}],"is_trial":false,"path_per_floor":["M","M","M","M","M","E","R","$","MIM","?","E","M","$","M","R","B",null,"M","M","M","M","?","E","?","M","T","M","R","M"],"character_chosen":"RUNESMITH_CLASS","items_purchased":["Runesmith:Firestorm"],"campfire_rested":0,"item_purchase_floors":[8],"current_hp_per_floor":[63,63,63,54,51,42,42,42,42,63,52,44,59,40,40,40,63,36,34,34,33,33,23,23,15,15,13,13,0,0],"gold":284,"neow_bonus":"ONE_RARE_RELIC","is_daily":false,"chose_seed":false,"campfire_upgraded":3,"win_rate":0.0,"timestamp":1609400190,"path_taken":["M","M","M","M","M","E","R","$","MIM","?","E","?","$","M","R","BOSS","M","M","M","M","?","E","?","M","T","M","R","M"],"items_purchased_type":["Card"],"build_version":"2020-12-22","purchased_purges":2,"victory":false,"max_hp_per_floor":[63,63,63,63,63,63,63,63,63,63,63,63,63,63,63,63,63,63,63,63,63,63,65,65,67,67,67,67,67,67],"relic_stats":{"Torii":66,"Singing Bowl":4,"counters":[19,90],"Blue Candle":[3],"MealTicket":15,"Pandora\u0027s Box":["Runesmith:DoubleUp","Runesmith:Retool","Runesmith:DoubleUp","Runesmith:CraftMagma","Runesmith:PerfectChisel","Runesmith:HammerThrow"],"War Paint":["Runesmith:CraftFirestone","Runesmith:Defend_RS"],"obtain_stats":[{"Runesmith:BrokenRuby":0,"Torii":0,"Singing Bowl":23,"Blue Candle":6,"Ring of Peace":22,"MealTicket":11,"Pandora\u0027s Box":17,"Ring of Fury":22,"Bag of Marbles":26,"War Paint":9},{"Runesmith:BrokenRuby":0,"Torii":0,"Singing Bowl":16,"Blue Candle":6,"Ring of Peace":15,"MealTicket":8,"Pandora\u0027s Box":11,"Ring of Fury":15,"Bag of Marbles":17,"War Paint":7},{"Runesmith:BrokenRuby":0,"Torii":0,"Singing Bowl":74,"Blue Candle":24,"Ring of Peace":69,"MealTicket":35,"Pandora\u0027s Box":50,"Ring of Fury":69,"Bag of Marbles":81,"War Paint":29}]},"card_choices":[{"not_picked":["Runesmith:ShiftingStrike","Runesmith:Grindstone"],"picked":"Runesmith:CraftMagma","floor":1},{"not_picked":["Runesmith:Grindstone","Runesmith:MakeshiftArmor"],"picked":"Runesmith:BackupBattery","floor":2},{"not_picked":["Runesmith:Firestorm","Runesmith:EnergizedChisel"],"picked":"Runesmith:CraftPrismatica","floor":3},{"not_picked":["Runesmith:UnstableHammer","aspiration:UnbridledHammer"],"picked":"Runesmith:ChiselStab","floor":4},{"not_picked":["Runesmith:Grindstone","Runesmith:ShiftingStrike"],"picked":"Runesmith:ChaoticBlast","floor":5},{"not_picked":["Runesmith:CraftReservo","Runesmith:Malloc"],"picked":"Runesmith:Repurpose","floor":6},{"not_picked":["Runesmith:ElementalConversion","Runesmith:NanitesCloud"],"picked":"Runesmith:GoWithTheFlow","floor":9},{"not_picked":["Runesmith:HeatedChisel","Runesmith:BackupBattery"],"picked":"Runesmith:CraftMedicinae","floor":11},{"not_picked":["Runesmith:GoWithTheFlow","Runesmith:StaticCage","Runesmith:Overpower"],"picked":"SKIP","floor":12},{"not_picked":["Runesmith:DoubleUp","Runesmith:HammerThrow"],"picked":"Runesmith:Terraform","floor":14},{"not_picked":["Runesmith:GenerateForcefield","Runesmith:DuctTape"],"picked":"Runesmith:FissionHammer","floor":16},{"not_picked":["Runesmith:ShiftingStrike+1","Runesmith:Grindstone"],"picked":"Runesmith:RuneHurl","floor":18},{"not_picked":["Runesmith:Malloc","Runesmith:Overpower+1"],"picked":"Runesmith:EarthShield","floor":19},{"not_picked":["Runesmith:CraftMagma+1","Runesmith:NanitesCloud+1"],"picked":"Runesmith:Attraction+1","floor":20},{"not_picked":["Runesmith:RuneHurl","Runesmith:Prism"],"picked":"Runesmith:CraftObretio","floor":21},{"not_picked":["Runesmith:UnstableHammer+1","Runesmith:ShiftingStrike","Runesmith:HeatedChisel"],"picked":"Singing Bowl","floor":23},{"not_picked":["Runesmith:EnergizedChisel","Runesmith:RuneHurl","Runesmith:MakeshiftArmor"],"picked":"Singing Bowl","floor":25},{"not_picked":["Runesmith:RuneHurl","Runesmith:ShiftingStrike"],"picked":"Runesmith:ElementalConversion+1","floor":27}],"player_experience":823222,"relics_obtained":[{"floor":6,"key":"Blue Candle"},{"floor":9,"key":"War Paint"},{"floor":11,"key":"MealTicket"},{"floor":22,"key":"Ring of Fury"},{"floor":22,"key":"Ring of Peace"},{"floor":23,"key":"Singing Bowl"},{"floor":26,"key":"Bag of Marbles"}],"event_choices":[{"damage_healed":21,"gold_gain":0,"player_choice":"Full Heal","damage_taken":0,"max_hp_gain":0,"max_hp_loss":0,"event_name":"Wheel of Change","floor":10,"gold_loss":0},{"damage_healed":0,"gold_gain":0,"player_choice":"Ignored","damage_taken":0,"max_hp_gain":0,"max_hp_loss":0,"event_name":"Duplicator","floor":24,"gold_loss":0}],"is_beta":false,"boss_relics":[{"not_picked":["hubris:Backtick","hubris:RunicObelisk"],"picked":"Pandora\u0027s Box"}],"items_purged_floors":[8,13],"is_endless":false,"potions_floor_spawned":[2,3,5,12,14,16,19,21,23],"killed_by":"Centurion and Healer","ascension_level":0}}