{"host":"0azimyi6n3ugndj4","time":1609442819,"event":{"mods":["2.2 Compatiblity","BaseMod","Bestiary","Conspire","Curses Come First","Defuse TimeMaze Blight","Hyrulean Relics","Infinite Spire","Minty Spire (QoL Compilation)","Relic Stats","Replay The Spire","StSLib","SuperFastMode","Uncapped","¡¼?Úª?ø«¡½REMEMod"],"gold_per_floor":[153,428,467,467,467,554,504,616,616,616,676,751,98,191,191,191,191],"floor_reached":16,"playtime":415,"items_purged":[],"score":477,"play_id":"55e4f0c0-2e65-4956-925c-560c3999d907","local_time":"20210101042659","daily_mods":["SealedDeck","Hoarder","Insanity","Chimera","Specialized","Vintage","ControlledChaos","Allstar","Diverse","Colorless Cards","Heirloom","Time Dilation","Flight","Elite Swarm","Lethality","Midas","Binary"],"is_ascension_mode":true,"campfire_choices":[{"data":"Regret","floor":15,"key":"PURGE"}],"circlet_count":0,"master_deck":["Wraith Form v2","Echo Form","DevaForm","AscendersBane","Bash","Survivor","Zap","Eruption","Strike_R","Strike_G","Strike_B","Defend_R","Defend_G","Defend_P","Evaluate","Choke","Anger","Prostrate","Uppercut","JustLucky","Choke","Thunderclap","EmptyBody","Lockon","Pommel Strike","Shrug It Off","Wild Strike","Warcry","Outmaneuver","Cloak And Dagger","Chill","conspire:SharedLibrary","Go for the Eyes","Prostrate","Dagger Throw","BattleHymn","MentalFortress","Defy Death","Replay:AtTheReady","Deflect","FlurryOfBlows","ReplayTheSpireMod:System Scan+1","Finesse","FlyingSleeves","Noxious Fumes","Ball Lightning","REME_MusicOfDeath","Sucker Punch","Wild Strike","Wireheading","Bane","Coolheaded","Streamline","Body Slam","Streamline","PiercingWail","Replay:Battleflow","Havoc","Anger","Replay:Undeath\u0027s Touch","Replay:Undeath\u0027s Touch","Prostrate","PathToVictory","Pummel","Study","Study","Study","Study","Study","Study","Study","Study","Study","Study","Study","Study","Study","Study","Study","Replay:ManipulateFuture","Replay:ManipulateFuture","Replay:ManipulateFuture","Riddle With Holes","Riddle With Holes","Riddle With Holes","Heavy Blade","Heavy Blade","Heavy Blade","Sucker Punch","Sucker Punch","Sucker Punch","Nirvana","Nirvana","Nirvana","Replay:Undeath\u0027s Touch","Replay:Undeath\u0027s Touch","Replay:Undeath\u0027s Touch","Hologram","Hologram","Hologram","Backflip","Backflip","Backflip","Deflect+1","Deflect","Deflect","Pommel Strike","Pommel Strike","Pommel Strike","Regret","Regret","REME_Shoggoth","REME_Shoggoth","REME_Shoggoth","conspire:SpireCoStock","conspire:SpireCoStock","conspire:SpireCoStock"],"relics":["Ring of the Snake","Frozen Eye","Busted Crown","REME_ComplimentaryCards","Peace Pipe","FossilizedHelix","War Paint","Thread and Needle","zeldaRelics:CourageTriforce","Centennial Puzzle","zeldaRelics:WisdomPiece","Chemical X","Replay:Towering Pillar of Hats","Oddly Smooth Stone"],"acts_visited":["Exordium"],"potions_floor_usage":[8,8],"damage_taken":[{"damage":30,"enemies":"Jaw Worm","floor":1,"turns":4},{"damage":0,"enemies":"Cultist","floor":3,"turns":3},{"damage":20,"enemies":"Lagavulin","floor":6,"turns":5},{"damage":0,"enemies":"Gremlin Nob","floor":8,"turns":2},{"damage":0,"enemies":"Small Slimes","floor":11,"turns":2},{"damage":1,"enemies":"3 Sentries","floor":12,"turns":4},{"damage":29,"enemies":"Lagavulin","floor":14,"turns":6},{"damage":57,"enemies":"The Guardian","floor":16,"turns":5}],"seed_played":"3288073105278054925","potions_obtained":[{"floor":3,"key":"SpeedPotion"},{"floor":6,"key":"Reflective Coating"}],"is_trial":true,"path_per_floor":["M","?","M","?","?","E","?","E","T","?","M","E","$","E","R","B"],"character_chosen":"THE_SILENT","items_purchased":["Chemical X","Replay:Towering Pillar of Hats","Oddly Smooth Stone"],"campfire_rested":0,"item_purchase_floors":[13,13,13],"current_hp_per_floor":[29,29,29,18,23,3,3,3,3,81,81,80,80,51,51,0,0],"gold":191,"neow_bonus":"","is_daily":false,"chose_seed":false,"campfire_upgraded":0,"win_rate":0.0,"timestamp":1609442819,"path_taken":["M","?","?","?","?","E","?","E","T","?","?","E","$","E","R","BOSS"],"items_purchased_type":["Relic","Relic","Relic"],"build_version":"2020-12-22","purchased_purges":0,"victory":false,"max_hp_per_floor":[66,66,66,66,71,71,71,71,71,81,81,81,81,81,81,81,81],"relic_stats":{"Peace Pipe":1,"Centennial Puzzle":[9],"Busted Crown":8,"counters":[8,31],"Chemical X":[1],"War Paint":["ReplayTheSpireMod:System Scan","Deflect"],"obtain_stats":[{"zeldaRelics:WisdomPiece":12,"Replay:Towering Pillar of Hats":13,"Oddly Smooth Stone":13,"Thread and Needle":4,"War Paint":3,"zeldaRelics:CourageTriforce":9,"Peace Pipe":0,"Frozen Eye":0,"Centennial Puzzle":11,"Busted Crown":0,"zeldaRelics:CouragePiece":6,"Chemical X":13,"FossilizedHelix":1,"Ring of the Snake":0,"REME_ComplimentaryCards":0},{"zeldaRelics:WisdomPiece":6,"Replay:Towering Pillar of Hats":6,"Oddly Smooth Stone":6,"Thread and Needle":2,"War Paint":2,"zeldaRelics:CourageTriforce":4,"Peace Pipe":0,"Frozen Eye":0,"Centennial Puzzle":5,"Busted Crown":0,"zeldaRelics:CouragePiece":3,"Chemical X":6,"FossilizedHelix":1,"Ring of the Snake":0,"REME_ComplimentaryCards":0},{"zeldaRelics:WisdomPiece":20,"Replay:Towering Pillar of Hats":20,"Oddly Smooth Stone":20,"Thread and Needle":7,"War Paint":7,"zeldaRelics:CourageTriforce":14,"Peace Pipe":0,"Frozen Eye":0,"Centennial Puzzle":16,"Busted Crown":0,"zeldaRelics:CouragePiece":12,"Chemical X":20,"FossilizedHelix":4,"Ring of the Snake":0,"REME_ComplimentaryCards":0}],"Ring of the Snake":[16]},"card_choices":[],"player_experience":1481510,"relics_obtained":[{"floor":1,"key":"FossilizedHelix"},{"floor":3,"key":"War Paint"},{"floor":6,"key":"zeldaRelics:CouragePiece"},{"floor":8,"key":"zeldaRelics:CouragePiece"},{"floor":9,"key":"zeldaRelics:CouragePiece"},{"floor":11,"key":"Centennial Puzzle"},{"floor":12,"key":"zeldaRelics:WisdomPiece"},{"floor":14,"key":"zeldaRelics:WisdomPiece"}],"event_choices":[{"damage_healed":0,"gold_gain":275,"player_choice":"Desecrate","damage_taken":0,"max_hp_gain":0,"max_hp_loss":0,"event_name":"Golden Shrine","floor":2,"gold_loss":0,"cards_obtained":["Regret"]},{"damage_healed":0,"gold_gain":0,"player_choice":"Success","damage_taken":11,"relics_obtained":["Thread and Needle"],"max_hp_gain":0,"max_hp_loss":0,"event_name":"Scrap Ooze","floor":4,"gold_loss":0},{"damage_healed":0,"gold_gain":0,"player_choice":"Donut","damage_taken":0,"max_hp_gain":5,"max_hp_loss":0,"event_name":"Big Fish","floor":5,"gold_loss":0},{"damage_healed":0,"gold_gain":0,"player_choice":"Invest 1","damage_taken":0,"max_hp_gain":0,"max_hp_loss":0,"event_name":"conspire:Investor","floor":7,"gold_loss":0},{"cards_removed":["Demon Form"],"damage_healed":68,"gold_gain":0,"player_choice":"Offered Rare","damage_taken":0,"max_hp_gain":10,"max_hp_loss":0,"event_name":"Bonfire Elementals","floor":10,"gold_loss":0}],"is_beta":false,"boss_relics":[],"items_purged_floors":[],"is_endless":false,"potions_floor_spawned":[3,6],"killed_by":"The Guardian","ascension_level":20}}