{"host":"74rphcgmhz43g39u","time":1609396888,"event":{"mods":["Act Like it!","BaseMod","Colored Powertips","Gensokyo","Marisa£®ÏF”Í°°ƒß¿Ì…≥£©","Minty Spire (QoL Compilation)","Quick Restart","Reimu£®≤©¿ˆ¡È√Œ£©","Remilia£®¿Ÿ√◊¿Ú—«£©","StSLib"],"gold_per_floor":[111,128,146,14,27,27,302,302,302,314,314,314,342,54,54,149,149,168,180,180,36,61,96,96,378,378,398,417,428,428,446,446,550,550,560,579,589,82,82,82,82,112,112,145,561,561,572,584,584,584,584,584,97,128,128],"floor_reached":56,"playtime":3871,"items_purged":["Strike_Lin:ReiMu","Defend_Lin:ReiMu"],"score":1331,"play_id":"80a2d49a-d293-4a9e-b253-efbd49892cc7","local_time":"20201231144128","is_ascension_mode":true,"campfire_choices":[{"data":"Conquer:ReiMu","floor":6.0,"key":"SMITH"},{"floor":8.0,"key":"REST"},{"floor":11.0,"key":"REST"},{"data":"Apotheosis","floor":15.0,"key":"SMITH"},{"data":"Free:ReiMu","floor":24.0,"key":"SMITH"},{"data":"DependentForm:ReiMu","floor":30.0,"key":"SMITH"},{"data":"OctopathBindingBorder2:ReiMu","floor":32.0,"key":"SMITH"},{"data":"Gensokyo:PrivateSquare","floor":40.0,"key":"SMITH"},{"floor":49.0,"key":"RECALL"},{"data":"SubcavityFantasy:ReiMu","floor":52.0,"key":"SMITH"}],"circlet_count":0,"master_deck":["Strike_Lin:ReiMu","Strike_Lin:ReiMu","Defend_Lin:ReiMu","Defend_Lin:ReiMu","NB:ReiMu+1","Stagnation:ReiMu+1","Meditation:ReiMu","Conquer:ReiMu+1","PassingAway:ReiMu","WonderfulDomain:ReiMu","DependentForm:ReiMu+1","MikOfLucky:ReiMu","OctopathBindingBorder2:ReiMu+1","Apotheosis+1","Free:ReiMu+1","KamiSacrifice:ReiMu","WonderfulDomain:ReiMu+1","SpreadBorder2:ReiMu","Meditation:ReiMu","SubcavityFantasy:ReiMu+1","SealNeedle:ReiMu","SpreadBorder2:ReiMu","Free:ReiMu+1","Gensokyo:PrivateSquare+1","Pride","Free:ReiMu","RainPray2:ReiMu","Gathering:ReiMu+1","FineLineFantasy:ReiMu+1"],"relics":["FlyPower:ReiMu","RuthlessExorcism:ReiMu","Mercury Hourglass","Pocketwatch","StoneCalendar","TurtleShell:ReiMu","CrownOfHeavens:ReiMu","Bag of Preparation","CaptainsWheel","Bottled Tornado","Bag of Marbles","Ice Cream","SlaversCollar","OrangePellets","DollysMirror","Omamori","Blood Vial","War Paint","MealTicket","Prayer Wheel","Dead Branch","Blue Candle","Bow_fan:ReiMu","Boot"],"acts_visited":["Exordium","Gensokyo:Gensokyo","Gensokyo:Gensokyoer","TheEnding"],"potions_floor_usage":[55,55,55,55,55],"damage_taken":[{"damage":2.0,"enemies":"Gensokyo:3_Fairies","floor":1.0,"turns":7.0},{"damage":6.0,"enemies":"Gensokyo:Gryphon","floor":2.0,"turns":6.0},{"damage":0.0,"enemies":"Gensokyo:Python","floor":3.0,"turns":4.0},{"damage":19.0,"enemies":"Gensokyo:Kitsune","floor":5.0,"turns":7.0},{"damage":25.0,"enemies":"Gensokyo:Mamizou","floor":7.0,"turns":13.0},{"damage":7.0,"enemies":"Gensokyo:Python_and_Kodama","floor":10.0,"turns":3.0},{"damage":5.0,"enemies":"Gensokyo:Aya","floor":13.0,"turns":8.0},{"damage":1.0,"enemies":"Gensokyo:Reimu","floor":16.0,"turns":7.0},{"damage":8.0,"enemies":"Gensokyo:3_Dogs","floor":18.0,"turns":3.0},{"damage":0.0,"enemies":"Gensokyo:AngelMirror","floor":19.0,"turns":6.0},{"damage":18.0,"enemies":"Gensokyo:Tenshi","floor":23.0,"turns":7.0},{"damage":4.0,"enemies":"Gensokyo:Reisen","floor":25.0,"turns":7.0},{"damage":1.0,"enemies":"Gensokyo:Monolith_and_Dog","floor":27.0,"turns":4.0},{"damage":6.0,"enemies":"Gensokyo:Chomper_and_Gloop","floor":28.0,"turns":4.0},{"damage":8.0,"enemies":"Gensokyo:Wraith","floor":29.0,"turns":4.0},{"damage":3.0,"enemies":"Gensokyo:3_Gloops","floor":31.0,"turns":3.0},{"damage":2.0,"enemies":"Gensokyo:Eiki","floor":33.0,"turns":7.0},{"damage":0.0,"enemies":"Gensokyo:AncientGuardian","floor":35.0,"turns":7.0},{"damage":5.0,"enemies":"Gensokyo:3_Boulders","floor":36.0,"turns":5.0},{"damage":0.0,"enemies":"Gensokyo:4_Bats","floor":37.0,"turns":4.0},{"damage":16.0,"enemies":"Gensokyo:Marisa","floor":42.0,"turns":6.0},{"damage":16.0,"enemies":"Gensokyo:Kasen","floor":44.0,"turns":5.0},{"damage":22.0,"enemies":"Gensokyo:SeedOfUnknown","floor":45.0,"turns":6.0},{"damage":0.0,"enemies":"Gensokyo:Dusk_and_Dawn","floor":47.0,"turns":5.0},{"damage":4.0,"enemies":"Gensokyo:Sharpion","floor":48.0,"turns":8.0},{"damage":3.0,"enemies":"Gensokyo:Shinki","floor":50.0,"turns":10.0},{"damage":17.0,"enemies":"Shield and Spear","floor":54.0,"turns":5.0},{"damage":44,"enemies":"The Heart","floor":55,"turns":7}],"seed_played":"-3205603312117561115","potions_obtained":[{"floor":1.0,"key":"Strength Potion"},{"floor":3.0,"key":"LiquidBronze"},{"floor":7.0,"key":"SteroidPotion"},{"floor":18.0,"key":"AttackPotion"},{"floor":23.0,"key":"LiquidBronze"},{"floor":25.0,"key":"FearPotion"},{"floor":28.0,"key":"Strength Potion"},{"floor":31.0,"key":"Swift Potion"},{"floor":35.0,"key":"Fire Potion"},{"floor":36.0,"key":"EntropicBrew"},{"floor":44.0,"key":"SpeedPotion"},{"floor":47.0,"key":"ZuzhouPotion:ReiMu"}],"is_trial":false,"path_per_floor":["M","M","M","COS","M","R","E","R","T","M","R","?","E","$","R","B",null,"M","M","?","COS","T","E","R","E","T","M","M","M","R","M","R","B",null,"M","M","M","COS","?","R","?","E","T","E","M","T","M","M","R","B",null,"R","$","E","B",null],"character_chosen":"REIMU","items_purchased":["OctopathBindingBorder2:ReiMu","Apotheosis","Blue Candle","Bow_fan:ReiMu"],"campfire_rested":2,"item_purchase_floors":[14,14,53,53],"current_hp_per_floor":[57,51,51,51,32,32,7,24,24,17,34,52,47,47,47,46,59,51,51,51,51,51,33,33,29,29,28,22,14,14,11,11,9,59,59,54,54,54,54,54,54,38,38,24,4,4,6,4,4,3,59,59,59,42,38],"gold":128,"neow_bonus":"REMOVE_TWO","is_daily":false,"chose_seed":false,"campfire_upgraded":7,"win_rate":0.0,"timestamp":1609396888,"path_taken":["M","M","M","COS","M","R","E","R","T","M","R","?","E","$","R","BOSS","M","M","?","COS","?","E","R","E","T","?","M","M","R","M","R","BOSS","M","M","M","COS","?","R","?","E","T","E","?","?","M","M","R","BOSS","R","$","E","BOSS"],"items_purchased_type":["Card","Card","Relic","Relic"],"build_version":"2020-12-22","purchased_purges":2,"victory":true,"max_hp_per_floor":[59,59,59,59,59,59,59,59,59,59,59,59,59,59,59,59,59,59,59,59,59,59,59,59,59,59,59,59,59,59,59,59,59,59,59,59,59,59,59,59,59,59,59,59,59,59,59,59,59,59,59,59,59,59,59],"card_choices":[{"not_picked":["BarrageOfMoneybags:ReiMu","UpKicking:ReiMu"],"picked":"Meditation:ReiMu","floor":1.0},{"not_picked":["SpringWay:ReiMu","PhosphorusFlame:ReiMu"],"picked":"Conquer:ReiMu","floor":2.0},{"not_picked":["CareerPray:ReiMu","UniversalSpiritual:ReiMu"],"picked":"PassingAway:ReiMu","floor":3.0},{"not_picked":["Meditation:ReiMu","Crusade:ReiMu","Intuition:ReiMu"],"picked":"SKIP","floor":5.0},{"not_picked":["FantasyBorder:ReiMu","Gathering:ReiMu"],"picked":"WonderfulDomain:ReiMu","floor":7.0},{"not_picked":["Conquer:ReiMu","AirStrike:ReiMu"],"picked":"DependentForm:ReiMu","floor":10.0},{"not_picked":["UniversalSpiritual:ReiMu","Enchanting:ReiMu"],"picked":"MikOfLucky:ReiMu","floor":13.0},{"not_picked":["DependentForm:ReiMu","OctopathSalyBorderN:ReiMu"],"picked":"Free:ReiMu","floor":16.0},{"not_picked":["Meditation:ReiMu","WonderfulDomain:ReiMu+1"],"picked":"KamiSacrifice:ReiMu","floor":18.0},{"not_picked":["TightArray:ReiMu","OctopathBindingBorder2:ReiMu","AlertArray:ReiMu+1"],"picked":"SKIP","floor":19.0},{"not_picked":["Enchanting:ReiMu","Crusade:ReiMu+1","SafetyPray:ReiMu+1"],"picked":"SKIP","floor":23.0},{"not_picked":["Crusade:ReiMu","TightArray:ReiMu"],"picked":"WonderfulDomain:ReiMu+1","floor":25.0},{"not_picked":["DoubleButterfly:ReiMu","Amulet:ReiMu","CareerPray:ReiMu"],"picked":"SKIP","floor":27.0},{"not_picked":["PrepareRite:ReiMu","LovePray:ReiMu"],"picked":"SpreadBorder2:ReiMu","floor":28.0},{"not_picked":["EmergencyTakeOff:ReiMu","FantasyBorder:ReiMu","Enchanting:ReiMu"],"picked":"SKIP","floor":29.0},{"not_picked":["Enchanting:ReiMu","WonderfulDomain:ReiMu"],"picked":"Meditation:ReiMu","floor":31.0},{"not_picked":["RunawayExorcism:ReiMu","Dreaming:ReiMu"],"picked":"SubcavityFantasy:ReiMu","floor":33.0},{"not_picked":["SubcavityInstant:ReiMu","InherentArray:ReiMu"],"picked":"SealNeedle:ReiMu","floor":35.0},{"not_picked":["WonderfulDomain:ReiMu","Amulet:ReiMu+1"],"picked":"SpreadBorder2:ReiMu","floor":36.0},{"not_picked":["AlertArray:ReiMu","UniversalSpiritual:ReiMu+1","Conquer:ReiMu"],"picked":"SKIP","floor":37.0},{"not_picked":["SpiritualOutbreak2:ReiMu+1","SubAcupoint:ReiMu+1","SubcavityInstant:ReiMu+1"],"picked":"SKIP","floor":42.0},{"not_picked":["MountainWay:ReiMu+1","Conquer:ReiMu+1","SubcavityInstant:ReiMu+1"],"picked":"SKIP","floor":42.0},{"not_picked":["UpKicking:ReiMu+1","Crusade:ReiMu+1"],"picked":"Free:ReiMu","floor":44.0},{"not_picked":["WonderfulDomain:ReiMu","TightArray:ReiMu","Intuition:ReiMu+1"],"picked":"SKIP","floor":45.0},{"not_picked":["SpreadBorder2:ReiMu","Dreaming2:ReiMu"],"picked":"RainPray2:ReiMu","floor":47.0},{"not_picked":["Conquer:ReiMu+1","SubcavityInstant:ReiMu+1","Meditation:ReiMu"],"picked":"SKIP","floor":47.0},{"not_picked":["SpringWay:ReiMu","SealNeedle:ReiMu+1"],"picked":"Gathering:ReiMu+1","floor":48.0},{"not_picked":["UniversalSpiritual:ReiMu+1","Gathering:ReiMu"],"picked":"FineLineFantasy:ReiMu+1","floor":48.0},{"not_picked":["NineCharacters:ReiMu","TightArray:ReiMu+1","KamiSacrifice:ReiMu"],"picked":"SKIP","floor":54.0}],"player_experience":1089439,"relics_obtained":[{"floor":7.0,"key":"Mercury Hourglass"},{"floor":9.0,"key":"Pocketwatch"},{"floor":13.0,"key":"TurtleShell:ReiMu"},{"floor":22.0,"key":"Bag of Preparation"},{"floor":23.0,"key":"CaptainsWheel"},{"floor":25.0,"key":"Bottled Tornado"},{"floor":42.0,"key":"Omamori"},{"floor":43.0,"key":"Blood Vial"},{"floor":44.0,"key":"MealTicket"},{"floor":46.0,"key":"Prayer Wheel"},{"floor":54.0,"key":"Boot"}],"event_choices":[],"is_beta":false,"boss_relics":[{"not_picked":["Runic Dome","SacredBark"],"picked":"CrownOfHeavens:ReiMu"},{"not_picked":["Coffee Dripper","Philosopher\u0027s Stone"],"picked":"SlaversCollar"}],"items_purged_floors":[14,53],"is_endless":false,"potions_floor_spawned":[1,3,7,18,23,25,28,31,35,36,44,47],"ascension_level":3}}