{"host":"btkahjvw3wdsn6lk","time":1609395718,"event":{"mods":["ATMod(阿瑾Mod)","Act Like it!","BaseMod","Dota2Spire","Gensokyo","Highlight Path","Minty Spire (QoL Compilation)","RumiaBox-露米娅的神秘盒子","Spicy Shops","StSLib","The Alterego"],"gold_per_floor":[120,718,731,743,30,30,100,270,295,326,321,341,382,408,408,765,765,798,811,811,825,825,857,123,123,150,160,200,200,150,206,206,308,308,323,79,79,100,100,143,143,20,20,42,42,23,64,93,93,123,123,123,17,199,229],"floor_reached":56,"playtime":4795,"items_purged":["alterego_mod:Defend","alterego_mod:Strike","alterego_mod:Strike","alterego_mod:Defend","alterego_mod:Defend","alterego_mod:Impale","alterego_mod:Defend+1","alterego_mod:Rake+1"],"score":1743,"play_id":"4fd32eba-eb67-45fa-b7a3-ed5dc53dd4f0","local_time":"20201231142158","is_ascension_mode":true,"campfire_choices":[{"data":"Gensokyo:RedCapeBlueCape","floor":6.0,"key":"SMITH"},{"data":"alterego_mod:DiscoLights","floor":15.0,"key":"SMITH"},{"floor":25.0,"key":"RECALL"},{"data":"alterego_mod:Birthday","floor":29.0,"key":"SMITH"},{"data":"alterego_mod:Rake","floor":32.0,"key":"SMITH"},{"data":"alterego_mod:IdEs","floor":49,"key":"SMITH"},{"data":"alterego_mod:Birthday","floor":52,"key":"SMITH"}],"circlet_count":0,"master_deck":["alterego_mod:BigMeatyClaws+1","AT_FamilyPortrait+1","alterego_mod:Nekomimi+1","Gensokyo:RedCapeBlueCape+1","alterego_mod:TrashNCrash+1","alterego_mod:DiscoLights+1","alterego_mod:ChallengeComplete+1","alterego_mod:BustOut+1","alterego_mod:BustOut+1","alterego_mod:Cushion+1","alterego_mod:DiscoLights+1","Shiv+1","alterego_mod:DiscoLights+1","alterego_mod:Birthday+1","alterego_mod:DiscoLights+1","alterego_mod:Support+1","alterego_mod:Support+1","alterego_mod:BreastValley+1","alterego_mod:IdEs+1","alterego_mod:Birthday+1","Flash of Steel+1"],"relics":["alterego_mod:MasochisticConstitution","AT_ATBox","NeowsBlessing","Baka","AT_SilvercatRing","Bottled Tornado","AT_BellDemon","Dota2Spire:MagicBottle","Dota2Spire:ArcaneBoots","LastBattle","Chemical X","AT_BladeRuinedKing","AT_ImmortalShieldbow","CeramicFish","Boot","Dota2Spire:LotusOrb","ZombieArmy","Dota2Spire:MagicBottle","Coffee Dripper","AT_Manta","Vajra","AT_SunfireAegis","War Paint","AT_RedTearstoneRing","alterego_mod:SistersRibbon","Thread and Needle","Dota2Spire:PhaseBoots","AT_EbonyIvory","Smiling Mask","Akabeko","Dota2Spire:HandOfMidas","Dota2Spire:PowerTreads","Dota2Spire:EtherealBlade","Philosopher\u0027s Stone","SSSystem","Ccalipers","Torii","Meat on the Bone","Mercury Hourglass","Omamori","AT_ArchangelStaff","Toy Ornithopter","Dota2Spire:BattleFury","Art of War","Blood Vial","GodSword1"],"acts_visited":["Exordium","Gensokyo:Gensokyo","Gensokyo:Gensokyoer","TheEnding"],"potions_floor_usage":[55,55,55],"damage_taken":[{"damage":2.0,"enemies":"Gensokyo:Gryphon","floor":1.0,"turns":2.0},{"damage":0.0,"enemies":"Gensokyo:Python","floor":3.0,"turns":1.0},{"damage":4.0,"enemies":"Gensokyo:3_Fairies","floor":4.0,"turns":2.0},{"damage":16.0,"enemies":"Gensokyo:3_Kodama","floor":8.0,"turns":2.0},{"damage":1.0,"enemies":"Gensokyo:Aya","floor":10.0,"turns":9.0},{"damage":8.0,"enemies":"Gensokyo:Kitsune","floor":12.0,"turns":3.0},{"damage":56.0,"enemies":"Gensokyo:Cirno","floor":13.0,"turns":7.0},{"damage":18.0,"enemies":"Gensokyo:2_Rabbits","floor":14.0,"turns":3.0},{"damage":0.0,"enemies":"Gensokyo:Yukari","floor":16.0,"turns":6.0},{"damage":24.0,"enemies":"Gensokyo:AngelMirror","floor":18.0,"turns":3.0},{"damage":0.0,"enemies":"Gensokyo:CosmicMonolith","floor":19.0,"turns":2.0},{"damage":0.0,"enemies":"Gensokyo:Chomper_and_Gloop","floor":21.0,"turns":1.0},{"damage":0.0,"enemies":"Gensokyo:Koishi","floor":23.0,"turns":1.0},{"damage":1.0,"enemies":"Gensokyo:Slime_Group","floor":27.0,"turns":3.0},{"damage":0.0,"enemies":"Gensokyo:Reisen","floor":28.0,"turns":1.0},{"damage":0.0,"enemies":"Gensokyo:Wraith","floor":31.0,"turns":1.0},{"damage":0.0,"enemies":"Gensokyo:Eternal_Rivals","floor":33.0,"turns":2.0},{"damage":0.0,"enemies":"Gensokyo:3_Boulders","floor":35.0,"turns":1.0},{"damage":0.0,"enemies":"Gensokyo:AncientGuardian","floor":38.0,"turns":1.0},{"damage":12.0,"enemies":"Gensokyo:Sharpion","floor":40.0,"turns":2.0},{"damage":0.0,"enemies":"Gensokyo:AtlasGolem","floor":44.0,"turns":1.0},{"damage":0.0,"enemies":"Gensokyo:Doremy","floor":47.0,"turns":1.0},{"damage":0,"enemies":"Gensokyo:4_Bats","floor":48,"turns":1},{"damage":13,"enemies":"Gensokyo:Shinki","floor":50,"turns":3},{"damage":0,"enemies":"Shield and Spear","floor":54,"turns":2},{"damage":4,"enemies":"The Heart","floor":55,"turns":3}],"seed_played":"-6920919967341113642","potions_obtained":[{"floor":8.0,"key":"Weak Potion"},{"floor":14.0,"key":"EssenceOfSteel"},{"floor":16.0,"key":"Dota2Spire:HealingSalve"},{"floor":18.0,"key":"CultistPotion"},{"floor":21.0,"key":"Block Potion"},{"floor":48,"key":"CultistPotion"}],"is_trial":false,"path_per_floor":["M","COS","M","M","$","R","T","M","T","E","$","M","E","M","R","B",null,"M","M","?","M","?","E","$","R","T","M","E","R","$","M","R","B",null,"M","$","?","M","T","M","?","$","T","M","R","COS","E","M","R","B",null,"R","$","E","B",null],"character_chosen":"The_Alterego","items_purchased":["GodSword5","AT_SilvercatRing","alterego_mod:DiscoLights","Dota2Spire:MagicBottle","Dota2Spire:ArcaneBoots","LastBattle","Chemical X","AT_BladeRuinedKing","alterego_mod:SistersRibbon","Thread and Needle","Dota2Spire:PhaseBoots","Ccalipers","alterego_mod:Support","Flash of Steel"],"campfire_rested":0,"item_purchase_floors":[5,5,5,11,11,11,11,11,24,24,24,36,42,53],"current_hp_per_floor":[71,71,74,71,71,71,71,76,76,77,77,73,65,64,64,80,80,57,73,73,73,73,81,81,81,81,82,82,82,82,82,82,82,82,82,82,82,82,82,77,77,77,77,83,83,83,83,83,83,84,84,84,84,84,85],"gold":229,"neow_bonus":"THREE_ENEMY_KILL","is_daily":false,"chose_seed":false,"campfire_upgraded":6,"win_rate":0.0,"timestamp":1609395718,"path_taken":["M","COS","M","?","$","R","?","?","T","E","?","M","E","M","R","BOSS","M","M","?","?","?","E","$","R","T","M","E","R","$","M","R","BOSS","M","$","?","M","?","M","?","?","T","?","R","COS","E","M","R","BOSS","R","$","E","BOSS"],"items_purchased_type":["Relic","Relic","Card","Relic","Relic","Relic","Relic","Relic","Relic","Relic","Relic","Relic","Card","Card"],"build_version":"2020-12-22","purchased_purges":8,"victory":true,"max_hp_per_floor":[71,71,74,75,75,75,75,76,76,77,77,78,79,80,80,80,80,81,81,81,81,81,81,81,81,81,82,82,82,82,82,82,82,82,82,82,82,82,82,83,83,83,83,83,83,83,83,83,83,84,84,84,84,84,85],"card_choices":[{"not_picked":["alterego_mod:MagicResistance","alterego_mod:Mirror"],"picked":"alterego_mod:Nekomimi","floor":1.0},{"not_picked":["alterego_mod:MagicResistance","alterego_mod:Valkyrie"],"picked":"alterego_mod:TrashNCrash","floor":3.0},{"not_picked":["alterego_mod:Rip","alterego_mod:PerceptionDisorder","alterego_mod:DeftHands"],"picked":"SKIP","floor":4.0},{"not_picked":["alterego_mod:1TonWallop","alterego_mod:Valentines"],"picked":"alterego_mod:ChallengeComplete","floor":8.0},{"not_picked":["alterego_mod:Belts","alterego_mod:Maid"],"picked":"alterego_mod:BustOut","floor":10.0},{"not_picked":["alterego_mod:Complex","alterego_mod:DeftHands"],"picked":"alterego_mod:BustOut","floor":12.0},{"not_picked":["alterego_mod:Complex","alterego_mod:BustOut"],"picked":"alterego_mod:Cushion","floor":13.0},{"not_picked":["alterego_mod:SakuraLabyrinth","alterego_mod:Mirror"],"picked":"alterego_mod:DiscoLights","floor":14.0},{"not_picked":["alterego_mod:SideboobHour","alterego_mod:GIGAMILK"],"picked":"alterego_mod:Rake","floor":16.0},{"not_picked":["alterego_mod:Maid","alterego_mod:Undulate"],"picked":"alterego_mod:DiscoLights","floor":18.0},{"not_picked":["alterego_mod:1TonWallop+1","alterego_mod:Cooking","alterego_mod:Belle"],"picked":"SKIP","floor":19.0},{"not_picked":["alterego_mod:Mirror+1","alterego_mod:Maid","alterego_mod:Pet"],"picked":"SKIP","floor":21.0},{"not_picked":["alterego_mod:Punishment","alterego_mod:Alter","alterego_mod:Complex+1"],"picked":"SKIP","floor":23.0},{"not_picked":["alterego_mod:Skirt","alterego_mod:Mirror+1","alterego_mod:Cycle+1"],"picked":"SKIP","floor":27.0},{"not_picked":["alterego_mod:Pet+1","alterego_mod:GoddessCore"],"picked":"alterego_mod:Birthday","floor":28.0},{"not_picked":["alterego_mod:DustData","alterego_mod:Smother"],"picked":"alterego_mod:DiscoLights+1","floor":31.0},{"not_picked":["alterego_mod:PurpleHair","alterego_mod:Mirror+1","alterego_mod:Lingerie+1"],"picked":"SKIP","floor":35.0},{"not_picked":["alterego_mod:GoddessCore","alterego_mod:Skirt+1"],"picked":"alterego_mod:Support+1","floor":38.0},{"not_picked":["alterego_mod:Punishment+1","alterego_mod:MagicResistance+1","alterego_mod:GachaTicket+1"],"picked":"SKIP","floor":40.0},{"not_picked":["alterego_mod:Skirt+1","alterego_mod:Birthday+1"],"picked":"alterego_mod:BreastValley","floor":44.0},{"not_picked":["alterego_mod:RingBreak","alterego_mod:DestructionOfProperty+1"],"picked":"alterego_mod:IdEs","floor":47},{"not_picked":["alterego_mod:DestructionOfProperty+1","alterego_mod:Pet"],"picked":"alterego_mod:Birthday","floor":48},{"not_picked":["alterego_mod:BoobPocket","alterego_mod:Undulate","alterego_mod:Crossover+1"],"picked":"SKIP","floor":54}],"player_experience":395379,"relics_obtained":[{"floor":1.0,"key":"Baka"},{"floor":7.0,"key":"Bottled Tornado"},{"floor":10.0,"key":"AT_BellDemon"},{"floor":12.0,"key":"AT_ImmortalShieldbow"},{"floor":13.0,"key":"CeramicFish"},{"floor":13.0,"key":"Boot"},{"floor":14.0,"key":"Dota2Spire:LotusOrb"},{"floor":16.0,"key":"ZombieArmy"},{"floor":16.0,"key":"Dota2Spire:MagicBottle"},{"floor":18.0,"key":"AT_Manta"},{"floor":19.0,"key":"Vajra"},{"floor":21.0,"key":"AT_SunfireAegis"},{"floor":23.0,"key":"War Paint"},{"floor":23.0,"key":"AT_RedTearstoneRing"},{"floor":26.0,"key":"AT_EbonyIvory"},{"floor":27.0,"key":"Smiling Mask"},{"floor":28.0,"key":"Akabeko"},{"floor":28.0,"key":"Dota2Spire:HandOfMidas"},{"floor":31.0,"key":"Dota2Spire:PowerTreads"},{"floor":33.0,"key":"Dota2Spire:EtherealBlade"},{"floor":35.0,"key":"SSSystem"},{"floor":38.0,"key":"Torii"},{"floor":39.0,"key":"Meat on the Bone"},{"floor":40.0,"key":"Mercury Hourglass"},{"floor":43.0,"key":"Omamori"},{"floor":44.0,"key":"AT_ArchangelStaff"},{"floor":47,"key":"Toy Ornithopter"},{"floor":47,"key":"Dota2Spire:BattleFury"},{"floor":48,"key":"Art of War"},{"floor":54,"key":"Blood Vial"},{"floor":54,"key":"GodSword1"}],"event_choices":[],"is_beta":false,"boss_relics":[{"not_picked":["Cursed Key","Snecko Eye"],"picked":"Coffee Dripper"},{"not_picked":["Astrolabe","Tiny House"],"picked":"Philosopher\u0027s Stone"}],"items_purged_floors":[5,5,11,24,30,36,36,42],"is_endless":false,"potions_floor_spawned":[8,14,16,18,21,23,44,47,48],"ascension_level":2}}