{"host":"3qkmyeoym75lj4wn","time":1609386055,"event":{"mods":["2.2 Compatiblity","Act Like it!","BaseMod","Bestiary","Block Reminder","Colored Powertips","Highlight Path","Minty Spire (QoL Compilation)","Permanent Neow","Rare Cards Sparkle","Relic Stats","StSLib"],"gold_per_floor":[113,113,113,113,127,127,158,174,254,285,301,328,33,53,53,130,130,148,181,181,4,4,4,37,53,53,70,15,29,29,129,129,202,202,213,488,111,123,345,378,378,48,57,83,118,118,143,143,143,143,143],"floor_reached":50,"playtime":1963,"items_purged":["Strike_G","Regret"],"score":1278,"play_id":"bb8b6b7f-bd1b-4496-99fb-4cfa445371ad","local_time":"20201231034055","is_ascension_mode":true,"campfire_choices":[{"floor":6.0,"key":"REST"},{"data":"A Thousand Cuts","floor":15.0,"key":"SMITH"},{"data":"Wraith Form v2","floor":23.0,"key":"SMITH"},{"floor":30.0,"key":"REST"},{"data":"Caltrops","floor":32.0,"key":"SMITH"},{"floor":41.0,"key":"REST"},{"floor":49,"key":"RECALL"}],"circlet_count":0,"master_deck":["AscendersBane","Strike_G","Defend_G","Defend_G","Defend_G+1","Defend_G+1","Defend_G","Survivor+1","Neutralize+1","Slice","Slice","Dagger Spray","Well Laid Plans","Infinite Blades","Poisoned Stab","A Thousand Cuts+1","Wraith Form v2+1","Deflect","PiercingWail","PiercingWail","Poisoned Stab","Eviscerate","Caltrops+1","Backflip","Night Terror","Noxious Fumes","Writhe","Parasite"],"relics":["Ring of the Snake","NeowsBlessing","Regal Pillow","Ninja Scroll","Mummified Hand","Du-Vu Doll","Oddly Smooth Stone","ClockworkSouvenir","Black Star","Red Mask","Membership Card","Torii","War Paint","Bronze Scales","Turnip","Cursed Key","TwistedFunnel","Juzu Bracelet","Peace Pipe","Frozen Egg 2","CeramicFish","Shovel","Blood Vial","Sling","Akabeko","Pen Nib","StrikeDummy","Toy Ornithopter"],"acts_visited":["Exordium","TheCity","TheBeyond"],"potions_floor_usage":[],"damage_taken":[{"damage":0.0,"enemies":"Cultist","floor":1.0,"turns":1.0},{"damage":0.0,"enemies":"Jaw Worm","floor":5.0,"turns":1.0},{"damage":0.0,"enemies":"Lagavulin","floor":7.0,"turns":1.0},{"damage":0.0,"enemies":"Small Slimes","floor":8.0,"turns":1.0},{"damage":6.0,"enemies":"Gremlin Nob","floor":10.0,"turns":3.0},{"damage":5.0,"enemies":"3 Louse","floor":11.0,"turns":3.0},{"damage":20.0,"enemies":"Lagavulin","floor":12.0,"turns":5.0},{"damage":0.0,"enemies":"Exordium Wildlife","floor":14.0,"turns":2.0},{"damage":7.0,"enemies":"The Guardian","floor":16.0,"turns":10.0},{"damage":3.0,"enemies":"Shell Parasite","floor":18.0,"turns":6.0},{"damage":5.0,"enemies":"Masked Bandits","floor":19.0,"turns":4.0},{"damage":39.0,"enemies":"Gremlin Leader","floor":24.0,"turns":7.0},{"damage":1.0,"enemies":"Chosen","floor":25.0,"turns":5.0},{"damage":0.0,"enemies":"Shelled Parasite and Fungi","floor":27.0,"turns":3.0},{"damage":0.0,"enemies":"Snake Plant","floor":29.0,"turns":5.0},{"damage":1.0,"enemies":"Colosseum Slavers","floor":31.0,"turns":3.0},{"damage":1.0,"enemies":"Colosseum Nobs","floor":31.0,"turns":4.0},{"damage":61.0,"enemies":"Collector","floor":33.0,"turns":13.0},{"damage":1.0,"enemies":"Orb Walker","floor":35.0,"turns":4.0},{"damage":0.0,"enemies":"3 Darklings","floor":38.0,"turns":3.0},{"damage":49.0,"enemies":"Nemesis","floor":40.0,"turns":6.0},{"damage":0.0,"enemies":"Writhing Mass","floor":44.0,"turns":4.0},{"damage":72,"enemies":"Giant Head","floor":45,"turns":8},{"damage":2,"enemies":"Reptomancer","floor":47,"turns":6},{"damage":57,"enemies":"Awakened One","floor":50,"turns":4}],"seed_played":"1523125171812126878","potions_obtained":[{"floor":7.0,"key":"Strength Potion"},{"floor":8.0,"key":"DuplicationPotion"},{"floor":10.0,"key":"SpeedPotion"},{"floor":11.0,"key":"LiquidBronze"},{"floor":19.0,"key":"Poison Potion"},{"floor":24.0,"key":"SkillPotion"},{"floor":31.0,"key":"FairyPotion"},{"floor":33.0,"key":"AttackPotion"},{"floor":35.0,"key":"PowerPotion"},{"floor":40.0,"key":"SkillPotion"}],"is_trial":false,"path_per_floor":["M","?","?","?","M","R","E","M","T","E","M","E","$","M","R","B",null,"M","?","?","$","?","R","E","M","T","M","$","M","R","?","R","B",null,"M","?","$","M","?","E","R","$","T","M","E","?","E","?","R","B"],"character_chosen":"THE_SILENT","items_purchased":["ClockworkSouvenir","ColorlessPotion","Membership Card","PiercingWail","FairyPotion","TwistedFunnel","Juzu Bracelet","Peace Pipe","Shovel","Blood Vial","Sling"],"campfire_rested":3,"item_purchase_floors":[13,13,21,21,28,37,37,37,42,42,42],"current_hp_per_floor":[59,48,28,28,28,62,62,62,62,56,51,31,31,31,31,24,56,53,48,48,48,48,48,9,8,8,8,8,8,42,40,40,19,54,53,53,53,53,53,4,38,38,38,40,2,2,2,54,54,0,0],"gold":143,"neow_bonus":"THREE_ENEMY_KILL","is_daily":false,"chose_seed":false,"campfire_upgraded":3,"win_rate":0.0,"timestamp":1609386055,"path_taken":["M","?","?","?","?","R","E","M","T","E","M","E","?","M","R","BOSS","M","?","?","?","?","R","E","M","T","M","?","?","R","?","R","BOSS","M","?","?","M","?","E","R","$","T","M","E","?","E","?","R","BOSS"],"items_purchased_type":["Relic","Potion","Relic","Card","Potion","Relic","Relic","Relic","Relic","Relic","Relic"],"build_version":"2020-12-22","purchased_purges":2,"victory":false,"max_hp_per_floor":[66,66,66,66,66,66,66,66,66,66,66,66,66,66,66,66,66,66,66,66,66,66,66,66,66,66,66,66,66,66,66,66,66,66,66,66,66,66,66,66,66,66,66,66,66,66,66,54,54,54,54],"relic_stats":{"Regal Pillow":45,"Torii":13,"counters":[25,112],"CeramicFish":18,"Pen Nib":[2],"Juzu Bracelet":1,"War Paint":["Defend_G","Survivor"],"Cursed Key":1,"Peace Pipe":0,"Blood Vial":6,"Shovel":0,"Mummified Hand":[111],"Bronze Scales":[235],"Turnip":[5],"Black Star":4,"obtain_stats":[{"TwistedFunnel":37,"Regal Pillow":2,"Torii":24,"CeramicFish":40,"Juzu Bracelet":37,"Cursed Key":34,"Sling":42,"ClockworkSouvenir":13,"Blood Vial":42,"Shovel":42,"Ninja Scroll":7,"Mummified Hand":9,"Red Mask":19,"Ring of the Snake":0,"NeowsBlessing":0,"Oddly Smooth Stone":12,"Pen Nib":45,"War Paint":24,"Frozen Egg 2":40,"Akabeko":45,"Du-Vu Doll":10,"Peace Pipe":37,"Bronze Scales":26,"Turnip":31,"Black Star":17,"Membership Card":21,"StrikeDummy":47,"Toy Ornithopter":47},{"TwistedFunnel":19,"Regal Pillow":1,"Torii":12,"CeramicFish":21,"Juzu Bracelet":19,"Cursed Key":18,"Sling":21,"ClockworkSouvenir":7,"Blood Vial":21,"Shovel":21,"Ninja Scroll":3,"Mummified Hand":4,"Red Mask":11,"Ring of the Snake":0,"NeowsBlessing":0,"Oddly Smooth Stone":7,"Pen Nib":23,"War Paint":12,"Frozen Egg 2":21,"Akabeko":23,"Du-Vu Doll":5,"Peace Pipe":19,"Bronze Scales":13,"Turnip":17,"Black Star":9,"Membership Card":11,"StrikeDummy":24,"Toy Ornithopter":24},{"TwistedFunnel":81,"Regal Pillow":1,"Torii":44,"CeramicFish":90,"Juzu Bracelet":81,"Cursed Key":77,"Sling":90,"ClockworkSouvenir":15,"Blood Vial":90,"Shovel":90,"Ninja Scroll":3,"Mummified Hand":4,"Red Mask":37,"Ring of the Snake":0,"NeowsBlessing":0,"Oddly Smooth Stone":15,"Pen Nib":102,"War Paint":44,"Frozen Egg 2":90,"Akabeko":102,"Du-Vu Doll":7,"Peace Pipe":81,"Bronze Scales":49,"Turnip":64,"Black Star":27,"Membership Card":37,"StrikeDummy":108,"Toy Ornithopter":108}],"Toy Ornithopter":0,"Ring of the Snake":[50]},"card_choices":[{"not_picked":["Deadly Poison","Accuracy"],"picked":"Slice","floor":1.0},{"not_picked":["Prepared","Tools of the Trade"],"picked":"Dagger Spray","floor":5.0},{"not_picked":["Acrobatics","Deadly Poison","Dagger Throw"],"picked":"SKIP","floor":7.0},{"not_picked":["Expertise","Concentrate"],"picked":"Well Laid Plans","floor":8.0},{"not_picked":["Cloak And Dagger","Dodge and Roll"],"picked":"Infinite Blades","floor":10.0},{"not_picked":["Endless Agony","Dagger Throw"],"picked":"Poisoned Stab","floor":11.0},{"not_picked":["Slice","Catalyst"],"picked":"A Thousand Cuts","floor":12.0},{"not_picked":["Dodge and Roll","Sucker Punch","Cloak And Dagger"],"picked":"SKIP","floor":14.0},{"not_picked":["Doppelganger","Venomology"],"picked":"Wraith Form v2","floor":16.0},{"not_picked":["Finisher","Bane"],"picked":"Deflect","floor":18.0},{"not_picked":["Bane","Masterful Stab"],"picked":"PiercingWail","floor":19.0},{"not_picked":["Unload","Bullet Time"],"picked":"Caltrops","floor":24.0},{"not_picked":["Deflect","Prepared","Bane"],"picked":"SKIP","floor":25.0},{"not_picked":["Sucker Punch","Eviscerate","Finisher"],"picked":"SKIP","floor":27.0},{"not_picked":["Bane+1","Masterful Stab","Skewer"],"picked":"SKIP","floor":29.0},{"not_picked":["Dash","Bane"],"picked":"Backflip","floor":31.0},{"not_picked":["Corpse Explosion","Malaise"],"picked":"Night Terror","floor":33.0},{"not_picked":["Underhanded Strike","Bane+1","Sucker Punch"],"picked":"SKIP","floor":35.0},{"not_picked":["Terror","Deadly Poison"],"picked":"Noxious Fumes","floor":38.0},{"not_picked":["Phantasmal Killer","Skewer","Catalyst"],"picked":"SKIP","floor":40.0},{"not_picked":["Bouncing Flask","Bane","Skewer+1"],"picked":"SKIP","floor":44.0},{"not_picked":["Prepared","Bouncing Flask","Flechettes+1"],"picked":"SKIP","floor":45},{"not_picked":["Catalyst","Dodge and Roll","Prepared"],"picked":"SKIP","floor":47}],"player_experience":1620514,"relics_obtained":[{"floor":7.0,"key":"Ninja Scroll"},{"floor":9.0,"key":"Mummified Hand"},{"floor":10.0,"key":"Du-Vu Doll"},{"floor":12.0,"key":"Oddly Smooth Stone"},{"floor":19.0,"key":"Red Mask"},{"floor":24.0,"key":"Torii"},{"floor":24.0,"key":"War Paint"},{"floor":26.0,"key":"Bronze Scales"},{"floor":31.0,"key":"Turnip"},{"floor":40.0,"key":"Frozen Egg 2"},{"floor":40.0,"key":"CeramicFish"},{"floor":45,"key":"Akabeko"},{"floor":45,"key":"Pen Nib"},{"floor":47,"key":"StrikeDummy"},{"floor":47,"key":"Toy Ornithopter"}],"event_choices":[{"damage_healed":0.0,"max_hp_gain":0.0,"max_hp_loss":0.0,"gold_gain":0.0,"event_name":"Scrap Ooze","player_choice":"Success","floor":2.0,"gold_loss":0.0,"damage_taken":11.0,"relics_obtained":["Regal Pillow"]},{"damage_healed":0.0,"max_hp_gain":0.0,"max_hp_loss":0.0,"gold_gain":0.0,"event_name":"Shining Light","player_choice":"Entered Light","floor":3.0,"gold_loss":0.0,"damage_taken":20.0,"cards_upgraded":["Defend_G","Neutralize"]},{"damage_healed":0.0,"max_hp_gain":0.0,"max_hp_loss":0.0,"gold_gain":0.0,"cards_transformed":["Strike_G"],"event_name":"Transmorgrifier","player_choice":"Transformed","floor":4.0,"gold_loss":0.0,"damage_taken":0.0,"cards_obtained":["Slice"]},{"damage_healed":0.0,"max_hp_gain":0.0,"max_hp_loss":0.0,"gold_gain":0.0,"event_name":"Masked Bandits","player_choice":"Fought Bandits","floor":19.0,"gold_loss":0.0,"damage_taken":0.0},{"damage_healed":0.0,"max_hp_gain":0.0,"max_hp_loss":0.0,"gold_gain":0.0,"event_name":"Ghosts","player_choice":"Ignored","floor":20.0,"gold_loss":0.0,"damage_taken":0.0},{"damage_healed":0.0,"max_hp_gain":0.0,"max_hp_loss":0.0,"gold_gain":0.0,"cards_transformed":["Strike_G","Strike_G"],"event_name":"Drug Dealer","player_choice":"Became Test Subject","floor":22.0,"gold_loss":0.0,"damage_taken":0.0,"cards_obtained":["Poisoned Stab","Eviscerate"]},{"damage_healed":0.0,"max_hp_gain":0.0,"max_hp_loss":0.0,"gold_gain":0.0,"event_name":"Colosseum","player_choice":"Fight","floor":31.0,"gold_loss":0.0,"damage_taken":0.0},{"damage_healed":0.0,"max_hp_gain":0.0,"max_hp_loss":0.0,"gold_gain":0.0,"event_name":"Colosseum","player_choice":"Fought Nobs","floor":31.0,"gold_loss":0.0,"damage_taken":0.0},{"damage_healed":0.0,"max_hp_gain":0.0,"max_hp_loss":0.0,"gold_gain":275.0,"event_name":"Golden Shrine","player_choice":"Desecrate","floor":36.0,"gold_loss":0.0,"damage_taken":0.0,"cards_obtained":["Regret"]},{"damage_healed":0.0,"max_hp_gain":0.0,"max_hp_loss":0.0,"gold_gain":222.0,"event_name":"Tomb of Lord Red Mask","player_choice":"Wore Mask","floor":39.0,"gold_loss":0.0,"damage_taken":0.0},{"damage_healed":0,"gold_gain":0,"player_choice":"Ignored","damage_taken":0,"max_hp_gain":0,"max_hp_loss":0,"event_name":"Mysterious Sphere","floor":46,"gold_loss":0},{"damage_healed":54,"gold_gain":0,"player_choice":"Heal","damage_taken":0,"max_hp_gain":0,"max_hp_loss":12,"event_name":"The Moai Head","floor":48,"gold_loss":0}],"is_beta":false,"boss_relics":[{"not_picked":["Runic Dome","Coffee Dripper"],"picked":"Black Star"},{"not_picked":["Busted Crown","Empty Cage"],"picked":"Cursed Key"}],"items_purged_floors":[13,37],"is_endless":false,"potions_floor_spawned":[7,8,10,11,14,19,24,31,33,35,38,40],"killed_by":"Awakened One","ascension_level":20}}