{"host":"97bfbul5vt0mksxl","time":1609392828,"event":{"mods":["BaseMod","Colored Powertips","Highlight Path","Infinite Spire","Minty Spire (QoL Compilation)","Replay The Spire","Shop Mod","StSLib","SuperFastMode"],"gold_per_floor":[18,18,18,18,38,69,69,84,110,102,134,182,208,263,275,407,419,451,488,500,82,107,142,163,163,163,163,163,186,210,224,224,231,231],"floor_reached":33,"playtime":1397,"items_purged":[],"score":289,"play_id":"ad55862f-0803-47cb-b584-abc744c32428","local_time":"20201231023348","is_ascension_mode":false,"campfire_choices":[{"data":"Eruption","floor":7,"key":"SMITH"},{"floor":15,"key":"REST"},{"data":"RitualDagger","floor":25,"key":"SMITH"},{"data":"CutThroughFate","floor":28,"key":"SMITH"},{"floor":32,"key":"REST"}],"circlet_count":0,"master_deck":["Strike_P","Strike_P","Strike_P","Strike_P","Defend_P","Defend_P","Defend_P+1","Defend_P","Eruption+1","Vigilance+1","JustLucky","FlurryOfBlows","CutThroughFate+1","Replay:ManipulateFuture","SandsOfTime","EmptyFist","LikeWater","DevaForm","BowlingBash+1","Replay:Cycle","RitualDagger+1","Nirvana","SandsOfTime","Weave","EmptyFist","JustLucky"],"relics":["PureWater","Torii","Golden Idol","Vajra","MawBank","Replay:Rubber Ducky","infinitespire:FocusingShard","Painkiller Herb","Bottled Tornado","Replay:Lucky Slots","MealTicket","Replay:Bottled Flurry"],"acts_visited":["Exordium","TheCity"],"potions_floor_usage":[12,14,16,18,23,31,33,33],"damage_taken":[{"damage":1,"enemies":"2 Louse","floor":1,"turns":3},{"damage":1,"enemies":"Jaw Worm","floor":5,"turns":5},{"damage":8,"enemies":"Replay:BlueRogue","floor":6,"turns":6},{"damage":0,"enemies":"Small Slimes","floor":8,"turns":2},{"damage":0,"enemies":"Exordium Thugs","floor":11,"turns":2},{"damage":9,"enemies":"Lagavulin","floor":12,"turns":4},{"damage":0,"enemies":"2 Fungi Beasts","floor":13,"turns":3},{"damage":18,"enemies":"3 Sentries","floor":14,"turns":5},{"damage":33,"enemies":"Hexaghost","floor":16,"turns":6},{"damage":2,"enemies":"3 Byrds","floor":18,"turns":5},{"damage":8,"enemies":"2 Thieves","floor":19,"turns":3},{"damage":9,"enemies":"Centurion and Healer","floor":22,"turns":3},{"damage":1,"enemies":"Slavers","floor":23,"turns":5},{"damage":0,"enemies":"Snecko","floor":24,"turns":3},{"damage":0,"enemies":"Sentry and Sphere","floor":29,"turns":4},{"damage":0,"enemies":"3 Cultists","floor":30,"turns":4},{"damage":16,"enemies":"Centurion and Healer","floor":31,"turns":4},{"damage":59,"enemies":"Champ","floor":33,"turns":11}],"seed_played":"3466247891282160647","potions_obtained":[{"floor":1,"key":"Swift Potion"},{"floor":6,"key":"Languid Potion"},{"floor":10,"key":"Ancient Potion"},{"floor":12,"key":"LiquidMemories"},{"floor":14,"key":"Toxic Potion"},{"floor":18,"key":"DistilledChaos"},{"floor":29,"key":"FearPotion"},{"floor":30,"key":"SkillPotion"}],"is_trial":false,"path_per_floor":["M","?","?","$","M","E","R","M","T","?","M","E","M","E","R","B",null,"?","?","?","T","?","E","?","T","T","?","T","?","?","?","T","B"],"character_chosen":"WATCHER","items_purchased":["Bottled Tornado","Replay:Lucky Slots"],"campfire_rested":2,"item_purchase_floors":[21,21],"current_hp_per_floor":[71,53,53,53,52,44,44,44,44,44,44,35,35,17,38,5,72,70,62,56,56,47,46,46,46,46,46,46,46,46,30,51,0,0],"gold":231,"neow_bonus":"ONE_RARE_RELIC","is_daily":false,"chose_seed":false,"campfire_upgraded":3,"win_rate":0.0,"timestamp":1609392828,"path_taken":["M","?","?","$","M","E","R","M","T","?","M","E","?","E","R","BOSS","?","?","?","?","?","E","?","T","T","?","T","?","?","?","T","BOSS"],"items_purchased_type":["Relic","Relic"],"build_version":"2020-12-22","purchased_purges":0,"victory":false,"max_hp_per_floor":[72,72,72,72,72,72,72,72,72,72,72,72,72,72,72,72,72,72,72,72,72,72,72,72,72,72,72,72,72,72,72,72,72,72],"card_choices":[{"not_picked":["Crescendo","SashWhip"],"picked":"JustLucky","floor":1},{"not_picked":["EmptyMind","Weave"],"picked":"FlurryOfBlows","floor":5},{"not_picked":["Replay:AllIn","Wireheading"],"picked":"CutThroughFate","floor":6},{"not_picked":["Collect","Swivel","ReachHeaven"],"picked":"SKIP","floor":8},{"not_picked":["Crescendo","Sanctity"],"picked":"Replay:ManipulateFuture","floor":11},{"not_picked":["Replay:DivineShield","Protect"],"picked":"SandsOfTime","floor":12},{"not_picked":["Replay:ManipulateFuture","WaveOfTheHand"],"picked":"EmptyFist","floor":13},{"not_picked":["FlyingSleeves","Perseverance"],"picked":"LikeWater","floor":14},{"not_picked":["Judgement","Blasphemy"],"picked":"DevaForm","floor":16},{"not_picked":["JustLucky","CrushJoints"],"picked":"BowlingBash+1","floor":18},{"not_picked":["InnerPeace","Protect"],"picked":"Replay:Cycle","floor":19},{"not_picked":["Replay:BluntJabs+1","Protect+1"],"picked":"Nirvana","floor":22},{"not_picked":["Protect","DeceiveReality+1"],"picked":"SandsOfTime","floor":23},{"not_picked":["BattleHymn","Protect"],"picked":"Weave","floor":24},{"not_picked":["Worship","LikeWater"],"picked":"EmptyFist","floor":29},{"not_picked":["Halt","DeceiveReality","Crescendo+1"],"picked":"SKIP","floor":30},{"not_picked":["LikeWater","WaveOfTheHand+1"],"picked":"JustLucky","floor":31}],"player_experience":164100,"relics_obtained":[{"floor":6,"key":"Vajra"},{"floor":9,"key":"MawBank"},{"floor":12,"key":"Replay:Rubber Ducky"},{"floor":14,"key":"infinitespire:FocusingShard"},{"floor":23,"key":"MealTicket"},{"floor":26,"key":"Replay:Bottled Flurry"}],"event_choices":[{"damage_healed":0,"gold_gain":0,"player_choice":"Take Damage","damage_taken":18,"relics_obtained":["Golden Idol"],"max_hp_gain":0,"max_hp_loss":0,"event_name":"Golden Idol","floor":2,"gold_loss":0},{"damage_healed":0,"gold_gain":0,"player_choice":"Bought 1 Potion","damage_taken":0,"max_hp_gain":0,"max_hp_loss":0,"event_name":"The Woman in Blue","floor":10,"gold_loss":0},{"damage_healed":0,"gold_gain":0,"player_choice":"Joined the Cult","damage_taken":6,"max_hp_gain":0,"max_hp_loss":0,"event_name":"Nest","floor":20,"gold_loss":0,"cards_obtained":["RitualDagger"]},{"damage_healed":0,"gold_gain":0,"player_choice":"Upgraded","damage_taken":0,"max_hp_gain":0,"max_hp_loss":0,"event_name":"Upgrade Shrine","floor":27,"gold_loss":0,"cards_upgraded":["Vigilance"]}],"is_beta":false,"boss_relics":[{"not_picked":["Coffee Dripper","Kintsugi"],"picked":"Painkiller Herb"}],"items_purged_floors":[],"is_endless":false,"potions_floor_spawned":[1,6,12,14,18,29,30],"killed_by":"Champ","ascension_level":0}}