{"host":"zit9o0ax6c2l3y2b","time":1609386167,"event":{"mods":["Aspiration","BaseMod","Colored Map","Conspire","Downfall","Glutton Mod","Hermit","Hubris","Infinite Spire","Minty Spire (QoL Compilation)","Random Character Button","Relic Filter","Replay The Spire","Shade Mod","Shop Mod","StSLib","The Construct","The Cursed","The Disciple","The Runesmith","TheArtist"],"gold_per_floor":[112,62,78,95,95,95,125,195,195,212,212,228,255,26,26,131,131,146,158,158,158],"floor_reached":20,"playtime":905,"items_purged":["construct:Strike_Gold"],"score":212,"play_id":"80254279-7018-48e5-9133-c927fa8d1576","local_time":"20201230224247","is_ascension_mode":true,"campfire_choices":[{"data":"construct:ForceCore+1","floor":6.0,"key":"SMITH"},{"data":"construct:PointDefense","floor":11.0,"key":"SMITH"},{"data":"construct:PointDefense+1","floor":15.0,"key":"SMITH"}],"circlet_count":0,"master_deck":["construct:Strike_Gold","construct:Defend_Gold","construct:Defend_Gold","construct:Defend_Gold","construct:Defend_Gold","construct:Defend_Gold","construct:AttackMode","construct:PointDefense+2","construct:ForceCore+2","construct:HeavyBolt","construct:Chainstrike","construct:ReactiveShield","construct:Failsafe","construct:MassProduction","construct:LaserCore"],"relics":["construct:ClockworkPhoenix","CaptainsWheel","StrikeDummy","Gremlin Food","Regal Pillow","Replay:Drink Me"],"acts_visited":["Exordium","TheCity"],"potions_floor_usage":[19],"damage_taken":[{"damage":2.0,"enemies":"Jaw Worm","floor":1.0,"turns":6.0},{"damage":0.0,"enemies":"Small Slimes","floor":3.0,"turns":3.0},{"damage":3.0,"enemies":"2 Louse","floor":4.0,"turns":4.0},{"damage":15.0,"enemies":"Lagavulin","floor":7.0,"turns":5.0},{"damage":0.0,"enemies":"Large Slime","floor":10.0,"turns":4.0},{"damage":13.0,"enemies":"Exordium Wildlife","floor":12.0,"turns":3.0},{"damage":5.0,"enemies":"3 Sentries","floor":13.0,"turns":5.0},{"damage":7.0,"enemies":"Slime Boss","floor":16.0,"turns":5.0},{"damage":12,"enemies":"Chosen","floor":18,"turns":5},{"damage":55,"enemies":"3 Byrds","floor":19,"turns":6},{"damage":5,"enemies":"3 Cultists","floor":20,"turns":2}],"seed_played":"3512217606195950468","potions_obtained":[{"floor":1.0,"key":"DistilledChaos"},{"floor":7.0,"key":"SkillPotion"},{"floor":12.0,"key":"DuplicationPotion"},{"floor":13.0,"key":"Swift Potion"}],"is_trial":false,"path_per_floor":["M","?","M","M","?","R","E","?","T","M","R","M","E","$","R","B",null,"M","M","M"],"character_chosen":"THE_CONSTRUCT_MOD","items_purchased":["Regal Pillow"],"campfire_rested":0,"item_purchase_floors":[14],"current_hp_per_floor":[91,91,91,88,88,88,73,73,73,73,73,60,55,55,55,48,70,58,3,0,0],"gold":158,"neow_bonus":"TEN_PERCENT_HP_BONUS","is_daily":false,"chose_seed":false,"campfire_upgraded":3,"win_rate":0.0,"timestamp":1609386167,"path_taken":["M","?","M","M","?","R","E","?","T","?","R","M","E","$","R","BOSS","M","M","M"],"items_purchased_type":["Relic"],"build_version":"2020-12-22","purchased_purges":1,"victory":false,"max_hp_per_floor":[93,93,93,93,93,93,93,93,93,93,93,93,93,93,93,93,70,70,70,70,70],"card_choices":[{"not_picked":["construct:FlameCore","construct:SyphonStrike"],"picked":"construct:PointDefense","floor":1.0},{"not_picked":["construct:HeavyBolt","construct:Accumulate"],"picked":"construct:ForceCore","floor":3.0},{"not_picked":["construct:Reinforce","construct:DarkFlames"],"picked":"construct:HeavyBolt","floor":4.0},{"not_picked":["construct:Bunker","construct:Backup","construct:ClusterMines"],"picked":"SKIP","floor":7.0},{"not_picked":["construct:ModeShift","construct:BatteryAcid"],"picked":"construct:Chainstrike","floor":10.0},{"not_picked":["construct:FocusedBeam","construct:FlammableFog"],"picked":"construct:ReactiveShield","floor":12.0},{"not_picked":["construct:CriticalHit","construct:FierceBash"],"picked":"construct:Failsafe","floor":13.0},{"not_picked":["construct:LongRangeLance","construct:Meltdown"],"picked":"construct:MassProduction","floor":16.0},{"not_picked":["construct:Missile+1","construct:SaveState","construct:ShiftStrike"],"picked":"SKIP","floor":18},{"not_picked":["construct:SuppressiveFire","construct:SaveState"],"picked":"construct:LaserCore","floor":19}],"player_experience":407071,"relics_obtained":[{"floor":7.0,"key":"CaptainsWheel"},{"floor":9.0,"key":"StrikeDummy"},{"floor":13.0,"key":"Gremlin Food"}],"event_choices":[{"cards_removed":["construct:DefenseMode"],"damage_healed":0.0,"max_hp_gain":0.0,"max_hp_loss":0.0,"gold_gain":0.0,"event_name":"The Cleric","player_choice":"Card Removal","floor":2.0,"gold_loss":50.0,"damage_taken":0.0},{"damage_healed":0.0,"max_hp_gain":0.0,"max_hp_loss":0.0,"gold_gain":0.0,"event_name":"Living Wall","player_choice":"Grow","floor":5.0,"gold_loss":0.0,"damage_taken":0.0,"cards_upgraded":["construct:ForceCore"]},{"damage_healed":0.0,"max_hp_gain":0.0,"max_hp_loss":0.0,"gold_gain":70.0,"event_name":"Golden Wing","player_choice":"Gained Gold","floor":8.0,"gold_loss":0.0,"damage_taken":0.0}],"is_beta":false,"boss_relics":[{"not_picked":["aspiration:WatcherSkillbook","aspiration:RunicSpoon"],"picked":"Replay:Drink Me"}],"items_purged_floors":[14],"is_endless":false,"potions_floor_spawned":[1,7,12,13],"killed_by":"3 Cultists","ascension_level":3}}