{"host":"be3r5d8qs4ku9xfy","time":1609374314,"event":{"mods":["AchievementEnabler","Act Like it!","BaseMod","BetterRewards","Colored Map","Colored Powertips","Downfall","Halation","Hallownest","Hermit","Highlight Path","Hubris","Infinite Spire","KomeijiMod","Minty Spire (QoL Compilation)","Quick Restart","Replay The Spire","Shop Mod","StSLib","SuperFastMode","Td1madao Mod","The Animator","The Bug Knight","The Construct","The Cursed","The Disciple"],"gold_per_floor":[117,2,30,30,30,30,49,49,49],"floor_reached":8,"playtime":663,"items_purged":[],"score":54,"play_id":"f8a39409-6318-4a7c-8657-f4b90b5f7f2c","local_time":"20201230192514","is_ascension_mode":false,"campfire_choices":[{"floor":6,"key":"RECALL"}],"circlet_count":0,"master_deck":["Strike_G","Strike_G","Strike_G","Strike_G","Strike_G","Defend_G","Defend_G","Defend_G","Defend_G","Defend_G","Survivor","Neutralize","Flechettes","Sucker Punch","Delirium","Finisher"],"relics":["Ring of the Snake","Odd Mushroom","HollowMod:PaleOreRelic","Ring of Fangs","Ring of Peace"],"acts_visited":["Hallownest:Greenpath"],"potions_floor_usage":[3],"damage_taken":[{"damage":11,"enemies":"Hallownest:2_Baldur","floor":1,"turns":4},{"damage":33,"enemies":"Hallownest:eliteCrystalGuardian","floor":3,"turns":7},{"damage":3,"enemies":"Hallownest:monsterHuskWarrior","floor":7,"turns":5},{"damage":45,"enemies":"Hallownest:eliteCrystalGuardian","floor":8,"turns":6}],"seed_played":"-2874147522161183542","potions_obtained":[{"floor":1,"key":"DistilledChaos"}],"is_trial":false,"path_per_floor":["M","?","?","?","$","R","M","E"],"character_chosen":"THE_SILENT","items_purchased":[],"campfire_rested":0,"item_purchase_floors":[],"current_hp_per_floor":[66,66,33,33,33,33,30,0,0],"gold":49,"neow_bonus":"TEN_PERCENT_HP_BONUS","is_daily":false,"chose_seed":false,"campfire_upgraded":0,"win_rate":0.0,"timestamp":1609374314,"path_taken":["M","?","?","?","?","R","?","E"],"items_purchased_type":[],"build_version":"2020-12-22","purchased_purges":0,"victory":false,"max_hp_per_floor":[77,77,77,77,77,77,77,77,77],"card_choices":[{"not_picked":["Well Laid Plans","Outmaneuver"],"picked":"Flechettes","floor":1},{"not_picked":["Expertise","hubris:TrickCloak"],"picked":"Sucker Punch","floor":3},{"not_picked":["Quick Slash","Blur"],"picked":"Finisher","floor":7}],"player_experience":4422,"relics_obtained":[{"floor":3,"key":"HollowMod:PaleOreRelic"},{"floor":4,"key":"Ring of Fangs"},{"floor":4,"key":"Ring of Peace"}],"event_choices":[],"is_beta":false,"boss_relics":[],"items_purged_floors":[],"is_endless":false,"potions_floor_spawned":[1],"killed_by":"Hallownest:eliteCrystalGuardian","ascension_level":0}}