{"host":"na09lpbrez4gbfiz","time":1609450685,"event":{"mods":["Act Like it!","BaseMod","BetterRewards","Colored Map","Colored Powertips","DeckTracker","Googly Eyes","Highlight Path","Minty Spire (QoL Compilation)","Quick Restart","Spicy Shops","StSLib","SuperFastMode","Synergy Search"],"gold_per_floor":[365,440,150,325,339,339,370,386,409,422,422,447,447,459,459,563,563,583,583,583,602,276,276,276],"floor_reached":23,"playtime":581,"items_purged":["Strike_R","Doubt"],"score":299,"play_id":"8acb4ccd-76d3-4233-9403-bb987aa364f7","local_time":"20201231223805","is_ascension_mode":true,"campfire_choices":[{"data":"Bash","floor":6,"key":"SMITH"},{"data":"Heavy Blade","floor":11,"key":"SMITH"},{"floor":15,"key":"REST"}],"circlet_count":0,"master_deck":["AscendersBane","Strike_R+1","Strike_R","Strike_R","Strike_R+1","Defend_R","Defend_R","Defend_R","Defend_R","Bash+1","Rage","Metallicize","Cleave","Carnage","Heavy Blade+1","Sword Boomerang","Demon Form","Writhe","Armaments+1"],"relics":["Burning Blood","Brimstone","Dream Catcher","Ancient Tea Set","Whetstone","Singing Bowl","Sozu","Pear","Bag of Preparation","Strange Spoon","Oddly Smooth Stone"],"acts_visited":["Exordium","TheCity"],"potions_floor_usage":[7,14,16,23],"damage_taken":[{"damage":7,"enemies":"Small Slimes","floor":1,"turns":3},{"damage":9,"enemies":"Jaw Worm","floor":5,"turns":4},{"damage":25,"enemies":"Lagavulin","floor":7,"turns":6},{"damage":0,"enemies":"Cultist","floor":8,"turns":3},{"damage":15,"enemies":"Looter","floor":10,"turns":3},{"damage":12,"enemies":"3 Sentries","floor":12,"turns":5},{"damage":2,"enemies":"3 Louse","floor":14,"turns":4},{"damage":40,"enemies":"The Guardian","floor":16,"turns":8},{"damage":22,"enemies":"2 Thieves","floor":18,"turns":4},{"damage":3,"enemies":"Chosen","floor":21,"turns":4},{"damage":59,"enemies":"Slavers","floor":23,"turns":4}],"seed_played":"4367145330144943465","potions_obtained":[{"floor":5,"key":"Weak Potion"},{"floor":7,"key":"Weak Potion"},{"floor":12,"key":"SkillPotion"},{"floor":14,"key":"Explosive Potion"},{"floor":16,"key":"Energy Potion"}],"is_trial":false,"path_per_floor":["M","?","$","?","M","R","E","M","T","M","R","E","?","M","R","B",null,"M","?","T","M","$","E"],"character_chosen":"IRONCLAD","items_purchased":["Brimstone","Metallicize","Strange Spoon","Oddly Smooth Stone"],"campfire_rested":1,"item_purchase_floors":[3,3,22,22],"current_hp_per_floor":[71,60,60,60,57,57,38,44,44,35,35,29,26,30,53,19,60,46,56,56,59,59,0,0],"gold":276,"neow_bonus":"TWO_FIFTY_GOLD","is_daily":false,"chose_seed":false,"campfire_upgraded":2,"win_rate":0.0,"timestamp":1609450685,"path_taken":["M","?","$","?","M","R","E","M","T","M","R","E","?","M","R","BOSS","M","?","?","M","$","E"],"items_purchased_type":["Relic","Card","Relic","Relic"],"build_version":"2020-12-22","purchased_purges":2,"victory":false,"max_hp_per_floor":[72,72,72,72,72,72,72,72,72,72,72,72,72,72,74,74,74,76,86,86,86,86,86,86],"card_choices":[{"not_picked":["Clothesline","Rupture"],"picked":"Rage","floor":1},{"not_picked":["Sever Soul","Reckless Charge"],"picked":"Cleave","floor":5},{"not_picked":["Flame Barrier","Thunderclap"],"picked":"Carnage","floor":7},{"not_picked":["Anger","Spot Weakness","Searing Blow"],"picked":"SKIP","floor":8},{"not_picked":["Shrug It Off","Carnage"],"picked":"Heavy Blade","floor":10},{"not_picked":["Havoc","Thunderclap","Searing Blow"],"picked":"SKIP","floor":12},{"not_picked":["Bloodletting","Dark Embrace"],"picked":"Sword Boomerang","floor":14},{"not_picked":["Sword Boomerang","Metallicize","Immolate"],"picked":"Singing Bowl","floor":15},{"not_picked":["Brutality","Corruption"],"picked":"Demon Form","floor":16},{"not_picked":["Searing Blow","Perfected Strike","Clothesline+1"],"picked":"Singing Bowl","floor":18},{"not_picked":["Clothesline","Wild Strike"],"picked":"Armaments+1","floor":21}],"player_experience":247415,"relics_obtained":[{"floor":7,"key":"Dream Catcher"},{"floor":9,"key":"Ancient Tea Set"},{"floor":12,"key":"Whetstone"},{"floor":20,"key":"Bag of Preparation"}],"event_choices":[{"damage_healed":0,"gold_gain":75,"player_choice":"Gather Gold","damage_taken":11,"max_hp_gain":0,"max_hp_loss":0,"event_name":"World of Goop","floor":2,"gold_loss":0},{"damage_healed":0,"gold_gain":175,"player_choice":"AGREE","damage_taken":0,"max_hp_gain":0,"max_hp_loss":0,"event_name":"Liars Game","floor":4,"gold_loss":0,"cards_obtained":["Doubt"]},{"damage_healed":0,"gold_gain":0,"player_choice":"Success","damage_taken":3,"relics_obtained":["Singing Bowl"],"max_hp_gain":0,"max_hp_loss":0,"event_name":"Scrap Ooze","floor":13,"gold_loss":0},{"damage_healed":0,"gold_gain":0,"player_choice":"Opened","damage_taken":0,"relics_obtained":["Pear"],"max_hp_gain":0,"max_hp_loss":0,"event_name":"The Mausoleum","floor":19,"gold_loss":0,"cards_obtained":["Writhe"]}],"is_beta":false,"boss_relics":[{"not_picked":["Coffee Dripper","Mark of Pain"],"picked":"Sozu"}],"items_purged_floors":[3,22],"is_endless":false,"potions_floor_spawned":[5,7,12,14,16,21],"killed_by":"Slavers","ascension_level":10}}