{"host":"idmgg8r816nmas40","time":1609401069,"event":{"mods":["AchievementEnabler","AlwaysNeverKeys","BaseMod","BetterRewards","Block Reminder","Colored Map","Colored Powertips","DeckTracker","Googly Eyes","Highlight Path","Hubris","Infinite Spire","Minty Spire (QoL Compilation)","Quick Restart","Relic Stats","Replay The Spire","Shop Mod","StSLib","SuperFastMode","Synergy Search","Transform Curses"],"gold_per_floor":[119,119,94,104,104,104,134,134,134,168,8,8,19,29,29,100,100,110,120,120,131,131,161,161,177,229,229,239,267,285,310,310,384,384,394,394,394,409,425,425,457,457,482,482,494,527,540,540,540,540,540,540,85,113,113],"floor_reached":56,"playtime":2673,"items_purged":[],"score":2417,"play_id":"da682d19-fc61-434b-a7de-d06db996ca0c","local_time":"20201231005109","is_ascension_mode":true,"campfire_choices":[{"data":"ReplayTheSpireMod:Brewmster","floor":6.0,"key":"SMITH"},{"floor":8.0,"key":"REST"},{"floor":15.0,"key":"REST"},{"floor":27.0,"key":"REST"},{"floor":32.0,"key":"REST"},{"floor":40.0,"key":"REST"},{"data":"Storm","floor":42.0,"key":"SMITH"},{"data":"Static Discharge","floor":44.0,"key":"SMITH"},{"data":"Heatsinks","floor":49.0,"key":"SMITH"},{"data":"Seek","floor":52.0,"key":"SMITH"}],"circlet_count":0,"master_deck":["AscendersBane","Strike_B","Strike_B","Strike_B+1","Strike_B","Defend_B","Defend_B","Defend_B+1","Defend_B","Zap","Dualcast","ReplayTheSpireMod:Brewmster+1","ReplayTheSpireMod:Brewmster+1","BootSequence","Conserve Battery","Electrodynamics+1","Ball Lightning","Cold Snap","Seek+1","Tempest+1","Creative AI+1","Storm+1","Chill","Static Discharge+1","Hello World+1","Thunder Strike+1","Barrage","Lockon+1","Defragment+1","Heatsinks+1","Capacitor+1","Mayhem+1","Static Discharge+1"],"relics":["Cracked Core","Chameleon Ring","DollysMirror","hubris:GlazedTorus","Oddly Smooth Stone","Iron Hammer","Simple Rune","infinitespire:Freezer","Bag of Preparation","Black Star","Replay:Rubber Ducky","Golden Egg","Geode","Mummified Hand","Blood Vial","Ginger","Replay:Wax Seal","Philosopher\u0027s Stone","WarpedTongs","Anchor","Pantograph","Regal Pillow","Centennial Puzzle","Spirit Poop","HandDrill","Bottled Lightning","StrikeDummy"],"acts_visited":["Exordium","TheCity","TheBeyond","TheEnding"],"potions_floor_usage":[55,55,55,55],"damage_taken":[{"damage":23.0,"enemies":"2 Louse","floor":1.0,"turns":3.0},{"damage":1.0,"enemies":"Cultist","floor":4.0,"turns":3.0},{"damage":8.0,"enemies":"3 Sentries","floor":7.0,"turns":5.0},{"damage":8.0,"enemies":"Lagavulin","floor":10.0,"turns":7.0},{"damage":0.0,"enemies":"Jaw Worm","floor":13.0,"turns":1.0},{"damage":0.0,"enemies":"3 Louse","floor":14.0,"turns":2.0},{"damage":28.0,"enemies":"The Guardian","floor":16.0,"turns":9.0},{"damage":14.0,"enemies":"Chosen","floor":18.0,"turns":4.0},{"damage":5.0,"enemies":"Shell Parasite","floor":19.0,"turns":3.0},{"damage":0.0,"enemies":"Centurion and Healer","floor":21.0,"turns":4.0},{"damage":51.0,"enemies":"Book of Stabbing","floor":23.0,"turns":7.0},{"damage":1.0,"enemies":"Snake Plant","floor":25.0,"turns":6.0},{"damage":4.0,"enemies":"Sentry and Sphere","floor":28.0,"turns":4.0},{"damage":6.0,"enemies":"Slavers","floor":29.0,"turns":3.0},{"damage":0.0,"enemies":"Chosen and Byrds","floor":30.0,"turns":3.0},{"damage":2.0,"enemies":"Book of Stabbing","floor":31.0,"turns":5.0},{"damage":28.0,"enemies":"hubris:MusketHawk","floor":33.0,"turns":8.0},{"damage":0.0,"enemies":"Orb Walker","floor":35.0,"turns":3.0},{"damage":0.0,"enemies":"3 Darklings","floor":38.0,"turns":2.0},{"damage":10.0,"enemies":"Maw","floor":39.0,"turns":5.0},{"damage":4.0,"enemies":"R_Hoarder","floor":41.0,"turns":5.0},{"damage":0.0,"enemies":"4 Shapes","floor":45.0,"turns":2.0},{"damage":5.0,"enemies":"Giant Head","floor":46.0,"turns":6.0},{"damage":0.0,"enemies":"Sphere and 2 Shapes","floor":47.0,"turns":1.0},{"damage":0.0,"enemies":"hubris:GrandSnecko","floor":50.0,"turns":4.0},{"damage":53.0,"enemies":"Shield and Spear","floor":54.0,"turns":5.0},{"damage":64,"enemies":"The Heart","floor":55,"turns":5}],"seed_played":"-426856498694797814","potions_obtained":[{"floor":1.0,"key":"Adrenaline Potion"},{"floor":10.0,"key":"Explosive Potion"},{"floor":16.0,"key":"FairyPotion"},{"floor":45.0,"key":"FocusPotion"},{"floor":47.0,"key":"Adrenaline Potion"},{"floor":54,"key":"Adrenaline Potion"}],"is_trial":false,"path_per_floor":["M","?","$","M","?","R","E","R","T","E","$","?","M","M","R","B",null,"M","M","?","M","?","E","$","M","T","R","M","E","M","E","R","B",null,"M","?","?","M","M","R","E","R","T","R","M","E","M","?","R","B",null,"R","$","E","B",null],"character_chosen":"DEFECT","items_purchased":["ReplayTheSpireMod:Brewmster","Chameleon Ring","DollysMirror","Streamline","infinitespire:Freezer","HandDrill","Capacitor","Mayhem"],"campfire_rested":5,"item_purchase_floors":[0,0,0,3,11,53,53,53],"current_hp_per_floor":[41,41,41,40,40,40,32,53,53,45,45,45,45,45,66,38,63,49,44,58,58,58,7,7,6,6,27,23,17,19,19,40,14,57,59,59,59,61,53,71,67,67,67,67,69,66,68,68,68,71,71,71,71,18,29],"gold":113,"neow_bonus":"","is_daily":false,"chose_seed":false,"campfire_upgraded":5,"win_rate":0.0,"timestamp":1609401069,"path_taken":["M","?","?","?","?","R","E","R","T","E","$","?","?","M","R","BOSS","M","M","?","?","?","E","?","?","T","R","M","E","M","E","R","BOSS","M","?","?","M","M","R","E","R","T","R","M","E","?","?","R","BOSS","R","$","E","BOSS"],"items_purchased_type":["Card","Relic","Relic","Card","Relic","Relic","Card","Card"],"build_version":"2020-12-22","purchased_purges":0,"victory":true,"max_hp_per_floor":[71,71,71,71,71,71,71,71,71,71,71,71,71,71,71,71,71,71,71,71,71,71,71,71,71,71,71,71,71,71,71,71,71,71,71,71,71,71,71,71,71,71,71,71,71,71,71,71,71,71,71,71,71,71,71],"relic_stats":{"Blood Vial":20,"Regal Pillow":0,"Centennial Puzzle":[6],"counters":[33,139],"Mummified Hand":[129],"Pantograph":28,"Bag of Preparation":[46],"Black Star":6,"HandDrill":[4],"Ginger":[13],"obtain_stats":[{"ReplayTheSpireMod:Ring of Exchange":2,"Golden Egg":23,"Regal Pillow":43,"Gremlin Horn":0,"Spirit Poop":48,"Bag of Preparation":12,"Ginger":31,"ClockworkSouvenir":0,"Replay:Rubber Ducky":23,"Blood Vial":29,"Centennial Puzzle":46,"Chameleon Ring":0,"DollysMirror":0,"Mummified Hand":29,"Pantograph":41,"hubris:DeckOfHolding":3,"Philosopher\u0027s Stone":34,"Iron Hammer":9,"HandDrill":53,"Replay:Bottled Snecko":7,"Replay:Wax Seal":31,"Cracked Core":0,"hubris:GlazedTorus":0,"Oddly Smooth Stone":7,"Geode":26,"WarpedTongs":37,"Anchor":41,"hubris:PeanutButter":9,"Simple Rune":10,"Black Star":17,"Bottled Lightning":54,"StrikeDummy":54,"infinitespire:Freezer":11},{"ReplayTheSpireMod:Ring of Exchange":1,"Golden Egg":17,"Regal Pillow":27,"Gremlin Horn":0,"Spirit Poop":30,"Bag of Preparation":10,"Ginger":22,"ClockworkSouvenir":0,"Replay:Rubber Ducky":17,"Blood Vial":20,"Centennial Puzzle":29,"Chameleon Ring":6,"DollysMirror":6,"Mummified Hand":20,"Pantograph":27,"hubris:DeckOfHolding":1,"Philosopher\u0027s Stone":23,"Iron Hammer":9,"HandDrill":31,"Replay:Bottled Snecko":3,"Replay:Wax Seal":22,"Cracked Core":0,"hubris:GlazedTorus":6,"Oddly Smooth Stone":9,"Geode":18,"WarpedTongs":24,"Anchor":27,"hubris:PeanutButter":3,"Simple Rune":10,"Black Star":13,"Bottled Lightning":32,"StrikeDummy":32,"infinitespire:Freezer":10},{"ReplayTheSpireMod:Ring of Exchange":3,"Golden Egg":72,"Regal Pillow":116,"Gremlin Horn":0,"Spirit Poop":125,"Bag of Preparation":42,"Ginger":93,"ClockworkSouvenir":0,"Replay:Rubber Ducky":72,"Blood Vial":85,"Centennial Puzzle":124,"Chameleon Ring":24,"DollysMirror":24,"Mummified Hand":85,"Pantograph":116,"hubris:DeckOfHolding":3,"Philosopher\u0027s Stone":101,"Iron Hammer":35,"HandDrill":129,"Replay:Bottled Snecko":11,"Replay:Wax Seal":93,"Cracked Core":0,"hubris:GlazedTorus":24,"Oddly Smooth Stone":35,"Geode":78,"WarpedTongs":104,"Anchor":116,"hubris:PeanutButter":11,"Simple Rune":42,"Black Star":54,"Bottled Lightning":134,"StrikeDummy":134,"infinitespire:Freezer":42}],"WarpedTongs":[34]},"card_choices":[{"not_picked":["Hologram","Steam Power"],"picked":"BootSequence","floor":1.0},{"not_picked":["Scrape","Gash"],"picked":"Conserve Battery","floor":4.0},{"not_picked":["Hologram","BasicCrystalCard","Redo"],"picked":"SKIP","floor":7.0},{"not_picked":["Turbo","Redo"],"picked":"Ball Lightning","floor":10.0},{"not_picked":["ReplayGash","Gash"],"picked":"Cold Snap","floor":13.0},{"not_picked":["Skim","hubris:SpecializedCircuitry","Turbo"],"picked":"SKIP","floor":14.0},{"not_picked":["hubris:Prefetch","Electrodynamics"],"picked":"Seek","floor":16.0},{"not_picked":["Hologram","Streamline","ReplayGash"],"picked":"SKIP","floor":18.0},{"not_picked":["Steam","Leap"],"picked":"Tempest+1","floor":19.0},{"not_picked":["ReplayTheSpireMod:Repulse+1","Turbo+1","Beam Cell"],"picked":"SKIP","floor":21.0},{"not_picked":["Static Discharge","Turbo"],"picked":"Creative AI","floor":23.0},{"not_picked":["Reinforced Body","Turbo"],"picked":"Storm","floor":25.0},{"not_picked":["Reinforced Body","Stack","ReplaySort"],"picked":"SKIP","floor":28.0},{"not_picked":["Coolheaded","Blizzard+1"],"picked":"Chill","floor":29.0},{"not_picked":["Rebound","Turbo"],"picked":"Static Discharge","floor":30.0},{"not_picked":["Time Bomb","Compile Driver"],"picked":"Hello World+1","floor":31.0},{"not_picked":["Mirror Shield","Core Surge"],"picked":"Thunder Strike","floor":33.0},{"not_picked":["Cold Snap+1","BasicCrystalCard"],"picked":"Barrage","floor":35.0},{"not_picked":["Panic Button","Consume+1"],"picked":"Lockon+1","floor":38.0},{"not_picked":["Stack","Chill","Turbo"],"picked":"SKIP","floor":39.0},{"not_picked":["Skim","Heatsinks"],"picked":"Defragment+1","floor":41.0},{"not_picked":["Stack","Barrage","ReplayTheSpireMod:Calculation Training"],"picked":"SKIP","floor":45.0},{"not_picked":["BootSequence","Leap","Gash"],"picked":"SKIP","floor":46.0},{"not_picked":["Hello World","Scrape"],"picked":"Heatsinks","floor":47.0},{"not_picked":["Reinforced Body","Stack"],"picked":"Static Discharge+1","floor":54}],"player_experience":1015187,"relics_obtained":[{"floor":7.0,"key":"Oddly Smooth Stone"},{"floor":9.0,"key":"Iron Hammer"},{"floor":10.0,"key":"Simple Rune"},{"floor":23.0,"key":"Replay:Rubber Ducky"},{"floor":23.0,"key":"Golden Egg"},{"floor":26.0,"key":"Geode"},{"floor":29.0,"key":"Mummified Hand"},{"floor":29.0,"key":"Blood Vial"},{"floor":31.0,"key":"Ginger"},{"floor":31.0,"key":"Replay:Wax Seal"},{"floor":41.0,"key":"Anchor"},{"floor":41.0,"key":"Pantograph"},{"floor":43.0,"key":"Regal Pillow"},{"floor":46.0,"key":"Centennial Puzzle"},{"floor":54,"key":"Bottled Lightning"},{"floor":54,"key":"StrikeDummy"}],"event_choices":[{"damage_healed":0.0,"max_hp_gain":0.0,"max_hp_loss":0.0,"gold_gain":0.0,"event_name":"Upgrade Shrine","player_choice":"Upgraded","floor":2.0,"gold_loss":0.0,"damage_taken":0.0,"cards_upgraded":["ReplayTheSpireMod:Brewmster"]},{"damage_healed":0.0,"max_hp_gain":0.0,"max_hp_loss":0.0,"gold_gain":0.0,"event_name":"WeMeetAgain","player_choice":"Gave Potion","floor":12.0,"gold_loss":0.0,"damage_taken":0.0,"relics_obtained":["Bag of Preparation"]},{"damage_healed":14.0,"max_hp_gain":0.0,"max_hp_loss":0.0,"gold_gain":0.0,"event_name":"The Library","player_choice":"Heal","floor":20.0,"gold_loss":0.0,"damage_taken":0.0},{"damage_healed":0.0,"max_hp_gain":0.0,"max_hp_loss":0.0,"gold_gain":0.0,"event_name":"Accursed Blacksmith","player_choice":"Rummage","floor":37.0,"gold_loss":0.0,"damage_taken":0.0,"relics_obtained":["WarpedTongs"],"cards_obtained":["Pain"]},{"cards_removed":["Pain"],"damage_healed":0.0,"max_hp_gain":0.0,"max_hp_loss":0.0,"gold_gain":0.0,"event_name":"Bonfire Elementals","player_choice":"Offered Curse","floor":48.0,"gold_loss":0.0,"damage_taken":0.0,"relics_obtained":["Spirit Poop"]}],"is_beta":false,"boss_relics":[{"not_picked":["Runic Dome","Astrolabe"],"picked":"Black Star"},{"not_picked":["Runic Pyramid","hubris:BlackHole"],"picked":"Philosopher\u0027s Stone"}],"items_purged_floors":[],"is_endless":false,"potions_floor_spawned":[1,7,10,16,18,19,29,31,45,46,47,54],"ascension_level":18}}