{"host":"hrvs05np4ys7itky","time":1609390043,"event":{"mods":["BaseMod","Colored Map","Colored Powertips","Downfall","Emptier Cage","Highlight Path","Minty Spire (QoL Compilation)","Permanent Neow","Rare Cards Sparkle","Relic Stats","StSLib","everything is the same but u backflip on backflip"],"gold_per_floor":[369,382,393,408,420,454,454,454,525,525,536,21,40,53,53,130,130,149,149,166,185,37,367,380,404,404,404,404],"floor_reached":27,"playtime":2065,"items_purged":["Strike_R","Pain"],"score":419,"play_id":"1e427f2d-baf6-47ef-9640-df46ea5f6eb5","local_time":"20201230234723","is_ascension_mode":true,"campfire_choices":[{"data":"Rampage","floor":7.0,"key":"SMITH"},{"data":"Bash","floor":10.0,"key":"SMITH"},{"data":"Mayhem","floor":15.0,"key":"SMITH"}],"circlet_count":0,"master_deck":["AscendersBane","Strike_R","Strike_R","Strike_R","Strike_R","Defend_R","Defend_R","Defend_R","Defend_R","Bash+1","Rampage+1","Combust","Shrug It Off","Body Slam+1","Burning Pact","Warcry+1","Disarm+1","Mayhem+1","Shrug It Off+1","Berserk","True Grit+1","True Grit+1","Disarm+1"],"relics":["Burning Blood","Boot","Toxic Egg 2","Meat on the Bone","Runic Cube","WarpedTongs","Old Coin","Bag of Marbles","PreservedInsect"],"acts_visited":["TheCity"],"potions_floor_usage":[20,23,23],"damage_taken":[{"damage":7.0,"enemies":"2 Louse","floor":1.0,"turns":3.0},{"damage":1.0,"enemies":"Cultist","floor":2.0,"turns":4.0},{"damage":9.0,"enemies":"Jaw Worm","floor":3.0,"turns":4.0},{"damage":14.0,"enemies":"Gremlin Gang","floor":4.0,"turns":6.0},{"damage":12.0,"enemies":"Looter","floor":5.0,"turns":4.0},{"damage":33.0,"enemies":"Gremlin Nob","floor":6.0,"turns":4.0},{"damage":0.0,"enemies":"Large Slime","floor":11.0,"turns":5.0},{"damage":29.0,"enemies":"Exordium Thugs","floor":13.0,"turns":4.0},{"damage":2.0,"enemies":"3 Louse","floor":14.0,"turns":3.0},{"damage":7.0,"enemies":"Hexaghost","floor":16.0,"turns":7.0},{"damage":12.0,"enemies":"Shell Parasite","floor":18.0,"turns":6.0},{"damage":19,"enemies":"2 Thieves","floor":20,"turns":4},{"damage":13,"enemies":"Snake Plant","floor":21,"turns":6},{"damage":37,"enemies":"Gremlin Leader","floor":23,"turns":7},{"damage":19,"enemies":"Centurion and Healer","floor":24,"turns":8},{"damage":47,"enemies":"3 Cultists","floor":27,"turns":5}],"seed_played":"-7995447688836567625","potions_obtained":[{"floor":1.0,"key":"SteroidPotion"},{"floor":4.0,"key":"Regen Potion"},{"floor":5.0,"key":"Block Potion"},{"floor":11.0,"key":"DistilledChaos"},{"floor":14.0,"key":"Guardian:BlockOnCardUsePotion"},{"floor":20,"key":"Energy Potion"}],"is_trial":false,"path_per_floor":["M","M","M","M","M","E","R","?","T","R","M","$","M","M","R","B",null,"M","?","M","M","$","E","M","T","T","M"],"character_chosen":"IRONCLAD","items_purchased":["Meat on the Bone","Disarm+1","Mayhem","True Grit+1"],"campfire_rested":0,"item_purchase_floors":[12,12,12,22],"current_hp_per_floor":[71,72,69,61,55,40,40,40,40,40,46,46,35,51,51,50,67,61,61,48,53,53,34,33,33,33,0,0],"gold":404,"neow_bonus":"TWO_FIFTY_GOLD","is_daily":false,"chose_seed":false,"campfire_upgraded":3,"win_rate":0.0,"timestamp":1609390043,"path_taken":["M","M","M","M","M","E","R","?","T","R","?","$","?","M","R","BOSS","M","?","M","M","$","E","?","?","T","?"],"items_purchased_type":["Relic","Card","Card","Card"],"build_version":"2020-12-22","purchased_purges":2,"victory":false,"max_hp_per_floor":[72,72,72,72,72,72,72,72,72,72,72,72,72,72,72,72,72,72,72,72,72,72,72,72,72,72,72,72],"relic_stats":{"counters":[16,80],"PreservedInsect":0,"Boot":[11],"obtain_stats":[{"PreservedInsect":26,"Bag of Marbles":25,"Toxic Egg 2":9,"Boot":6,"Burning Blood":0,"Meat on the Bone":12,"Runic Cube":17,"WarpedTongs":19,"Old Coin":23},{"PreservedInsect":15,"Bag of Marbles":15,"Toxic Egg 2":6,"Boot":6,"Burning Blood":0,"Meat on the Bone":7,"Runic Cube":10,"WarpedTongs":11,"Old Coin":14},{"PreservedInsect":75,"Bag of Marbles":75,"Toxic Egg 2":25,"Boot":25,"Burning Blood":0,"Meat on the Bone":30,"Runic Cube":44,"WarpedTongs":50,"Old Coin":67}],"Burning Blood":86,"Meat on the Bone":60,"Runic Cube":[42],"WarpedTongs":[27]},"card_choices":[{"not_picked":["Blood for Blood","Anger"],"picked":"Rampage","floor":1.0},{"not_picked":["Twin Strike","Heavy Blade","Warcry"],"picked":"SKIP","floor":2.0},{"not_picked":["Clothesline","Dropkick"],"picked":"Combust","floor":3.0},{"not_picked":["Cleave","Feel No Pain"],"picked":"Shrug It Off","floor":4.0},{"not_picked":["Clothesline","Pummel"],"picked":"Body Slam","floor":5.0},{"not_picked":["Corruption","Iron Wave"],"picked":"Burning Pact","floor":6.0},{"not_picked":["Pummel","Flex+1"],"picked":"Warcry+1","floor":11.0},{"not_picked":["Twin Strike","Uppercut"],"picked":"Shrug It Off+1","floor":13.0},{"not_picked":["Wild Strike","Anger","Heavy Blade"],"picked":"SKIP","floor":14.0},{"not_picked":["Brutality","Double Tap+1"],"picked":"Berserk","floor":16.0},{"not_picked":["Thunderclap","Heavy Blade"],"picked":"True Grit+1","floor":18.0},{"not_picked":["Havoc+1","Clothesline","Sword Boomerang"],"picked":"SKIP","floor":20},{"not_picked":["Twin Strike","Limit Break+1","Perfected Strike+1"],"picked":"SKIP","floor":21},{"not_picked":["Flex+1","Infernal Blade+1","Wild Strike"],"picked":"SKIP","floor":23},{"not_picked":["Twin Strike","Fire Breathing"],"picked":"Disarm+1","floor":24}],"player_experience":1004813,"relics_obtained":[{"floor":6.0,"key":"Boot"},{"floor":9.0,"key":"Toxic Egg 2"},{"floor":23,"key":"Old Coin"},{"floor":25,"key":"Bag of Marbles"},{"floor":26,"key":"PreservedInsect"}],"event_choices":[{"damage_healed":0.0,"max_hp_gain":0.0,"max_hp_loss":0.0,"gold_gain":0.0,"event_name":"Upgrade Shrine","player_choice":"Upgraded","floor":8.0,"gold_loss":0.0,"damage_taken":0.0,"cards_upgraded":["Body Slam"]},{"damage_healed":0.0,"max_hp_gain":0.0,"max_hp_loss":0.0,"gold_gain":0.0,"event_name":"Accursed Blacksmith","player_choice":"Rummage","floor":19.0,"gold_loss":0.0,"damage_taken":0.0,"relics_obtained":["WarpedTongs"],"cards_obtained":["Pain"]}],"is_beta":false,"boss_relics":[{"not_picked":["Sozu","Calling Bell"],"picked":"Runic Cube"}],"items_purged_floors":[12,22],"is_endless":false,"potions_floor_spawned":[1,4,5,11,14,20,21],"killed_by":"3 Cultists","ascension_level":13}}