{"host":"h3yie3u3olngyjol","time":1609390052,"event":{"mods":["BaseMod","Colored Powertips","Downfall","Highlight Path","Infinite Spire","Lobotomy","LobotomyExtend","Marked Mod","Minty Spire (QoL Compilation)","Prisma Mod","Replay The Spire","RumiaBox-露米娅的神秘盒子","Shop Mod","StSLib","The Hierophant","The Runesmith","vexMod"],"gold_per_floor":[113,113,288,288,303,303,334,334,334,334,334,348,363,33,33,138,138,157,157,157,256,268,284,284,284,284,296,296,311,311,311,311,311,311],"floor_reached":33,"playtime":1516,"items_purged":["Doubt"],"score":304,"play_id":"4b442260-19a5-4a1e-8ddb-b3ee3ee571dc","local_time":"20201231124732","is_ascension_mode":true,"campfire_choices":[{"data":"Blade Dance","floor":6,"key":"SMITH"},{"data":"Finisher","floor":8,"key":"SMITH"},{"floor":15,"key":"REST"},{"floor":24,"key":"REST"},{"floor":28,"key":"REST"},{"floor":30,"key":"REST"},{"data":"Bane","floor":32,"key":"SMITH"}],"circlet_count":0,"master_deck":["Strike_G","Strike_G","Strike_G","Strike_G","Strike_G","Defend_G","Defend_G","Defend_G","Defend_G","Defend_G","Survivor","Neutralize+1","BlueStar","Bane+1","LongBird","Blade Dance+1","Finisher+1","Draining Mist","Cloak And Dagger","Hidden Blade","LaLuna","Poison Darts+1","Mercenary","Terror","Prepared","FieryBird","Footwork+1","BigBadWolf","Dagger Spray","VoidDream"],"relics":["Ring of the Snake","CogitoBucket","LetterFromLob","Prayer Wheel","vexMod:BarristanHead","Replay:PocketPolymizer","Golden Egg","Runic Pyramid","ChangeAnything","Ring of Peace","Regal Pillow","ReplayTheSpireMod:Shallot"],"acts_visited":["Exordium","TheCity"],"potions_floor_usage":[16,16,23,33],"damage_taken":[{"damage":0.0,"enemies":"Cultist","floor":1.0,"turns":5.0},{"damage":0,"enemies":"Small Slimes","floor":5,"turns":2},{"damage":41,"enemies":"3 Sentries","floor":7,"turns":5},{"damage":13,"enemies":"2 Louse","floor":12,"turns":2},{"damage":13,"enemies":"Gremlin Gang","floor":13,"turns":3},{"damage":19,"enemies":"Fading Forest","floor":16,"turns":11},{"damage":41,"enemies":"2 Thieves","floor":18,"turns":4},{"damage":2,"enemies":"Chosen","floor":22,"turns":3},{"damage":2,"enemies":"Snake Plant","floor":23,"turns":2},{"damage":23,"enemies":"Centurion and Healer","floor":27,"turns":3},{"damage":44,"enemies":"Cultist and Chosen","floor":29,"turns":6},{"damage":80,"enemies":"Automaton","floor":33,"turns":6}],"seed_played":"-5085343297305103849","potions_obtained":[{"floor":7,"key":"Dexterity Potion"},{"floor":13,"key":"FearPotion"},{"floor":22,"key":"ColorlessPotion"},{"floor":29,"key":"Block Potion"}],"is_trial":false,"path_per_floor":["M","?","?","?","M","R","E","R","T","?","T","M","M","$","R","B",null,"M","?","?","?","M","M","R","?","T","M","R","M","R","T","R","B"],"character_chosen":"THE_SILENT","items_purchased":["Golden Egg"],"campfire_rested":4,"item_purchase_floors":[14],"current_hp_per_floor":[70,70,70,70,70,70,29,29,29,34,34,21,8,8,30,37,66,25,25,25,25,23,21,43,43,43,20,57,22,58,58,58,0,0],"gold":311,"neow_bonus":"","is_daily":false,"chose_seed":false,"campfire_upgraded":3,"win_rate":0.0,"timestamp":1609390052,"path_taken":["M","?","?","?","?","R","E","R","T","?","?","M","?","$","R","BOSS","M","?","?","?","M","M","R","?","T","M","R","M","R","?","R","BOSS"],"items_purchased_type":["Relic"],"build_version":"2020-12-22","purchased_purges":1,"victory":false,"max_hp_per_floor":[70,70,70,70,70,70,70,70,70,75,75,75,75,75,75,75,75,75,75,75,75,75,75,75,75,75,75,75,72,72,72,72,72,72],"card_choices":[{"not_picked":["Scarecrow","BeautyBeast"],"picked":"BlueStar","floor":1.0},{"not_picked":["Well Laid Plans","Sucker Punch"],"picked":"Bane","floor":1.0},{"not_picked":["BlackSwan","CherryBlossoms","WallGazer"],"picked":"Singing Bowl","floor":5},{"not_picked":["BeautyBeast","CherryBlossoms"],"picked":"LongBird","floor":5},{"not_picked":["Poisoned Stab","Cloak And Dagger"],"picked":"Blade Dance","floor":5},{"not_picked":["Wellcheers","PunishingBird","Yin"],"picked":"Singing Bowl","floor":7},{"not_picked":["Underhanded Strike","Poisoned Stab"],"picked":"Finisher","floor":7},{"not_picked":["BeautyBeast","CrumblingArmor","CherryBlossoms"],"picked":"Singing Bowl","floor":12},{"not_picked":["Sneak Up","Dagger Spray"],"picked":"Draining Mist","floor":12},{"not_picked":["Prepared","Slice"],"picked":"Cloak And Dagger","floor":12},{"not_picked":["RedShoes","Yin","WallGazer"],"picked":"Singing Bowl","floor":13},{"not_picked":["Tactician","Deflect"],"picked":"Hidden Blade","floor":13},{"not_picked":["Skewer","Sucker Punch","Predator"],"picked":"SKIP","floor":13},{"not_picked":["LittlePrince","NakedNest","SpiderBud"],"picked":"Singing Bowl","floor":16},{"not_picked":["Wellcheers","MHz"],"picked":"LaLuna","floor":16},{"not_picked":["ReplayTheSpireMod:Necrosis","Unload"],"picked":"Poison Darts","floor":16},{"not_picked":["Murderer","Wellcheers"],"picked":"Mercenary","floor":18},{"not_picked":["Endless Agony","Outmaneuver"],"picked":"Terror","floor":18},{"not_picked":["Blur","Slice+1","Quick Slash"],"picked":"SKIP","floor":18},{"not_picked":["WallGazer","LittleHelper","BodiesMountain"],"picked":"Singing Bowl","floor":22},{"not_picked":["ReplayTheSpireMod:Scrap Shanks+1","Flying Knee+1"],"picked":"Prepared","floor":22},{"not_picked":["Poisoned Stab","Dagger Throw","Skewer+1"],"picked":"SKIP","floor":22},{"not_picked":["LittlePrince","PunishingBird","OldLady"],"picked":"Singing Bowl","floor":23},{"not_picked":["SnowQueen","GreedKing"],"picked":"FieryBird","floor":23},{"not_picked":["Dagger Throw+1","Deflect"],"picked":"Footwork+1","floor":23},{"not_picked":["ReplayTheSpireMod:Exploit Weakness+1","Skewer","Quick Slash"],"picked":"SKIP","floor":23},{"not_picked":["NakedNest","BlackSwan","HappyTeddy"],"picked":"Singing Bowl","floor":27},{"not_picked":["MeatLantern","HappyTeddy"],"picked":"BigBadWolf","floor":27},{"not_picked":["Eviscerate","Deflect"],"picked":"Dagger Spray","floor":27},{"not_picked":["Quick Slash","Sucker Punch","Deflect"],"picked":"SKIP","floor":27},{"not_picked":["UniverseFragment","PunishingBird"],"picked":"VoidDream","floor":29},{"not_picked":["PiercingWail","Leg Sweep+1","Outmaneuver+1"],"picked":"SKIP","floor":29},{"not_picked":["Endless Agony","Sucker Punch","Dodge and Roll+1"],"picked":"SKIP","floor":29}],"player_experience":446101,"relics_obtained":[{"floor":1.0,"key":"LetterFromLob"},{"floor":7,"key":"Prayer Wheel"},{"floor":9,"key":"vexMod:BarristanHead"},{"floor":11,"key":"Replay:PocketPolymizer"},{"floor":19,"key":"Ring of Peace"},{"floor":26,"key":"Regal Pillow"},{"floor":31,"key":"ReplayTheSpireMod:Shallot"}],"event_choices":[{"damage_healed":0,"gold_gain":175,"player_choice":"AGREE","damage_taken":0,"max_hp_gain":0,"max_hp_loss":0,"event_name":"Liars Game","floor":3,"gold_loss":0,"cards_obtained":["Doubt"]},{"damage_healed":0,"gold_gain":0,"player_choice":"Upgraded","damage_taken":0,"max_hp_gain":0,"max_hp_loss":0,"event_name":"Upgrade Shrine","floor":4,"gold_loss":0,"cards_upgraded":["Neutralize"]},{"damage_healed":0,"gold_gain":0,"player_choice":"Donut","damage_taken":0,"max_hp_gain":5,"max_hp_loss":0,"event_name":"Big Fish","floor":10,"gold_loss":0},{"damage_healed":0,"gold_gain":0,"player_choice":"Ignored","damage_taken":0,"max_hp_gain":0,"max_hp_loss":0,"event_name":"Ghosts","floor":20,"gold_loss":0},{"damage_healed":0,"gold_gain":99,"player_choice":"Stole From Cult","damage_taken":0,"max_hp_gain":0,"max_hp_loss":0,"event_name":"Nest","floor":21,"gold_loss":0}],"is_beta":false,"boss_relics":[{"not_picked":["SacredBark","Runic Dome"],"picked":"Runic Pyramid"}],"items_purged_floors":[14],"is_endless":false,"potions_floor_spawned":[7,13,22,29],"killed_by":"Automaton","ascension_level":5}}