{"host":"oeddu058k4r8wzo0","time":1609402016,"event":{"mods":["BaseMod","Better Third Choice","BetterRewards","Colored Map","Colored Powertips","Evolution","Highlight Path","Minty Spire (QoL Compilation)","Quick Restart","Reworked Bosses","Shop Mod","StSLib","Wandering Minibosses"],"gold_per_floor":[112,129,129,204,224,258,258,291,338,350,350,350],"floor_reached":11,"playtime":566,"items_purged":[],"score":166,"play_id":"f91ca982-08e7-454b-8a95-fbdc54597532","local_time":"20201231000656","is_ascension_mode":true,"campfire_choices":[{"data":"Rampage","floor":7,"key":"SMITH"}],"circlet_count":0,"master_deck":["AscendersBane","Strike_R","Strike_R","Strike_R","Strike_R+1","Strike_R","Defend_R","Defend_R","Defend_R+1","Defend_R","Bash","Headbutt","Rampage+1","Rupture","Searing Blow","Headbutt"],"relics":["Burning Blood","EVO:Axolotl","Chemical X","Blood Vial","Torii","Mummified Hand","HandDrill","Sundial","Lee\u0027s Waffle","Tiny Chest","MerchantsRug","White Beast Statue","Strawberry","Bronze Scales"],"acts_visited":["Exordium"],"potions_floor_usage":[6,11],"damage_taken":[{"damage":7,"enemies":"2 Louse","floor":1,"turns":3},{"damage":14,"enemies":"Small Slimes","floor":2,"turns":3},{"damage":0,"enemies":"Cultist","floor":5,"turns":3},{"damage":22,"enemies":"3 Sentries","floor":6,"turns":8},{"damage":32,"enemies":"Gremlin Nob","floor":8,"turns":4},{"damage":12,"enemies":"Large Slime","floor":10,"turns":6},{"damage":23,"enemies":"Lagavulin","floor":11,"turns":7}],"seed_played":"-3760243445358212935","potions_obtained":[{"floor":5,"key":"Explosive Potion"},{"floor":8,"key":"EssenceOfSteel"},{"floor":10,"key":"LiquidBronze"}],"is_trial":false,"path_per_floor":["M","M","?","?","M","E","R","E","T","M","E"],"character_chosen":"IRONCLAD","items_purchased":["Chemical X","Blood Vial","Headbutt","Mummified Hand","HandDrill","Sundial","Rampage","Lee\u0027s Waffle","Tiny Chest","MerchantsRug"],"campfire_rested":0,"item_purchase_floors":[0,0,0,0,0,0,0,0,0,0],"current_hp_per_floor":[81,74,49,38,46,32,32,15,15,11,0,0],"gold":350,"neow_bonus":"","is_daily":false,"chose_seed":false,"campfire_upgraded":1,"win_rate":0.0,"timestamp":1609402016,"path_taken":["M","M","?","?","M","E","R","E","T","M","E"],"items_purchased_type":["Relic","Relic","Card","Relic","Relic","Relic","Card","Relic","Relic","Relic"],"build_version":"2020-12-22","purchased_purges":0,"victory":false,"max_hp_per_floor":[82,82,82,82,82,82,82,89,89,89,89,89],"card_choices":[{"not_picked":["Clash","Twin Strike","Shrug It Off"],"picked":"SKIP","floor":1},{"not_picked":["Flex","Armaments","Second Wind"],"picked":"SKIP","floor":2},{"not_picked":["Ghostly Armor","Anger"],"picked":"Rupture","floor":5},{"not_picked":["Uppercut","Searing Blow","Sentinel"],"picked":"SKIP","floor":6},{"not_picked":["Uppercut","Sentinel"],"picked":"Searing Blow","floor":6},{"not_picked":["Second Wind","Wild Strike","Heavy Blade"],"picked":"SKIP","floor":8},{"not_picked":["Havoc","Dark Embrace"],"picked":"Headbutt","floor":10}],"player_experience":1339588,"relics_obtained":[{"floor":6,"key":"White Beast Statue"},{"floor":8,"key":"Strawberry"},{"floor":9,"key":"Bronze Scales"}],"event_choices":[{"damage_healed":74,"gold_gain":0,"player_choice":"Upgrade","damage_taken":25,"max_hp_gain":0,"max_hp_loss":82,"event_name":"betterThird:BetterShining","floor":3,"gold_loss":0,"cards_upgraded":["Defend_R","Strike_R"]},{"damage_healed":0,"gold_gain":75,"player_choice":"Gold","damage_taken":11,"max_hp_gain":0,"max_hp_loss":0,"event_name":"betterThird:BetterGoop","floor":4,"gold_loss":0}],"is_beta":false,"boss_relics":[],"items_purged_floors":[],"is_endless":false,"potions_floor_spawned":[5,8,10],"killed_by":"Lagavulin","ascension_level":20}}