{"host":"0bfi5m9qgchoxkt9","time":1609415231,"event":{"mods":["Act Like it!","Arknights The Spire","BaseMod","Minty Spire (QoL Compilation)","Quick Restart","StSLib"],"gold_per_floor":[116,132,132,132,132,132,145,145,145],"floor_reached":8,"playtime":160,"items_purged":[],"score":48,"play_id":"3d8e1112-6db9-4b32-b85c-487519b63961","local_time":"20201231194711","is_ascension_mode":true,"campfire_choices":[{"data":"ats:Beaten Up","floor":6,"key":"SMITH"}],"circlet_count":0,"master_deck":["ats:Strike G","ats:Strike S","ats:Strike V","ats:Armor Crushing Shot","ats:Defend","ats:Defend","ats:Defend","ats:Defend","ats:Emotion Absorption","ats:Healing Strengthening","ats:Beaten Up+1","ats:Beaten Up"],"relics":["Philosopher\u0027s Stone","Golden Idol"],"acts_visited":["Exordium"],"potions_floor_usage":[8],"damage_taken":[{"damage":6,"enemies":"Small Slimes","floor":1,"turns":3},{"damage":12,"enemies":"2 Louse","floor":2,"turns":2},{"damage":0,"enemies":"Jaw Worm","floor":7,"turns":4},{"damage":73,"enemies":"Gremlin Nob","floor":8,"turns":5}],"seed_played":"-4772955015833249676","potions_obtained":[{"floor":7,"key":"SpeedPotion"}],"is_trial":false,"path_per_floor":["M","M","?","?","?","R","M","E"],"character_chosen":"DOCTOR_CLASS","items_purchased":[],"campfire_rested":0,"item_purchase_floors":[],"current_hp_per_floor":[66,54,47,47,47,47,47,0,0],"gold":145,"neow_bonus":"BOSS_RELIC","is_daily":false,"chose_seed":false,"campfire_upgraded":1,"win_rate":0.0,"timestamp":1609415231,"path_taken":["M","M","?","?","?","R","M","E"],"items_purchased_type":[],"build_version":"2020-12-22","purchased_purges":0,"victory":false,"max_hp_per_floor":[72,72,72,67,67,67,67,67,67],"card_choices":[{"not_picked":["ats:Flexible Camouflage","ats:Spore Proliferation"],"picked":"ats:Healing Strengthening","floor":1},{"not_picked":["ats:Shell Defense","ats:Explosion Area Strengthen"],"picked":"ats:Beaten Up","floor":2},{"not_picked":["ats:Childhood Dance","ats:Leaping Hammer"],"picked":"ats:Beaten Up","floor":7}],"player_experience":917719,"relics_obtained":[],"event_choices":[{"cards_removed":["ats:Strike C"],"damage_healed":0,"gold_gain":0,"player_choice":"Card Removal","damage_taken":7,"max_hp_gain":0,"max_hp_loss":0,"event_name":"Golden Wing","floor":3,"gold_loss":0},{"damage_healed":0,"gold_gain":0,"player_choice":"Lose Max HP","damage_taken":0,"relics_obtained":["Golden Idol"],"max_hp_gain":0,"max_hp_loss":5,"event_name":"Golden Idol","floor":4,"gold_loss":0},{"damage_healed":0,"gold_gain":0,"player_choice":"Ignored","damage_taken":0,"max_hp_gain":0,"max_hp_loss":0,"event_name":"Liars Game","floor":5,"gold_loss":0}],"is_beta":false,"boss_relics":[],"items_purged_floors":[],"is_endless":false,"potions_floor_spawned":[7],"killed_by":"Gremlin Nob","ascension_level":1}}