{"host":"7pe9xwx78c6nlay8","time":1609406972,"event":{"mods":["BaseMod","Minty Spire (QoL Compilation)"],"gold_per_floor":[119,119,119,119,135,163,173,199,199,215,232,232,232,242,242,314,314,352,30,44,143,153,153,181,181,256,256,288,302,302,302],"floor_reached":30,"playtime":1447,"items_purged":["Strike_P"],"score":544,"play_id":"1bbdaf21-074b-4193-a266-7d18645d55a9","local_time":"20201231172932","is_ascension_mode":true,"campfire_choices":[{"floor":12.0,"key":"REST"},{"data":"ForeignInfluence","floor":15.0,"key":"SMITH"},{"data":"Nirvana","floor":23.0,"key":"SMITH"},{"floor":25.0,"key":"REST"}],"circlet_count":0,"master_deck":["AscendersBane","Strike_P","Strike_P","Strike_P","Defend_P","Defend_P","Defend_P","Eruption","Vigilance","Weave","ForeignInfluence+1","CutThroughFate","Evaluate","Weave","ThirdEye","Wish","CutThroughFate+1","Nirvana+1","Mayhem","Wallop","Writhe","JustLucky"],"relics":["PureWater","NeowsBlessing","Thread and Needle","GoldenEye","Regal Pillow","Torii","Smiling Mask","Runic Pyramid","Mango","Pantograph","Strawberry","The Courier"],"acts_visited":["Exordium","TheCity"],"potions_floor_usage":[30],"damage_taken":[{"damage":0.0,"enemies":"Small Slimes","floor":1.0,"turns":1.0},{"damage":0.0,"enemies":"2 Louse","floor":5.0,"turns":1.0},{"damage":0.0,"enemies":"Lagavulin","floor":6.0,"turns":1.0},{"damage":3.0,"enemies":"Jaw Worm","floor":7.0,"turns":2.0},{"damage":19.0,"enemies":"3 Sentries","floor":8.0,"turns":6.0},{"damage":6.0,"enemies":"Exordium Thugs","floor":10.0,"turns":4.0},{"damage":1.0,"enemies":"Large Slime","floor":11.0,"turns":4.0},{"damage":2.0,"enemies":"Gremlin Gang","floor":14.0,"turns":5.0},{"damage":18.0,"enemies":"Hexaghost","floor":16.0,"turns":10.0},{"damage":0.0,"enemies":"Chosen","floor":18.0,"turns":3.0},{"damage":0.0,"enemies":"Shell Parasite","floor":20.0,"turns":6.0},{"damage":19.0,"enemies":"Snecko","floor":22.0,"turns":7.0},{"damage":37.0,"enemies":"Book of Stabbing","floor":24.0,"turns":8.0},{"damage":39.0,"enemies":"Slavers","floor":28.0,"turns":6.0},{"damage":23.0,"enemies":"Sentry and Sphere","floor":29.0,"turns":7.0},{"damage":16,"enemies":"Book of Stabbing","floor":30,"turns":5}],"seed_played":"2625047259608258366","potions_obtained":[{"floor":6.0,"key":"SkillPotion"},{"floor":8.0,"key":"PowerPotion"},{"floor":11.0,"key":"SpeedPotion"},{"floor":14.0,"key":"EssenceOfSteel"},{"floor":16.0,"key":"Dexterity Potion"},{"floor":18.0,"key":"Energy Potion"},{"floor":22.0,"key":"Explosive Potion"},{"floor":28.0,"key":"Regen Potion"},{"floor":29.0,"key":"Energy Potion"}],"is_trial":false,"path_per_floor":["M","?","?","?","M","E","M","E","T","M","M","R","?","M","R","B",null,"M","$","M","?","M","R","E","R","T","?","E","M","E"],"character_chosen":"WATCHER","items_purchased":["Nirvana","Mayhem"],"campfire_rested":2,"item_purchase_floors":[19,19],"current_hp_per_floor":[61,54,47,47,47,47,44,25,25,19,18,53,53,51,51,33,59,59,59,59,59,40,40,17,56,56,63,24,16,0,0],"gold":302,"neow_bonus":"THREE_ENEMY_KILL","is_daily":false,"chose_seed":false,"campfire_upgraded":2,"win_rate":0.0,"timestamp":1609406972,"path_taken":["M","?","?","?","M","E","?","E","T","M","M","R","?","?","R","BOSS","M","$","M","?","M","R","E","R","T","?","E","M","E"],"items_purchased_type":["Card","Card"],"build_version":"2020-12-22","purchased_purges":1,"victory":false,"max_hp_per_floor":[68,68,68,68,68,68,68,68,68,68,68,68,68,68,68,68,68,68,68,68,68,68,68,82,82,82,89,89,89,89,89],"card_choices":[{"not_picked":["CrushJoints","ClearTheMind","SashWhip"],"picked":"SKIP","floor":1.0},{"not_picked":["Swivel","Evaluate"],"picked":"Weave","floor":5.0},{"not_picked":["Crescendo","Vengeance"],"picked":"ForeignInfluence","floor":6.0},{"not_picked":["Protect","CrushJoints"],"picked":"CutThroughFate","floor":7.0},{"not_picked":["Omniscience","MentalFortress","Protect"],"picked":"SKIP","floor":8.0},{"not_picked":["FearNoEvil","Swivel"],"picked":"Evaluate","floor":10.0},{"not_picked":["JustLucky","PathToVictory"],"picked":"Weave","floor":11.0},{"not_picked":["Evaluate","CutThroughFate"],"picked":"ThirdEye","floor":14.0},{"not_picked":["Devotion","Establishment"],"picked":"Wish","floor":16.0},{"not_picked":["Halt","LikeWater+1"],"picked":"CutThroughFate+1","floor":18.0},{"not_picked":["SashWhip","MentalFortress","FlurryOfBlows"],"picked":"SKIP","floor":20.0},{"not_picked":["Protect","FlurryOfBlows","Crescendo"],"picked":"SKIP","floor":22.0},{"not_picked":["Evaluate","EmptyFist"],"picked":"Wallop","floor":24.0},{"not_picked":["EmptyBody","Weave"],"picked":"JustLucky","floor":28.0},{"not_picked":["Evaluate","InnerPeace","BowlingBash"],"picked":"SKIP","floor":29.0}],"player_experience":1579043,"relics_obtained":[{"floor":6.0,"key":"GoldenEye"},{"floor":8.0,"key":"Regal Pillow"},{"floor":9.0,"key":"Torii"},{"floor":24.0,"key":"Mango"},{"floor":26.0,"key":"Pantograph"},{"floor":28.0,"key":"The Courier"}],"event_choices":[{"cards_removed":["Defend_P"],"damage_healed":0.0,"max_hp_gain":0.0,"max_hp_loss":0.0,"gold_gain":0.0,"event_name":"Golden Wing","player_choice":"Card Removal","floor":2.0,"gold_loss":0.0,"damage_taken":7.0},{"damage_healed":0.0,"max_hp_gain":0.0,"max_hp_loss":0.0,"gold_gain":0.0,"event_name":"Scrap Ooze","player_choice":"Success","floor":3.0,"gold_loss":0.0,"damage_taken":7.0,"relics_obtained":["Thread and Needle"]},{"damage_healed":0.0,"max_hp_gain":0.0,"max_hp_loss":0.0,"gold_gain":0.0,"event_name":"The Woman in Blue","player_choice":"Bought 0 Potions","floor":4.0,"gold_loss":0.0,"damage_taken":0.0},{"damage_healed":0.0,"max_hp_gain":0.0,"max_hp_loss":0.0,"gold_gain":0.0,"event_name":"WeMeetAgain","player_choice":"Gave Potion","floor":13.0,"gold_loss":0.0,"damage_taken":0.0,"relics_obtained":["Smiling Mask"]},{"damage_healed":0.0,"max_hp_gain":0.0,"max_hp_loss":0.0,"gold_gain":99.0,"event_name":"Nest","player_choice":"Stole From Cult","floor":21.0,"gold_loss":0.0,"damage_taken":0.0},{"damage_healed":0.0,"max_hp_gain":0.0,"max_hp_loss":0.0,"gold_gain":0.0,"event_name":"The Mausoleum","player_choice":"Opened","floor":27.0,"gold_loss":0.0,"damage_taken":0.0,"relics_obtained":["Strawberry"],"cards_obtained":["Writhe"]}],"is_beta":false,"boss_relics":[{"not_picked":["Fusion Hammer","Coffee Dripper"],"picked":"Runic Pyramid"}],"items_purged_floors":[19],"is_endless":false,"potions_floor_spawned":[6,8,11,14,16,18,22,28,29],"killed_by":"Book of Stabbing","ascension_level":14}}