{"host":"ormi09wwzv7sq47a","time":1609452979,"event":{"mods":["2.2 Compatiblity","AchievementEnabler","Act Like it!","BaseMod","Bestiary","Better Altar","Better Note","Better Sensory Stone","Better Skull","Better Third Choice","Better Vampires","BetterRewards","Block Reminder","Card Forge","Colored Map","Colored Powertips","Curses Come First","DeckTracker","Downfall","Highlight Path","Minty Spire (QoL Compilation)","Permanent Neow","Quick Restart","Rare Cards Sparkle","Relic Stats","Shop Mod","StSLib","The Jungle","The Servant 0.9.4"],"gold_per_floor":[115,125,125,200,200,150,50,50,50,0,0,26,41,58,8,82,82,102,117,131,6,17,43,43,69,69,19,49,59,9,24,24,98,98,118,133,133,133,152,102,131,81,107,107,57,75,75,95,45,45],"floor_reached":51,"playtime":2295,"items_purged":["Slimebound:Tackle","Doubt","Slimebound:Strike_Slimebound"],"score":2167,"play_id":"0cd7687b-76dd-4be2-ae61-91a5b98a2068","local_time":"20201231191619","is_ascension_mode":true,"campfire_choices":[{"data":"Sadistic Nature","floor":6.0,"key":"SMITH"},{"data":"Slimebound:Split","floor":10.0,"key":"SMITH"},{"data":"Slimebound:LeechEnergy","floor":15.0,"key":"SMITH"},{"data":"Slimebound:MegaLick","floor":27.0,"key":"SMITH"},{"data":"Slimebound:SpikyOuterGoop","floor":30.0,"key":"SMITH"},{"data":"Slimebound:TongueLash","floor":32.0,"key":"SMITH"},{"data":"Slimebound:MassFeed","floor":40.0,"key":"SMITH"},{"data":"Slimebound:ProtectTheBoss","floor":42.0,"key":"SMITH"},{"data":"Slimebound:CorrosiveSpit","floor":45.0,"key":"SMITH"},{"data":"expansioncontent:ManipulateTime","floor":49,"key":"SMITH"}],"circlet_count":0,"master_deck":["AscendersBane","Slimebound:Defend_Slimebound","Slimebound:Split+1","Slimebound:CorrosiveSpit+1","Sadistic Nature+1","Slimebound:MegaLick+1","Slimebound:LeechingTouch","Slimebound:LeechEnergy+1","Slimebound:SplitMire","Slimebound:SlimeSpikes","Slimebound:ProtectTheBoss+1","Slimebound:SlimeSlap+1","Slimebound:GoopSpray","Slimebound:GrowthPunch+1","Slimebound:OozeBath","Slimebound:FirmFortitude+1","Slimebound:SamplingLick","Slimebound:Recollect","Slimebound:LeechLife","Slimebound:SpikyOuterGoop+1","Slimebound:TongueLash+1","Slimebound:MassFeed+1","Slimebound:ItLooksTasty+1","Slimebound:Recollect+1","Slimebound:RainOfGoop+1","Parasite","Slimebound:Repurpose+1","expansioncontent:ManipulateTime+1","Mayhem","Slimebound:HauntingLick+1"],"relics":["Slimebound:AbsorbEndCombat","Hammer of Thor","Seething Fire","Anvil of the Gods","Slimebound:PotencyRelic","Anchor","Mummified Hand","HornCleat","Slimebound:GreedOozeRelic","Pen Nib","Blood Vial","Slimebound:TarBlob","Meat on the Bone","Turnip","Whetstone","Art of War","Astrolabe","Mango"],"acts_visited":["Exordium","TheCity","TheBeyond"],"potions_floor_usage":[50,50],"damage_taken":[{"damage":13.0,"enemies":"Cultist","floor":1.0,"turns":3.0},{"damage":8.0,"enemies":"Small Slimes","floor":2.0,"turns":2.0},{"damage":16.0,"enemies":"3 Sentries","floor":12.0,"turns":3.0},{"damage":8.0,"enemies":"Jaw Worm","floor":13.0,"turns":2.0},{"damage":8.0,"enemies":"Looter","floor":14.0,"turns":2.0},{"damage":31.0,"enemies":"Slime Boss","floor":16.0,"turns":4.0},{"damage":6.0,"enemies":"3 Byrds","floor":18.0,"turns":2.0},{"damage":18.0,"enemies":"Chosen","floor":19.0,"turns":3.0},{"damage":12.0,"enemies":"Centurion and Healer","floor":20.0,"turns":4.0},{"damage":36.0,"enemies":"Snecko","floor":22.0,"turns":5.0},{"damage":12.0,"enemies":"Book of Stabbing","floor":23.0,"turns":4.0},{"damage":14.0,"enemies":"Gremlin Leader","floor":25.0,"turns":4.0},{"damage":12.0,"enemies":"Book of Stabbing","floor":28.0,"turns":4.0},{"damage":6.0,"enemies":"Sentry and Sphere","floor":29.0,"turns":3.0},{"damage":24.0,"enemies":"Shelled Parasite and Fungi","floor":31.0,"turns":4.0},{"damage":30.0,"enemies":"Collector","floor":33.0,"turns":6.0},{"damage":24.0,"enemies":"3 Darklings","floor":35.0,"turns":5.0},{"damage":6.0,"enemies":"3 Shapes","floor":36.0,"turns":4.0},{"damage":18.0,"enemies":"Writhing Mass","floor":39.0,"turns":4.0},{"damage":51.0,"enemies":"Giant Head","floor":41.0,"turns":7.0},{"damage":15,"enemies":"Jaw Worm Horde","floor":46,"turns":5},{"damage":23,"enemies":"4 Shapes","floor":48,"turns":4},{"damage":110,"enemies":"Time Eater","floor":50,"turns":10}],"seed_played":"6937312659016873090","potions_obtained":[{"floor":2.0,"key":"Energy Potion"},{"floor":14.0,"key":"PowerPotion"},{"floor":19.0,"key":"Fruit Juice"},{"floor":22.0,"key":"PowerPotion"},{"floor":29.0,"key":"Slimebound:SlimyTonguePotion"},{"floor":31.0,"key":"PowerPotion"},{"floor":33.0,"key":"SteroidPotion"},{"floor":35.0,"key":"SpeedPotion"},{"floor":36.0,"key":"PowerPotion"},{"floor":46,"key":"Guardian:BlockOnCardUsePotion"}],"is_trial":false,"path_per_floor":["M","M","?","T","?","R","$","?","T","R","?","E","M","M","R","B",null,"M","M","M","$","M","E","?","E","T","R","E","M","R","M","R","B",null,"M","M","?","$","M","R","E","R","T","?","R","M","$","M","R","B",null],"character_chosen":"SLIMEBOUND","items_purchased":["Sadistic Nature","Anchor","Mummified Hand","Fruit Juice","Slimebound:MegaLick","Slimebound:LeechingTouch","Slimebound:LeechEnergy","Slimebound:SplitMire","Energy Potion"],"campfire_rested":0,"item_purchase_floors":[0,0,0,0,0,0,0,0,0],"current_hp_per_floor":[49,53,58,58,58,58,58,58,58,58,51,55,59,64,64,64,64,64,69,65,65,47,67,67,69,69,69,69,69,69,69,69,69,69,59,75,75,75,75,75,75,75,75,75,75,90,90,97,97,72],"gold":45,"neow_bonus":"","is_daily":false,"chose_seed":false,"campfire_upgraded":10,"win_rate":0.0,"timestamp":1609452979,"path_taken":["M","?","?","?","?","R","?","?","T","R","?","E","M","M","R","BOSS","M","M","M","$","M","E","?","E","T","R","E","M","R","M","R","BOSS","M","M","?","$","M","R","E","R","T","?","R","M","$","M","R","BOSS"],"items_purchased_type":["Card","Relic","Relic","Potion","Card","Card","Card","Card","Potion"],"build_version":"2020-12-22","purchased_purges":3,"victory":true,"max_hp_per_floor":[59,59,64,64,64,64,64,64,64,64,64,64,64,64,64,64,64,64,69,69,69,69,69,69,69,69,69,69,69,69,69,69,69,69,69,75,75,75,75,75,93,93,93,93,93,97,97,97,97,101],"relic_stats":{"Blood Vial":16,"counters":[261,1173],"Mummified Hand":[73],"Astrolabe":["Slimebound:ItLooksTasty","Slimebound:Recollect","Slimebound:RainOfGoop"],"Pen Nib":[9],"Turnip":[13],"Art of War":[12],"Whetstone":["Slimebound:GrowthPunch","Slimebound:SlimeSlap"],"obtain_stats":[{"Spirit Poop":29,"Whetstone":26,"Ginger":54,"Bottled Tornado":8,"Sling":0,"Boot":54,"Old Coin":48,"Blood Vial":30,"Sundial":0,"MealTicket":24,"Kunai":39,"Slimebound:AggressiveSlimeRelic":12,"Pear":29,"Blue Candle":9,"Eternal Feather":45,"Pen Nib":40,"Guardian:PocketSentry":23,"Akabeko":26,"Slimebound:TarBlob":17,"SlaversCollar":34,"Bird Faced Urn":0,"StrikeDummy":26,"Slimebound:SlimedTailRelic":47,"Lantern":43,"Torii":39,"Singing Bowl":9,"StoneCalendar":11,"Bag of Preparation":20,"Smiling Mask":42,"Ancient Tea Set":20,"Slimebound:MaxSlimesRelic":53,"Matryoshka":25,"Shovel":29,"InkBottle":43,"Potion Belt":31,"Golden Idol":4,"PreservedInsect":7,"The Courier":43,"Omamori":21,"Seething Fire":0,"Slimebound:PotencyRelic":0,"Busted Crown":34,"Turnip":30,"Slimebound:AbsorbEndCombat":0,"Art of War":29,"Bottled Lightning":47,"hexamod:BolsterEngine":0,"Slimebound:AbsorbEndCombatUpgraded":17,"Toy Ornithopter":40,"Ice Cream":41,"Calipers":0,"Gremlin Horn":9,"Nilry\u0027s Codex":20,"CeramicFish":31,"Vajra":44,"Hammer of Thor":0,"Sozu":34,"Lizard Tail":7,"HornCleat":0,"Strawberry":26,"Philosopher\u0027s Stone":34,"Prayer Wheel":0,"Toxic Egg 2":0,"Girya":8,"Happy Flower":54,"Astrolabe":34,"Oddly Smooth Stone":43,"Letter Opener":48,"War Paint":37,"Question Card":26,"Du-Vu Doll":12,"Bottled Flame":26,"Shuriken":53,"Anvil of the Gods":0,"Bronze Scales":41,"Molten Egg 2":7,"Black Star":17,"theJungle:WildStrawberry":25,"Slimebound:SlimedSkullRelic":6,"Pocketwatch":0,"Meat on the Bone":23,"SacredBark":34,"Enchiridion":19,"Mango":0,"Incense Burner":0,"Empty Cage":17,"Nunchaku":54,"Mummified Hand":53,"Gambling Chip":21,"Pantograph":10,"Tiny Chest":0,"Red Mask":20,"White Beast Statue":11,"Mercury Hourglass":30,"Slimebound:GreedOozeRelic":10,"Strange Spoon":0,"Anchor":24,"CaptainsWheel":36,"Bag of Marbles":25,"Coffee Dripper":17,"Membership Card":37,"TungstenRod":27,"FossilizedHelix":28},{"Spirit Poop":13,"Whetstone":38,"Ginger":159,"Bottled Tornado":59,"Sling":83,"Boot":110,"Old Coin":80,"Blood Vial":100,"Sundial":83,"MealTicket":37,"Kunai":129,"Slimebound:AggressiveSlimeRelic":89,"Pear":70,"Blue Candle":4,"Eternal Feather":24,"Pen Nib":153,"Guardian:PocketSentry":67,"Akabeko":97,"Slimebound:TarBlob":141,"SlaversCollar":73,"Bird Faced Urn":54,"StrikeDummy":68,"Slimebound:SlimedTailRelic":80,"Lantern":154,"Torii":179,"Singing Bowl":214,"StoneCalendar":89,"Bag of Preparation":9,"Smiling Mask":23,"Ancient Tea Set":65,"Slimebound:MaxSlimesRelic":52,"Matryoshka":68,"Shovel":124,"InkBottle":180,"Potion Belt":41,"Golden Idol":1,"PreservedInsect":31,"The Courier":77,"Omamori":9,"Seething Fire":0,"Slimebound:PotencyRelic":27,"Busted Crown":201,"Turnip":14,"Slimebound:AbsorbEndCombat":0,"Art of War":40,"Bottled Lightning":107,"hexamod:BolsterEngine":27,"Slimebound:AbsorbEndCombatUpgraded":7,"Toy Ornithopter":22,"Ice Cream":130,"Calipers":83,"Gremlin Horn":31,"Nilry\u0027s Codex":121,"CeramicFish":125,"Vajra":155,"Hammer of Thor":0,"Sozu":126,"Lizard Tail":163,"HornCleat":54,"Strawberry":221,"Philosopher\u0027s Stone":16,"Prayer Wheel":160,"Toxic Egg 2":54,"Girya":190,"Happy Flower":26,"Astrolabe":254,"Oddly Smooth Stone":47,"Letter Opener":207,"War Paint":44,"Question Card":12,"Du-Vu Doll":192,"Bottled Flame":170,"Shuriken":109,"Anvil of the Gods":0,"Bronze Scales":47,"Molten Egg 2":3,"Black Star":92,"theJungle:WildStrawberry":197,"Slimebound:SlimedSkullRelic":138,"Pocketwatch":160,"Meat on the Bone":249,"SacredBark":175,"Enchiridion":218,"Mango":135,"Incense Burner":111,"Empty Cage":63,"Nunchaku":53,"Mummified Hand":81,"Gambling Chip":65,"Pantograph":140,"Tiny Chest":111,"Red Mask":168,"White Beast Statue":164,"Mercury Hourglass":100,"Slimebound:GreedOozeRelic":4,"Strange Spoon":160,"Anchor":37,"CaptainsWheel":128,"Bag of Marbles":12,"Coffee Dripper":35,"Membership Card":44,"TungstenRod":98,"FossilizedHelix":222},{"Spirit Poop":74,"Whetstone":221,"Ginger":712,"Bottled Tornado":317,"Sling":399,"Boot":510,"Old Coin":384,"Blood Vial":456,"Sundial":399,"MealTicket":217,"Kunai":586,"Slimebound:AggressiveSlimeRelic":416,"Pear":352,"Blue Candle":22,"Eternal Feather":153,"Pen Nib":689,"Guardian:PocketSentry":344,"Akabeko":446,"Slimebound:TarBlob":642,"SlaversCollar":362,"Bird Faced Urn":297,"StrikeDummy":346,"Slimebound:SlimedTailRelic":384,"Lantern":694,"Torii":782,"Singing Bowl":965,"StoneCalendar":416,"Bag of Preparation":51,"Smiling Mask":145,"Ancient Tea Set":337,"Slimebound:MaxSlimesRelic":289,"Matryoshka":346,"Shovel":564,"InkBottle":787,"Potion Belt":232,"Golden Idol":5,"PreservedInsect":195,"The Courier":376,"Omamori":51,"Seething Fire":0,"Slimebound:PotencyRelic":184,"Busted Crown":891,"Turnip":81,"Slimebound:AbsorbEndCombat":0,"Art of War":229,"Bottled Lightning":486,"hexamod:BolsterEngine":184,"Slimebound:AbsorbEndCombatUpgraded":39,"Toy Ornithopter":137,"Ice Cream":593,"Calipers":399,"Gremlin Horn":195,"Nilry\u0027s Codex":551,"CeramicFish":569,"Vajra":697,"Hammer of Thor":0,"Sozu":578,"Lizard Tail":726,"HornCleat":297,"Strawberry":999,"Philosopher\u0027s Stone":99,"Prayer Wheel":718,"Toxic Egg 2":297,"Girya":827,"Happy Flower":173,"Astrolabe":1134,"Oddly Smooth Stone":261,"Letter Opener":918,"War Paint":248,"Question Card":71,"Du-Vu Doll":837,"Bottled Flame":748,"Shuriken":504,"Anvil of the Gods":0,"Bronze Scales":261,"Molten Egg 2":17,"Black Star":425,"theJungle:WildStrawberry":866,"Slimebound:SlimedSkullRelic":632,"Pocketwatch":718,"Meat on the Bone":1114,"SacredBark":769,"Enchiridion":984,"Mango":622,"Incense Burner":516,"Empty Cage":330,"Nunchaku":295,"Mummified Hand":389,"Gambling Chip":337,"Pantograph":639,"Tiny Chest":516,"Red Mask":741,"White Beast Statue":728,"Mercury Hourglass":456,"Slimebound:GreedOozeRelic":22,"Strange Spoon":718,"Anchor":217,"CaptainsWheel":583,"Bag of Marbles":71,"Coffee Dripper":211,"Membership Card":248,"TungstenRod":449,"FossilizedHelix":1003}],"Meat on the Bone":24},"card_choices":[{"not_picked":["Slimebound:ComboTackle","Slimebound:RollThrough"],"picked":"Slimebound:SlimeSpikes","floor":1.0},{"not_picked":["Slimebound:ViciousTackle","Slimebound:SplitBruiser"],"picked":"Slimebound:ProtectTheBoss","floor":2.0},{"not_picked":["Slimebound:Prepare","Slimebound:SplitAcid"],"picked":"Slimebound:SlimeSlap","floor":12.0},{"not_picked":["Slimebound:ItLooksTasty","Slimebound:Schlurp"],"picked":"Slimebound:GoopSpray","floor":13.0},{"not_picked":["Slimebound:SlimeBrawl","Slimebound:LeechingTouch"],"picked":"Slimebound:GrowthPunch","floor":14.0},{"not_picked":["Slimebound:DuplicatedForm","Slimebound:MassRepurpose"],"picked":"Slimebound:OozeBath","floor":16.0},{"not_picked":["Slimebound:SplitLeeching","Slimebound:SplitAcid"],"picked":"Slimebound:FirmFortitude+1","floor":18.0},{"not_picked":["Slimebound:RollThrough","Slimebound:ViciousTackle","Slimebound:LeechEnergy"],"picked":"SKIP","floor":19.0},{"not_picked":["Slimebound:SplitMire","Slimebound:HungryTackle"],"picked":"Slimebound:SamplingLick","floor":20.0},{"not_picked":["Slimebound:SplitAcid","Slimebound:FirmFortitude","Slimebound:Prepare"],"picked":"SKIP","floor":22.0},{"not_picked":["Slimebound:Replication","Slimebound:SplitBruiser","Slimebound:FinishingTackle"],"picked":"SKIP","floor":23.0},{"not_picked":["Slimebound:SlimeTap","Slimebound:Recollect"],"picked":"Slimebound:LeechLife","floor":25.0},{"not_picked":["Slimebound:Prepare","Slimebound:Repurpose+1"],"picked":"Slimebound:SpikyOuterGoop","floor":28.0},{"not_picked":["Slimebound:LeechingTouch","Slimebound:SamplingLick"],"picked":"Slimebound:TongueLash","floor":29.0},{"not_picked":["Slimebound:LevelUp","Slimebound:DisruptingSlam","Slimebound:SlimeBrawl"],"picked":"SKIP","floor":31.0},{"not_picked":["Slimebound:WasteNot","Slimebound:PrepareCrush"],"picked":"Slimebound:MassFeed","floor":33.0},{"not_picked":["Slimebound:PressTheAttack","Slimebound:ItLooksTasty+1","Slimebound:RollThrough"],"picked":"SKIP","floor":35.0},{"not_picked":["Slimebound:ForwardTackle","Slimebound:AcidTongue","Slimebound:SamplingLick"],"picked":"SKIP","floor":36.0},{"not_picked":["Slimebound:Schlurp","Slimebound:SplitLeeching","Slimebound:RollThrough+1"],"picked":"SKIP","floor":39.0},{"not_picked":["Slimebound:Schlurp","Slimebound:SplitLeeching","Slimebound:RollThrough+1"],"picked":"SKIP","floor":39.0},{"not_picked":["Slimebound:SpikyOuterGoop","Slimebound:BestDefense"],"picked":"Slimebound:Repurpose+1","floor":41.0},{"not_picked":["expansioncontent:DefensiveMode","expansioncontent:Sear"],"picked":"expansioncontent:ManipulateTime","floor":44.0},{"not_picked":["expansioncontent:BronzeBeam","expansioncontent:DefensiveStance"],"picked":"Mayhem","floor":44.0},{"not_picked":["Slimebound:RollThrough+1","Slimebound:SamplingLick","Slimebound:Schlurp"],"picked":"SKIP","floor":46},{"not_picked":["Slimebound:Schlurp+1","Slimebound:SlimeBarrage"],"picked":"Slimebound:HauntingLick+1","floor":48}],"player_experience":839844,"relics_obtained":[{"floor":4.0,"key":"HornCleat"},{"floor":9.0,"key":"Pen Nib"},{"floor":12.0,"key":"Blood Vial"},{"floor":23.0,"key":"Meat on the Bone"},{"floor":25.0,"key":"Turnip"},{"floor":26.0,"key":"Whetstone"},{"floor":28.0,"key":"Art of War"},{"floor":41.0,"key":"Mango"}],"event_choices":[{"damage_healed":0.0,"max_hp_gain":5.0,"max_hp_loss":0.0,"gold_gain":0.0,"event_name":"Big Fish","player_choice":"Donut","floor":3.0,"gold_loss":0.0,"damage_taken":0.0},{"cards_removed":["Slimebound:Strike_Slimebound"],"damage_healed":0.0,"max_hp_gain":0.0,"max_hp_loss":0.0,"gold_gain":0.0,"event_name":"Living Wall","player_choice":"Forget","floor":8.0,"gold_loss":0.0,"damage_taken":0.0},{"cards_removed":["Slimebound:Strike_Slimebound"],"damage_healed":0.0,"max_hp_gain":0.0,"max_hp_loss":0.0,"gold_gain":0.0,"event_name":"Golden Wing","player_choice":"Card Removal","floor":11.0,"gold_loss":0.0,"damage_taken":7.0},{"damage_healed":0.0,"max_hp_gain":0.0,"max_hp_loss":0.0,"gold_gain":0.0,"event_name":"The Library","player_choice":"Read","floor":24.0,"gold_loss":0.0,"damage_taken":0.0,"cards_obtained":["Slimebound:Recollect"]},{"damage_healed":0.0,"max_hp_gain":0.0,"max_hp_loss":0.0,"gold_gain":0.0,"event_name":"Tomb of Lord Red Mask","player_choice":"Ignored","floor":37.0,"gold_loss":0.0,"damage_taken":0.0},{"damage_healed":0.0,"max_hp_gain":0.0,"max_hp_loss":0.0,"gold_gain":3.0,"event_name":"betterStone:BetterStone","player_choice":"1","floor":44.0,"gold_loss":0.0,"damage_taken":0.0}],"is_beta":false,"boss_relics":[{"not_picked":["SacredBark","Sozu"],"picked":"Slimebound:TarBlob"},{"not_picked":["Runic Dome","Snecko Eye"],"picked":"Astrolabe"}],"items_purged_floors":[0,7,21],"is_endless":false,"potions_floor_spawned":[2,13,14,19,22,28,29,31,33,35,36,39,46],"ascension_level":19}}