{"host":"i09pxcjttd31eh4q","time":1609436369,"event":{"mods":["AchievementEnabler","BaseMod","Colored Map","Keyboard Shortcuts","Minty Spire (QoL Compilation)","StSLib","SuperFastMode"],"gold_per_floor":[116,116,116,62,87,126,146,146,194,194,229,243,98,118,118,207,207,223,241,241,241,255,255,289,17,17,17,48,66,16,29,29,123,123,147,178,192,271,287,287,318,334,359,378,378,397,397,420,420,420,420,420,420,45,79,79,79],"floor_reached":56,"playtime":2622,"items_purged":["Strike_G","Strike_G","Strike_G"],"score":1958,"play_id":"19d91da3-f029-402f-8d6e-34c411f06bb4","local_time":"20210101023929","is_ascension_mode":true,"campfire_choices":[{"data":"Blade Dance","floor":8.0,"key":"SMITH"},{"data":"Footwork","floor":10.0,"key":"SMITH"},{"data":"Blade Dance","floor":15.0,"key":"SMITH"},{"floor":23.0,"key":"REST"},{"data":"Crippling Poison","floor":27.0,"key":"SMITH"},{"data":"Well Laid Plans","floor":32.0,"key":"SMITH"},{"data":"Accuracy","floor":40.0,"key":"SMITH"},{"data":"Malaise","floor":45.0,"key":"SMITH"},{"floor":47.0,"key":"RECALL"},{"data":"Burst","floor":49.0,"key":"SMITH"},{"data":"Neutralize","floor":53.0,"key":"SMITH"}],"circlet_count":0,"master_deck":["AscendersBane","Defend_G","Defend_G","Defend_G","Defend_G","Survivor","Neutralize+1","Dagger Throw","Backflip","Blade Dance+1","Footwork+1","Well Laid Plans+1","Finisher","Finesse","Blade Dance+1","Burst+1","Crippling Poison+1","Acrobatics+1","Backflip","Finisher+1","Backflip","Malaise+1","Accuracy+1","Deflect","Deflect","Escape Plan+1","Cloak And Dagger","Purity","PiercingWail","Leg Sweep","Concentrate"],"relics":["Ring of the Snake","NeowsBlessing","Golden Idol","Omamori","Smiling Mask","Vajra","Lantern","Empty Cage","Incense Burner","Tingsha","MealTicket","Ninja Scroll","The Courier","Sozu","Peace Pipe","Paper Crane","Art of War","Centennial Puzzle","Sundial","Mercury Hourglass"],"acts_visited":["Exordium","TheCity","TheBeyond","TheEnding"],"potions_floor_usage":[],"damage_taken":[{"damage":0.0,"enemies":"Small Slimes","floor":1.0,"turns":1.0},{"damage":0.0,"enemies":"2 Louse","floor":5.0,"turns":1.0},{"damage":0.0,"enemies":"3 Sentries","floor":6.0,"turns":1.0},{"damage":0.0,"enemies":"Jaw Worm","floor":7.0,"turns":5.0},{"damage":26.0,"enemies":"Gremlin Nob","floor":11.0,"turns":4.0},{"damage":1.0,"enemies":"Gremlin Gang","floor":12.0,"turns":3.0},{"damage":0.0,"enemies":"Blue Slaver","floor":14.0,"turns":1.0},{"damage":22.0,"enemies":"Slime Boss","floor":16.0,"turns":5.0},{"damage":16.0,"enemies":"2 Thieves","floor":18.0,"turns":4.0},{"damage":0.0,"enemies":"3 Byrds","floor":19.0,"turns":6.0},{"damage":10.0,"enemies":"Centurion and Healer","floor":22.0,"turns":5.0},{"damage":3.0,"enemies":"Gremlin Leader","floor":24.0,"turns":4.0},{"damage":9.0,"enemies":"Slavers","floor":28.0,"turns":5.0},{"damage":15.0,"enemies":"Snake Plant","floor":29.0,"turns":4.0},{"damage":0.0,"enemies":"Cultist and Chosen","floor":31.0,"turns":4.0},{"damage":2.0,"enemies":"Champ","floor":33.0,"turns":10.0},{"damage":7.0,"enemies":"3 Shapes","floor":35.0,"turns":4.0},{"damage":0.0,"enemies":"Mind Bloom Boss Battle","floor":36.0,"turns":5.0},{"damage":5.0,"enemies":"3 Darklings","floor":37.0,"turns":4.0},{"damage":4.0,"enemies":"Spire Growth","floor":39.0,"turns":4.0},{"damage":0.0,"enemies":"Giant Head","floor":41.0,"turns":3.0},{"damage":8.0,"enemies":"Transient","floor":42.0,"turns":6.0},{"damage":0.0,"enemies":"3 Darklings","floor":44.0,"turns":5.0},{"damage":0.0,"enemies":"Jaw Worm Horde","floor":46.0,"turns":3.0},{"damage":0.0,"enemies":"4 Shapes","floor":48.0,"turns":6.0},{"damage":14.0,"enemies":"Donu and Deca","floor":50.0,"turns":10.0},{"damage":11.0,"enemies":"Awakened One","floor":51.0,"turns":16.0},{"damage":41,"enemies":"Shield and Spear","floor":55,"turns":7},{"damage":7,"enemies":"The Heart","floor":56,"turns":8}],"seed_played":"4549202755217893609","potions_obtained":[{"floor":6.0,"key":"BlessingOfTheForge"},{"floor":7.0,"key":"Explosive Potion"},{"floor":12.0,"key":"EssenceOfSteel"},{"floor":14.0,"key":"DistilledChaos"},{"floor":16.0,"key":"Fire Potion"},{"floor":19.0,"key":"DuplicationPotion"},{"floor":22.0,"key":"DuplicationPotion"},{"floor":24.0,"key":"BlessingOfTheForge"},{"floor":31.0,"key":"SteroidPotion"}],"is_trial":false,"path_per_floor":["M","?","?","?","M","E","M","R","T","R","E","M","$","M","R","B",null,"M","M","?","T","M","R","E","$","T","R","E","M","$","M","R","B",null,"M","?","M","T","M","R","E","M","T","M","R","M","R","M","R","B","B",null,"R","$","E","B"],"character_chosen":"THE_SILENT","items_purchased":["Finesse","MealTicket","PowerPotion","Purity","PiercingWail","Leg Sweep","Sundial"],"campfire_rested":1,"item_purchase_floors":[13,25,25,54,54,54,54],"current_hp_per_floor":[59,59,59,59,59,59,59,59,59,59,33,32,32,32,32,10,48,32,32,32,32,22,40,37,37,37,37,28,13,28,28,28,26,52,45,45,40,40,36,36,36,28,28,28,28,28,28,28,28,14,3,46,46,60,19,12,12],"gold":79,"neow_bonus":"THREE_ENEMY_KILL","is_daily":false,"chose_seed":false,"campfire_upgraded":9,"win_rate":0.0,"timestamp":1609436369,"path_taken":["M","?","?","?","?","E","M","R","T","R","E","M","$","M","R","BOSS","M","M","?","?","M","R","E","?","T","R","E","M","$","M","R","BOSS","M","?","M","?","M","R","E","M","T","M","R","M","R","M","R","BOSS","BOSS","R","$","E","BOSS"],"items_purchased_type":["Card","Relic","Potion","Card","Card","Card","Relic"],"build_version":"2020-12-22","purchased_purges":3,"victory":false,"max_hp_per_floor":[66,60,60,60,60,60,60,60,60,60,60,60,60,60,60,60,60,60,60,60,60,60,60,60,60,60,60,60,60,60,60,60,60,60,60,60,60,60,60,60,60,60,60,60,60,60,60,60,60,60,60,60,60,60,60,60,60],"card_choices":[{"not_picked":["Underhanded Strike","Heel Hook"],"picked":"Dagger Throw","floor":1.0},{"not_picked":["Underhanded Strike","Calculated Gamble"],"picked":"Backflip","floor":5.0},{"not_picked":["Expertise","Endless Agony"],"picked":"Blade Dance","floor":6.0},{"not_picked":["Poisoned Stab","Choke"],"picked":"Footwork","floor":7.0},{"not_picked":["Sucker Punch","Endless Agony"],"picked":"Well Laid Plans","floor":11.0},{"not_picked":["Calculated Gamble","Glass Knife"],"picked":"Finisher","floor":12.0},{"not_picked":["Terror","Escape Plan"],"picked":"Blade Dance","floor":14.0},{"not_picked":["Glass Knife","Doppelganger"],"picked":"Burst","floor":16.0},{"not_picked":["Underhanded Strike","Outmaneuver+1"],"picked":"Crippling Poison","floor":18.0},{"not_picked":["Outmaneuver+1","Flying Knee"],"picked":"Acrobatics+1","floor":19.0},{"not_picked":["Well Laid Plans","Infinite Blades","Sucker Punch"],"picked":"SKIP","floor":22.0},{"not_picked":["Storm of Steel","Flying Knee"],"picked":"Backflip","floor":24.0},{"not_picked":["Caltrops","Deadly Poison"],"picked":"Finisher+1","floor":28.0},{"not_picked":["Backflip","Dagger Spray","Footwork"],"picked":"SKIP","floor":29.0},{"not_picked":["Deadly Poison","Dagger Throw"],"picked":"Backflip","floor":31.0},{"not_picked":["Glass Knife","Burst"],"picked":"Malaise","floor":33.0},{"not_picked":["Outmaneuver","Masterful Stab","Dagger Spray+1"],"picked":"SKIP","floor":35.0},{"not_picked":["Setup","Choke+1"],"picked":"Accuracy","floor":36.0},{"not_picked":["Flying Knee","Catalyst"],"picked":"Deflect","floor":37.0},{"not_picked":["Dash","Prepared"],"picked":"Deflect","floor":39.0},{"not_picked":["Riddle With Holes+1","Dodge and Roll","Dash"],"picked":"SKIP","floor":41.0},{"not_picked":["Dodge and Roll","Underhanded Strike+1"],"picked":"Escape Plan+1","floor":42.0},{"not_picked":["Outmaneuver","Blade Dance","Poisoned Stab"],"picked":"SKIP","floor":44.0},{"not_picked":["Leg Sweep+1","Acrobatics+1"],"picked":"Cloak And Dagger","floor":46.0},{"not_picked":["Backflip","Dagger Throw","Skewer+1"],"picked":"SKIP","floor":48.0},{"not_picked":["PiercingWail","Skewer"],"picked":"Concentrate","floor":55}],"player_experience":806583,"relics_obtained":[{"floor":6.0,"key":"Smiling Mask"},{"floor":9.0,"key":"Vajra"},{"floor":11.0,"key":"Lantern"},{"floor":24.0,"key":"Tingsha"},{"floor":26.0,"key":"Ninja Scroll"},{"floor":28.0,"key":"The Courier"},{"floor":36.0,"key":"Peace Pipe"},{"floor":38.0,"key":"Paper Crane"},{"floor":41.0,"key":"Art of War"},{"floor":43.0,"key":"Centennial Puzzle"},{"floor":55,"key":"Mercury Hourglass"}],"event_choices":[{"damage_healed":0.0,"max_hp_gain":0.0,"max_hp_loss":6.0,"gold_gain":0.0,"event_name":"Golden Idol","player_choice":"Lose Max HP","floor":2.0,"gold_loss":0.0,"damage_taken":0.0,"relics_obtained":["Golden Idol"]},{"cards_removed":["Strike_G"],"damage_healed":0.0,"max_hp_gain":0.0,"max_hp_loss":0.0,"gold_gain":0.0,"event_name":"Living Wall","player_choice":"Forget","floor":3.0,"gold_loss":0.0,"damage_taken":0.0},{"damage_healed":0.0,"max_hp_gain":0.0,"max_hp_loss":0.0,"gold_gain":0.0,"event_name":"WeMeetAgain","player_choice":"Paid Gold","floor":4.0,"gold_loss":54.0,"damage_taken":0.0,"relics_obtained":["Omamori"]},{"damage_healed":0.0,"max_hp_gain":0.0,"max_hp_loss":0.0,"gold_gain":0.0,"event_name":"Addict","player_choice":"Stole Relic","floor":20.0,"gold_loss":0.0,"damage_taken":0.0,"relics_obtained":["Incense Burner"],"cards_obtained":["Shame"]},{"damage_healed":0.0,"max_hp_gain":0.0,"max_hp_loss":0.0,"gold_gain":0.0,"event_name":"MindBloom","player_choice":"Fight","floor":36.0,"gold_loss":0.0,"damage_taken":0.0}],"is_beta":false,"boss_relics":[{"not_picked":["HoveringKite","Tiny House"],"picked":"Empty Cage"},{"not_picked":["Black Star","Philosopher\u0027s Stone"],"picked":"Sozu"}],"items_purged_floors":[13,25,30],"is_endless":false,"potions_floor_spawned":[6,7,12,14,16,19,22,24,31,36,41,42,46,48],"killed_by":"The Heart","ascension_level":20}}