{"host":"4nqeo0vu1vuav7gg","time":1609407237,"event":{"mods":["AchievementEnabler","BaseMod","Block Reminder","Colored Map","Colored Powertips","Highlight Path","Minty Spire (QoL Compilation)","Quick Restart","Rare Cards Sparkle","Relic Relevance Reorder","StSLib"],"gold_per_floor":[113,113,126,143,158,158,215,215,293,293,313,330,330,14,14,91,91,108,123,173,173,98,98,13,41,41,316,346,346,346,381,381,460,460,478,478,478,238,238,238,272,291,291,291,291,344,359,390,390,390],"floor_reached":51,"playtime":3399,"items_purged":["Regret"],"score":1494,"play_id":"7d9b43cd-5223-4747-9060-f6c91b23bc48","local_time":"20201231103357","is_ascension_mode":true,"campfire_choices":[{"data":"White Noise","floor":6.0,"key":"SMITH"},{"data":"Go for the Eyes","floor":8.0,"key":"SMITH"},{"floor":10.0,"key":"REST"},{"data":"Buffer","floor":15.0,"key":"SMITH"},{"data":"Genetic Algorithm","floor":23.0,"key":"SMITH"},{"floor":29.0,"key":"REST"},{"floor":32.0,"key":"REST"},{"floor":40.0,"key":"REST"},{"data":"Buffer","floor":44.0,"key":"SMITH"},{"floor":49.0,"key":"REST"}],"circlet_count":0,"master_deck":["AscendersBane","Defend_B","Defend_B","Zap","Dualcast","White Noise+1","Coolheaded","White Noise+1","Biased Cognition","Go for the Eyes+1","Barrage","Genetic Algorithm+1","Buffer+1","Electrodynamics","CurseOfTheBell","Conserve Battery","Reboot+1","Skim+1","Decay","Barrage+1","Buffer+1","Compile Driver+1","FTL+1","Consume+1","Dramatic Entrance","Reinforced Body","Madness","Madness","Capacitor"],"relics":["Cracked Core","Mummified Hand","Shuriken","Dead Branch","Emotion Chip","Happy Flower","Ice Cream","Lantern","Incense Burner","Vajra","Bottled Lightning","DataDisk","Bottled Tornado","Regal Pillow","Ancient Tea Set","The Courier","Juzu Bracelet","Calling Bell","Astrolabe"],"acts_visited":["Exordium","TheCity","TheBeyond"],"potions_floor_usage":[50],"damage_taken":[{"damage":14.0,"enemies":"Small Slimes","floor":1.0,"turns":4.0},{"damage":4.0,"enemies":"Cultist","floor":3.0,"turns":4.0},{"damage":5.0,"enemies":"Jaw Worm","floor":4.0,"turns":4.0},{"damage":8.0,"enemies":"Blue Slaver","floor":5.0,"turns":2.0},{"damage":15.0,"enemies":"Lagavulin Event","floor":7.0,"turns":4.0},{"damage":0.0,"enemies":"Large Slime","floor":11.0,"turns":3.0},{"damage":6.0,"enemies":"2 Fungi Beasts","floor":12.0,"turns":3.0},{"damage":4.0,"enemies":"Slime Boss","floor":16.0,"turns":13.0},{"damage":12.0,"enemies":"Spheric Guardian","floor":18.0,"turns":4.0},{"damage":2.0,"enemies":"Chosen","floor":19.0,"turns":5.0},{"damage":16.0,"enemies":"Gremlin Leader","floor":25.0,"turns":6.0},{"damage":11.0,"enemies":"Slavers","floor":28.0,"turns":5.0},{"damage":10.0,"enemies":"Book of Stabbing","floor":31.0,"turns":4.0},{"damage":78.0,"enemies":"Automaton","floor":33.0,"turns":10.0},{"damage":3.0,"enemies":"Orb Walker","floor":35.0,"turns":2.0},{"damage":0.0,"enemies":"Giant Head","floor":41.0,"turns":7.0},{"damage":0.0,"enemies":"3 Darklings","floor":42.0,"turns":3.0},{"damage":0.0,"enemies":"2 Orb Walkers","floor":46.0,"turns":3.0},{"damage":0.0,"enemies":"Jaw Worm Horde","floor":47.0,"turns":4.0},{"damage":0.0,"enemies":"Nemesis","floor":48.0,"turns":7.0},{"damage":65,"enemies":"Time Eater","floor":50,"turns":9}],"seed_played":"-412832795387789888","potions_obtained":[{"floor":3.0,"key":"SkillPotion"},{"floor":4.0,"key":"Fire Potion"},{"floor":16.0,"key":"FairyPotion"},{"floor":19.0,"key":"AttackPotion"},{"floor":25.0,"key":"Block Potion"},{"floor":42.0,"key":"Fire Potion"},{"floor":47.0,"key":"SteroidPotion"}],"is_trial":false,"path_per_floor":["M","?","M","M","M","R","?","R","T","R","M","M","?","$","R","B",null,"M","M","?","?","?","R","?","E","T","?","E","R","?","E","R","B",null,"M","?","?","$","?","R","E","M","T","R","?","?","M","E","R","B",null],"character_chosen":"DEFECT","items_purchased":["Emotion Chip","DataDisk"],"campfire_rested":5,"item_purchase_floors":[14,38],"current_hp_per_floor":[50,50,46,41,33,33,18,18,18,39,39,33,26,26,26,22,59,47,45,45,45,45,45,45,29,29,29,18,54,54,44,71,19,58,55,55,55,55,55,71,71,71,71,71,58,58,58,58,71,6],"gold":390,"neow_bonus":"THREE_CARDS","is_daily":false,"chose_seed":false,"campfire_upgraded":5,"win_rate":0.0,"timestamp":1609407237,"path_taken":["M","?","M","?","M","R","?","R","T","R","M","M","?","$","R","BOSS","M","M","?","?","?","R","?","E","T","?","E","R","?","E","R","BOSS","M","?","?","$","?","R","E","M","T","R","?","?","M","E","R","BOSS"],"items_purchased_type":["Relic","Relic"],"build_version":"2020-12-22","purchased_purges":1,"victory":true,"max_hp_per_floor":[71,71,71,71,71,71,71,71,71,71,71,71,71,71,71,71,71,71,71,71,71,71,71,71,71,71,71,71,71,71,71,71,71,71,71,71,71,71,71,71,71,71,71,71,71,71,71,71,71,71],"card_choices":[{"not_picked":["Beam Cell","Compile Driver"],"picked":"White Noise","floor":0.0},{"not_picked":["Consume","Steam"],"picked":"Coolheaded","floor":1.0},{"not_picked":["Stack","Steam"],"picked":"White Noise","floor":3.0},{"not_picked":["Double Energy","Hologram"],"picked":"Biased Cognition","floor":4.0},{"not_picked":["Compile Driver","Conserve Battery"],"picked":"Go for the Eyes","floor":5.0},{"not_picked":["Turbo","Leap"],"picked":"Barrage","floor":7.0},{"not_picked":["Steam","Turbo"],"picked":"Genetic Algorithm","floor":11.0},{"not_picked":["Conserve Battery","Compile Driver"],"picked":"Buffer","floor":12.0},{"not_picked":["Reboot","Machine Learning"],"picked":"Electrodynamics","floor":16.0},{"not_picked":["Barrage","Chaos"],"picked":"Conserve Battery","floor":18.0},{"not_picked":["Turbo","Stack"],"picked":"Reboot","floor":19.0},{"not_picked":["Turbo","Coolheaded","Heatsinks"],"picked":"SKIP","floor":25.0},{"not_picked":["Compile Driver","Melter"],"picked":"Skim+1","floor":28.0},{"not_picked":["Compile Driver","Hologram"],"picked":"Barrage+1","floor":31.0},{"not_picked":["Seek","Amplify"],"picked":"Buffer","floor":33.0},{"not_picked":["Steam Power+1","Auto Shields+1","Turbo"],"picked":"SKIP","floor":35.0},{"not_picked":["Transmutation","Madness"],"picked":"Dramatic Entrance","floor":39.0},{"not_picked":["Genetic Algorithm+1","Gash","Rebound"],"picked":"SKIP","floor":41.0},{"not_picked":["Hologram","Steam"],"picked":"Reinforced Body","floor":42.0},{"not_picked":["Lockon","Scrape+1","Coolheaded"],"picked":"SKIP","floor":47.0},{"not_picked":["Self Repair","Hyperbeam"],"picked":"Capacitor","floor":48.0}],"player_experience":1045731,"relics_obtained":[{"floor":7.0,"key":"Vajra"},{"floor":9.0,"key":"Bottled Lightning"},{"floor":17.0,"key":"Happy Flower"},{"floor":17.0,"key":"Mummified Hand"},{"floor":17.0,"key":"Ice Cream"},{"floor":25.0,"key":"Juzu Bracelet"},{"floor":26.0,"key":"Ancient Tea Set"},{"floor":28.0,"key":"Dead Branch"},{"floor":31.0,"key":"Lantern"},{"floor":41.0,"key":"The Courier"},{"floor":43.0,"key":"Bottled Tornado"},{"floor":46.0,"key":"Incense Burner"},{"floor":48.0,"key":"Shuriken"}],"event_choices":[{"damage_healed":0.0,"max_hp_gain":0.0,"max_hp_loss":0.0,"gold_gain":0.0,"event_name":"Upgrade Shrine","player_choice":"Upgraded","floor":2.0,"gold_loss":0.0,"damage_taken":0.0,"cards_upgraded":["White Noise"]},{"damage_healed":0.0,"max_hp_gain":0.0,"max_hp_loss":0.0,"gold_gain":0.0,"event_name":"Dead Adventurer","player_choice":"Searched \u00271\u0027 times","floor":7.0,"gold_loss":0.0,"damage_taken":0.0},{"cards_removed":["Strike_B"],"damage_healed":0.0,"max_hp_gain":0.0,"max_hp_loss":0.0,"gold_gain":0.0,"event_name":"Golden Wing","player_choice":"Card Removal","floor":13.0,"gold_loss":0.0,"damage_taken":7.0},{"damage_healed":0.0,"max_hp_gain":0.0,"max_hp_loss":0.0,"gold_gain":50.0,"event_name":"Nest","player_choice":"Stole From Cult","floor":20.0,"gold_loss":0.0,"damage_taken":0.0},{"damage_healed":0.0,"max_hp_gain":0.0,"max_hp_loss":0.0,"gold_gain":0.0,"event_name":"Vampires","player_choice":"Ignored","floor":21.0,"gold_loss":0.0,"damage_taken":0.0},{"cards_removed":["Strike_B"],"damage_healed":0.0,"max_hp_gain":0.0,"max_hp_loss":0.0,"gold_gain":0.0,"event_name":"Beggar","player_choice":"Gave Gold","floor":22.0,"gold_loss":75.0,"damage_taken":0.0},{"damage_healed":0.0,"max_hp_gain":0.0,"max_hp_loss":0.0,"gold_gain":0.0,"event_name":"Addict","player_choice":"Obtained Relic","floor":24.0,"gold_loss":85.0,"damage_taken":0.0,"relics_obtained":["Regal Pillow"]},{"damage_healed":0.0,"max_hp_gain":0.0,"max_hp_loss":0.0,"gold_gain":275.0,"event_name":"Golden Shrine","player_choice":"Desecrate","floor":27.0,"gold_loss":0.0,"damage_taken":0.0,"cards_obtained":["Regret"]},{"damage_healed":0.0,"max_hp_gain":0.0,"max_hp_loss":0.0,"gold_gain":0.0,"event_name":"Forgotten Altar","player_choice":"Smashed Altar","floor":30.0,"gold_loss":0.0,"damage_taken":0.0,"cards_obtained":["Decay"]},{"cards_removed":["Defend_B"],"damage_healed":0.0,"max_hp_gain":0.0,"max_hp_loss":0.0,"gold_gain":0.0,"event_name":"Falling","player_choice":"Removed Skill","floor":36.0,"gold_loss":0.0,"damage_taken":0.0},{"damage_healed":0.0,"max_hp_gain":0.0,"max_hp_loss":0.0,"gold_gain":0.0,"event_name":"Upgrade Shrine","player_choice":"Upgraded","floor":37.0,"gold_loss":0.0,"damage_taken":0.0,"cards_upgraded":["Reboot"]},{"damage_healed":0.0,"max_hp_gain":0.0,"max_hp_loss":0.0,"gold_gain":0.0,"event_name":"SensoryStone","player_choice":"Memory 1","floor":39.0,"gold_loss":0.0,"damage_taken":0.0},{"damage_healed":0.0,"max_hp_gain":0.0,"max_hp_loss":0.0,"gold_gain":0.0,"event_name":"Winding Halls","player_choice":"Embrace Madness","floor":45.0,"gold_loss":0.0,"damage_taken":13.0,"cards_obtained":["Madness","Madness"]},{"damage_healed":0.0,"max_hp_gain":0.0,"max_hp_loss":0.0,"gold_gain":0.0,"event_name":"Mysterious Sphere","player_choice":"Fight","floor":46.0,"gold_loss":0.0,"damage_taken":0.0}],"is_beta":false,"boss_relics":[{"not_picked":["FrozenCore","Runic Dome"],"picked":"Calling Bell"},{"not_picked":["Tiny House","Cursed Key"],"picked":"Astrolabe"}],"items_purged_floors":[38],"is_endless":false,"potions_floor_spawned":[3,4,5,16,19,25,42,47],"ascension_level":18}}