{"host":"uc0x0d8zaap3n3zi","time":1609428482,"event":{"mods":["2.2 Compatiblity","AchievementEnabler","Act Like it!","Alarm Clock","BaseMod","Colored Powertips","Downfall","Minty Spire (QoL Compilation)","Pale of the Ancients","Rare Cards Sparkle","Relic Stats","StSLib","The Cursed","The Marked","slay the spire mod where everything is the same but ironclad has a cowboy hat"],"gold_per_floor":[114,131,131,147,162,162,196,196,196,196,196,196,251,266,266,370,370,385,231,248,248,148,177,193,210,237,250,267,298,298,298,298,402,402,417,464,464,479,389,389,405,355,355,373,392,151,151,101,101,101,101,101,101],"floor_reached":52,"playtime":3133,"items_purged":["Strike_B","Strike_B","Strike_B","Zap+1","Defend_B"],"score":795,"play_id":"56f2195d-ddc3-4c90-b8e5-782adc1e6140","local_time":"20210101042802","is_ascension_mode":true,"campfire_choices":[{"data":"Glacier","floor":6,"key":"SMITH"},{"data":"Turbo","floor":8,"key":"SMITH"},{"data":"Zap","floor":10,"key":"SMITH"},{"data":"Dualcast","floor":12,"key":"SMITH"},{"floor":15,"key":"REST"},{"data":"Darkness","floor":30,"key":"SMITH"},{"data":"Redo","floor":32,"key":"SMITH"},{"data":"Aggregate","floor":40,"key":"SMITH"},{"floor":49,"key":"RECALL"}],"circlet_count":0,"master_deck":["Defend_B+1","Defend_B","Defend_B","Dualcast+1","Aggregate+1","Glacier+1","Turbo+1","Self Repair+1","Defragment+1","Biased Cognition+1","Doom and Gloom+1","Darkness+1","Conserve Battery+1","Capacitor+1","Redo+1","Loop+1","Barrage","Coolheaded","Buffer+1","Sweeping Beam"],"relics":["FrozenCore","Centennial Puzzle","Frozen Egg 2","Letter Opener","Mummified Hand","Nuclear Battery","Smiling Mask","WingedGreaves","Girya","Eternal Feather","paleoftheancients:Timepiece","paleoftheancients:KeyRelic","Ice Cream","CultistMask"],"acts_visited":["Exordium","TheCity","TheBeyond","paleoftheancients:PaleOfTheAncients"],"potions_floor_usage":[13,16,16,23,29,33,38,50,52],"damage_taken":[{"damage":1,"enemies":"Jaw Worm","floor":1,"turns":3},{"damage":0,"enemies":"Small Slimes","floor":2,"turns":2},{"damage":1,"enemies":"Cultist","floor":4,"turns":3},{"damage":0,"enemies":"Large Slime","floor":5,"turns":7},{"damage":31,"enemies":"Lagavulin","floor":7,"turns":7},{"damage":6,"enemies":"Gremlin Nob","floor":13,"turns":2},{"damage":7,"enemies":"Blue Slaver","floor":14,"turns":3},{"damage":3,"enemies":"The Guardian","floor":16,"turns":10},{"damage":10,"enemies":"2 Thieves","floor":18,"turns":3},{"damage":0,"enemies":"Chosen","floor":20,"turns":3},{"damage":5,"enemies":"Gremlin Leader","floor":23,"turns":8},{"damage":14,"enemies":"Snake Plant","floor":24,"turns":6},{"damage":13,"enemies":"3 Cultists","floor":25,"turns":4},{"damage":0,"enemies":"Snecko","floor":27,"turns":4},{"damage":10,"enemies":"Cultist and Chosen","floor":28,"turns":6},{"damage":11,"enemies":"Book of Stabbing","floor":29,"turns":7},{"damage":24,"enemies":"Collector","floor":33,"turns":11},{"damage":25,"enemies":"3 Darklings","floor":35,"turns":5},{"damage":43,"enemies":"2 Orb Walkers","floor":36,"turns":6},{"damage":0,"enemies":"Orb Walker","floor":38,"turns":6},{"damage":0,"enemies":"Spire Growth","floor":41,"turns":5},{"damage":16,"enemies":"Sphere and 2 Shapes","floor":44,"turns":5},{"damage":4,"enemies":"Transient","floor":45,"turns":5},{"damage":48,"enemies":"Awakened One","floor":50,"turns":16},{"damage":82,"enemies":"Awakened One","floor":51,"turns":16},{"damage":67,"enemies":"Awakened One","floor":52,"turns":10}],"seed_played":"-2880540646865537837","potions_obtained":[{"floor":2,"key":"ColorlessPotion"},{"floor":7,"key":"PowerPotion"},{"floor":13,"key":"Swift Potion"},{"floor":14,"key":"Weak Potion"},{"floor":20,"key":"Explosive Potion"},{"floor":25,"key":"LiquidMemories"},{"floor":27,"key":"FocusPotion"},{"floor":35,"key":"EssenceOfDarkness"},{"floor":36,"key":"SkillPotion"},{"floor":38,"key":"Dexterity Potion"},{"floor":45,"key":"Block Potion"}],"is_trial":false,"path_per_floor":["M","M","?","M","M","R","E","R","T","R","?","R","?","M","R","B",null,"M","$","M","?","$","E","M","M","T","M","M","E","R","?","R","B",null,"M","?","?","M","?","R","M","$","T","M","M","$","?","$","R","B","M","M"],"character_chosen":"DEFECT","items_purchased":["Darkness","Coolheaded","Buffer+1"],"campfire_rested":1,"item_purchase_floors":[19,46,46],"current_hp_per_floor":[74,74,74,73,73,73,42,42,42,42,42,42,36,39,61,68,75,75,75,75,75,75,75,71,68,68,75,75,74,74,74,74,60,75,60,27,66,66,66,66,66,66,66,60,66,66,66,66,66,66,66,0,0],"gold":101,"neow_bonus":"RANDOM_COMMON_RELIC","is_daily":false,"chose_seed":false,"campfire_upgraded":7,"win_rate":0.0,"timestamp":1609428482,"path_taken":["M","M","?","M","M","R","E","R","T","R","?","R","?","?","R","BOSS","M","$","M","?","$","E","M","M","T","M","M","E","R","?","R","BOSS","M","?","?","M","?","R","?","$","T","M","M","$","?","$","R","BOSS","M","M"],"items_purchased_type":["Card","Card","Card"],"build_version":"2020-12-22","purchased_purges":5,"victory":false,"max_hp_per_floor":[75,75,75,75,75,75,75,75,75,75,75,75,75,75,75,75,75,75,75,75,75,75,75,75,75,75,75,75,75,75,75,75,75,75,75,75,66,66,66,66,66,66,66,66,66,66,66,66,66,66,66,66,66],"relic_stats":{"Centennial Puzzle":[57],"counters":[26,163],"Mummified Hand":[83],"Eternal Feather":0,"Letter Opener":[474],"Smiling Mask":300,"obtain_stats":[{"Ice Cream":50,"Girya":36,"paleoftheancients:KeyRelic":50,"Eternal Feather":43,"Letter Opener":9,"Frozen Egg 2":7,"Smiling Mask":23,"Nuclear Battery":17,"FrozenCore":34,"paleoftheancients:Timepiece":50,"Centennial Puzzle":0,"Mummified Hand":13,"WingedGreaves":29,"CultistMask":50,"Cracked Core":0},{"Ice Cream":24,"Girya":19,"paleoftheancients:KeyRelic":24,"Eternal Feather":21,"Letter Opener":5,"Frozen Egg 2":5,"Smiling Mask":11,"Nuclear Battery":8,"FrozenCore":17,"paleoftheancients:Timepiece":24,"Centennial Puzzle":0,"Mummified Hand":6,"WingedGreaves":16,"CultistMask":24,"Cracked Core":0},{"Ice Cream":137,"Girya":100,"paleoftheancients:KeyRelic":137,"Eternal Feather":111,"Letter Opener":22,"Frozen Egg 2":22,"Smiling Mask":51,"Nuclear Battery":37,"FrozenCore":89,"paleoftheancients:Timepiece":137,"Centennial Puzzle":0,"Mummified Hand":24,"WingedGreaves":78,"CultistMask":137,"Cracked Core":0}],"FrozenCore":[24]},"card_choices":[{"not_picked":["Steam","Compile Driver"],"picked":"Rip and Tear","floor":1},{"not_picked":["Ball Lightning","Sunder"],"picked":"Aggregate","floor":2},{"not_picked":["Steam","Rebound"],"picked":"Glacier","floor":4},{"not_picked":["Static Discharge","Rebound","Streamline"],"picked":"SKIP","floor":5},{"not_picked":["Electrodynamics+1","Scrape"],"picked":"Turbo","floor":7},{"not_picked":["Barrage","Stack"],"picked":"Self Repair+1","floor":13},{"not_picked":["Cold Snap","Go for the Eyes"],"picked":"Defragment+1","floor":14},{"not_picked":["Multi-Cast","Thunder Strike"],"picked":"Biased Cognition+1","floor":16},{"not_picked":["Steam","Blizzard"],"picked":"Doom and Gloom+1","floor":18},{"not_picked":["Hologram","Ball Lightning"],"picked":"Conserve Battery+1","floor":20},{"not_picked":["Ball Lightning","Compile Driver"],"picked":"Redo","floor":23},{"not_picked":["Ball Lightning","Darkness","Sweeping Beam+1"],"picked":"SKIP","floor":24},{"not_picked":["Fusion","Rip and Tear","Go for the Eyes"],"picked":"SKIP","floor":25},{"not_picked":["Leap+1","Turbo","Cold Snap"],"picked":"SKIP","floor":27},{"not_picked":["White Noise","Compile Driver+1","FTL+1"],"picked":"SKIP","floor":28},{"not_picked":["Auto Shields","Reboot","Beam Cell"],"picked":"SKIP","floor":29},{"not_picked":["Melter","Stack","Skim"],"picked":"SKIP","floor":35},{"not_picked":["Gash","Undo+1"],"picked":"Loop+1","floor":38},{"not_picked":["Glacier+1","Heatsinks+1"],"picked":"Barrage","floor":41},{"not_picked":["Chaos","Fusion+1","Double Energy+1"],"picked":"SKIP","floor":44},{"not_picked":["Ball Lightning+1","Conserve Battery","White Noise"],"picked":"SKIP","floor":45}],"player_experience":245795,"relics_obtained":[{"floor":7,"key":"Frozen Egg 2"},{"floor":9,"key":"Letter Opener"},{"floor":13,"key":"Mummified Hand"},{"floor":23,"key":"Smiling Mask"},{"floor":29,"key":"WingedGreaves"},{"floor":36,"key":"Girya"},{"floor":43,"key":"Eternal Feather"}],"event_choices":[{"damage_healed":0,"gold_gain":0,"player_choice":"Leave","damage_taken":0,"max_hp_gain":0,"max_hp_loss":0,"event_name":"The Cleric","floor":3,"gold_loss":0},{"damage_healed":0,"gold_gain":0,"player_choice":"Ignored","damage_taken":0,"max_hp_gain":0,"max_hp_loss":0,"event_name":"Liars Game","floor":11,"gold_loss":0},{"damage_healed":0,"gold_gain":0,"player_choice":"Searched \u00271\u0027 times","damage_taken":0,"max_hp_gain":0,"max_hp_loss":0,"event_name":"Dead Adventurer","floor":13,"gold_loss":0},{"damage_healed":0,"gold_gain":0,"player_choice":"Read","damage_taken":0,"max_hp_gain":0,"max_hp_loss":0,"event_name":"The Library","floor":21,"gold_loss":0,"cards_obtained":["Capacitor"]},{"damage_healed":0,"gold_gain":0,"player_choice":"Ignored","damage_taken":0,"max_hp_gain":0,"max_hp_loss":0,"event_name":"Vampires","floor":31,"gold_loss":0},{"damage_healed":0,"gold_gain":0,"player_choice":"Fight","damage_taken":0,"max_hp_gain":0,"max_hp_loss":0,"event_name":"Mysterious Sphere","floor":36,"gold_loss":0},{"damage_healed":66,"gold_gain":0,"player_choice":"Heal","damage_taken":0,"max_hp_gain":0,"max_hp_loss":9,"event_name":"The Moai Head","floor":37,"gold_loss":0},{"cards_removed":["Rip and Tear"],"damage_healed":0,"gold_gain":0,"player_choice":"Upgrade and Remove","damage_taken":0,"max_hp_gain":0,"max_hp_loss":0,"event_name":"Designer","floor":39,"gold_loss":90,"cards_upgraded":["Defend_B"]},{"damage_healed":0,"gold_gain":0,"cards_transformed":["Strike_B"],"player_choice":"Transformed","damage_taken":0,"max_hp_gain":0,"max_hp_loss":0,"event_name":"Transmorgrifier","floor":47,"gold_loss":0,"cards_obtained":["Sweeping Beam"]}],"is_beta":false,"boss_relics":[{"not_picked":["Ectoplasm","Calling Bell"],"picked":"Nuclear Battery"},{"not_picked":["Busted Crown","Cursed Key"],"picked":"FrozenCore"}],"items_purged_floors":[19,22,42,46,48],"is_endless":false,"potions_floor_spawned":[2,7,13,14,20,25,27,28,35,36,38,45],"killed_by":"Awakened One","ascension_level":1}}