{"host":"t9zjxed0utvsfjwc","time":1609450669,"event":{"mods":["2.2 Compatiblity","Aspiration","BaseMod","Block Reminder","Colored Map","Colored Powertips","Highlight Path","Hubris","Infinite Spire","Minty Spire (QoL Compilation)","Quick Restart","Replay The Spire","StSLib","The Marked","Unceasing Turn Reminder","everything is the same but u backflip on backflip"],"gold_per_floor":[118,118,133,152,152,187,206,206,277,289,16,26,26,26,26,123,123,137,137],"floor_reached":18,"playtime":1267,"items_purged":["Pain"],"score":164,"play_id":"5aa44b36-3ab5-47bd-a10b-b0069b8f0373","local_time":"20201231213749","is_ascension_mode":false,"campfire_choices":[{"floor":13,"key":"REST"},{"data":"theMarked:Levitate","floor":15,"key":"SMITH"}],"circlet_count":0,"master_deck":["theMarked:Strike","theMarked:Strike","theMarked:Strike","theMarked:Strike","theMarked:Strike","theMarked:Defend","theMarked:Defend","theMarked:Defend","theMarked:Defend","theMarked:SoldierOfQuellstein","theMarked:EmpowerWeapon","theMarked:ParalyzingBlade","theMarked:HeightenedSenses","theMarked:EternalStudent","theMarked:Static","theMarked:Parry","theMarked:Levitate+1","theMarked:SoldierForm"],"relics":["theMarked:ArtifactOfAir","NeowsBlessing","infinitespire:Satchel","ReplayTheSpireMod:Lightbulb","Oddly Smooth Stone","WarpedTongs","Replay:WaspNest","HandDrill","hubris:Backtick","hubris:Reverence"],"acts_visited":["Exordium","TheCity"],"potions_floor_usage":[10,16,16,16],"damage_taken":[{"damage":0,"enemies":"2 Louse","floor":1,"turns":1},{"damage":0,"enemies":"Jaw Worm","floor":3,"turns":1},{"damage":0,"enemies":"Cultist","floor":4,"turns":1},{"damage":27,"enemies":"3 Sentries","floor":6,"turns":8},{"damage":0,"enemies":"Large Slime","floor":7,"turns":4},{"damage":3,"enemies":"Looter","floor":10,"turns":2},{"damage":0,"enemies":"Exordium Wildlife","floor":12,"turns":2},{"damage":31,"enemies":"The Guardian","floor":16,"turns":7},{"damage":5,"enemies":"3 Byrds","floor":18,"turns":4}],"seed_played":"-1618858610596747128","potions_obtained":[{"floor":3,"key":"Doom Potion"},{"floor":6,"key":"Block Potion"},{"floor":7,"key":"BlessingOfTheForge"},{"floor":10,"key":"Strength Potion"},{"floor":18,"key":"Strength Potion"}],"is_trial":false,"path_per_floor":["M","?","M","M","T","E","M","?","T","M","$","M","R","$","R","B",null,"M"],"character_chosen":"THE_DEFAULT","items_purchased":["HandDrill","theMarked:Parry"],"campfire_rested":1,"item_purchase_floors":[11,11],"current_hp_per_floor":[70,70,70,70,70,43,43,43,43,40,40,40,61,61,61,30,70,65,65],"gold":137,"neow_bonus":"THREE_ENEMY_KILL","is_daily":false,"chose_seed":false,"campfire_upgraded":1,"win_rate":0.0,"timestamp":1609450669,"path_taken":["M","?","M","M","?","E","M","?","T","M","$","M","R","$","R","BOSS","M"],"items_purchased_type":["Relic","Card"],"build_version":"2020-12-22","purchased_purges":1,"victory":false,"max_hp_per_floor":[70,70,70,70,70,70,70,70,70,70,70,70,70,70,70,70,70,70,70],"card_choices":[{"not_picked":["theMarked:TwofoldDefense","theMarked:BanishingStrike"],"picked":"theMarked:EmpowerWeapon","floor":1},{"not_picked":["theMarked:ResourceFulStrike","theMarked:ChainLightning"],"picked":"theMarked:ParalyzingBlade","floor":3},{"not_picked":["theMarked:WardOff","theMarked:ChainLightning"],"picked":"theMarked:HeightenedSenses","floor":4},{"not_picked":["theMarked:WardOff","theMarked:Levitate"],"picked":"theMarked:EternalStudent","floor":6},{"not_picked":["theMarked:ResourceFulStrike","theMarked:WastefulDefense"],"picked":"theMarked:Static","floor":7},{"not_picked":["theMarked:BanishingStrike","theMarked:ChainLightning","theMarked:PowerFlow"],"picked":"SKIP","floor":10},{"not_picked":["theMarked:GodGivenPower","theMarked:RepellingDischarge"],"picked":"theMarked:Levitate","floor":12},{"not_picked":["theMarked:TakeOffHeels","theMarked:Abjuration"],"picked":"theMarked:SoldierForm","floor":16}],"player_experience":253881,"relics_obtained":[{"floor":2,"key":"infinitespire:Satchel"},{"floor":5,"key":"ReplayTheSpireMod:Lightbulb"},{"floor":6,"key":"Oddly Smooth Stone"},{"floor":9,"key":"Replay:WaspNest"}],"event_choices":[{"damage_healed":0,"gold_gain":0,"player_choice":"Rummage","damage_taken":0,"relics_obtained":["WarpedTongs"],"max_hp_gain":0,"max_hp_loss":0,"event_name":"Accursed Blacksmith","floor":8,"gold_loss":0,"cards_obtained":["Pain"]}],"is_beta":false,"boss_relics":[{"not_picked":["ReplayTheSpireMod:SealedPack","Replay:Ancient Bell"],"picked":"hubris:Backtick"}],"items_purged_floors":[11],"is_endless":false,"potions_floor_spawned":[3,6,7,10,18],"killed_by":"3 Byrds","ascension_level":0}}