{"host":"9tch52zpouts7b2p","time":1609392234,"event":{"mods":["BaseMod","Colored Map","Minty Spire (QoL Compilation)","StSLib","UnlockEverythingMod"],"gold_per_floor":[119,119,46,58,75,75,75,91,91,91,16,16,42,56,56,56,56],"floor_reached":16,"playtime":1068,"items_purged":["Decay"],"score":100,"play_id":"084a962b-0dde-4a80-b65c-d9cea7e69062","local_time":"20201231132354","is_ascension_mode":false,"campfire_choices":[{"data":"Defragment","floor":7.0,"key":"SMITH"},{"data":"Double Energy","floor":10.0,"key":"SMITH"},{"data":"Heatsinks","floor":12.0,"key":"SMITH"},{"floor":15,"key":"REST"}],"circlet_count":0,"master_deck":["Strike_B","Strike_B","Defend_B","Defend_B","Defend_B","Defend_B","Zap","Dualcast","Machine Learning","Amplify","Glacier","Defragment+1","Redo","Heatsinks+1","Double Energy+1","Glacier","Genetic Algorithm"],"relics":["Cracked Core","Torii","Emotion Chip"],"acts_visited":["Exordium"],"potions_floor_usage":[13],"damage_taken":[{"damage":3.0,"enemies":"Small Slimes","floor":1.0,"turns":4.0},{"damage":0.0,"enemies":"Cultist","floor":4.0,"turns":5.0},{"damage":5.0,"enemies":"Jaw Worm","floor":5.0,"turns":5.0},{"damage":11.0,"enemies":"Blue Slaver","floor":8.0,"turns":5.0},{"damage":10,"enemies":"Gremlin Nob","floor":13,"turns":5},{"damage":2,"enemies":"2 Fungi Beasts","floor":14,"turns":6},{"damage":30,"enemies":"Slime Boss","floor":16,"turns":16}],"seed_played":"-2981309087094094629","potions_obtained":[{"floor":1.0,"key":"BlessingOfTheForge"},{"floor":6.0,"key":"LiquidMemories"},{"floor":6.0,"key":"FairyPotion"},{"floor":6.0,"key":"CultistPotion"},{"floor":8.0,"key":"FairyPotion"},{"floor":14,"key":"GamblersBrew"}],"is_trial":false,"path_per_floor":["M","?","$","M","M","?","R","M","T","R","$","R","E","M","R","B"],"character_chosen":"DEFECT","items_purchased":["Defragment"],"campfire_rested":1,"item_purchase_floors":[3],"current_hp_per_floor":[72,77,77,77,72,72,72,61,61,61,61,61,51,49,73,43,43],"gold":56,"neow_bonus":"TRANSFORM_TWO_CARDS","is_daily":false,"chose_seed":false,"campfire_upgraded":3,"win_rate":0.0,"timestamp":1609392234,"path_taken":["M","?","$","M","M","?","R","M","T","R","$","R","E","?","R","BOSS"],"items_purchased_type":["Card"],"build_version":"2020-12-22","purchased_purges":1,"victory":false,"max_hp_per_floor":[75,80,80,80,80,80,80,80,80,80,80,80,80,80,80,80,80],"card_choices":[{"not_picked":["Tempest","Redo"],"picked":"Glacier","floor":1.0},{"not_picked":["Compile Driver","Ball Lightning"],"picked":"Redo","floor":4.0},{"not_picked":["Self Repair","Glacier"],"picked":"Heatsinks","floor":5.0},{"not_picked":["Barrage","Fusion"],"picked":"Double Energy","floor":8.0},{"not_picked":["Scrape","Steam Power"],"picked":"Glacier","floor":13},{"not_picked":["Sweeping Beam","Auto Shields"],"picked":"Genetic Algorithm","floor":14}],"player_experience":80465,"relics_obtained":[{"floor":9.0,"key":"Torii"},{"floor":13,"key":"Emotion Chip"}],"event_choices":[{"damage_healed":0.0,"max_hp_gain":5.0,"max_hp_loss":0.0,"gold_gain":0.0,"event_name":"Big Fish","player_choice":"Donut","floor":2.0,"gold_loss":0.0,"damage_taken":0.0},{"damage_healed":0.0,"max_hp_gain":0.0,"max_hp_loss":0.0,"gold_gain":0.0,"event_name":"Lab","player_choice":"Got Potions","floor":6.0,"gold_loss":0.0,"damage_taken":0.0}],"is_beta":false,"boss_relics":[],"items_purged_floors":[11],"is_endless":false,"potions_floor_spawned":[1,8,14],"killed_by":"Slime Boss","ascension_level":0}}