{"host":"egkmzmldr8t233lo","time":1609426709,"event":{"mods":["Act Like it!","BaseMod","Colored Powertips","Minty Spire (QoL Compilation)","Replay The Spire","StSLib","The Hierophant","¡¾ÒÅÎï¿¨ÅÆ¡¿REMEMod"],"gold_per_floor":[111,124,136,105,118,140,142,134,160,160,181,181,186,196,196,257,257,257,257,244,255,265,265,280,280,280,280,283,208,208,228,228,298,298,313,56,74,85,95,126,126,143,143,154,168,197,72,72,72,72,72,72,72,98,88,88],"floor_reached":55,"playtime":4856,"items_purged":["hierophant:Defend_Hierophant","hierophant:Strike_Hierophant","hierophant:Strike_Hierophant"],"score":769,"play_id":"e33c26e2-e0fc-41c3-a124-5a12cc4b7596","local_time":"20201231225829","is_ascension_mode":false,"campfire_choices":[{"data":"hierophant:Alms","floor":10.0,"key":"SMITH"},{"floor":12.0,"key":"REST"},{"floor":23.0,"key":"RECALL"},{"data":"hierophant:Endure","floor":25.0,"key":"SMITH"},{"data":"hierophant:PristineSoul","floor":30.0,"key":"SMITH"},{"data":"hierophant:Defend_Hierophant","floor":32.0,"key":"PURGE"},{"floor":41.0,"key":"REST"},{"floor":49,"key":"REST"},{"floor":52,"key":"REST"}],"circlet_count":0,"master_deck":["hierophant:Strike_Hierophant","hierophant:Strike_Hierophant+1","hierophant:Punish+1","hierophant:Defend_Hierophant","hierophant:Defend_Hierophant+1","hierophant:ChurchCoffers+1","hierophant:Alms+1","hierophant:Smite+1","hierophant:RepressedViolence+1","hierophant:Endure+1","hierophant:PristineSoul+1","hierophant:Invocation+1","hierophant:Community+1","hierophant:Flagellation+1","hierophant:Determination","Dramatic Entrance","Decay","hierophant:FaithHealing","Secret Technique","hierophant:DivineIntervention","hierophant:Anathema","REME_Flogging","Panache","Secret Technique"],"relics":["hierophant:PropheticMaskRelic","REME_ComplimentaryCards","Bottled Lightning","Quantum Egg","REME_LowDesire","Centennial Puzzle","War Paint","Replay:Towering Pillar of Hats","Boot","Lizard Tail","Fusion Hammer","ReplayTheSpireMod:TigerMarble","ReplayFunnel","Snack Pack","REME_HandOfSuture","Unceasing Top"],"acts_visited":["Exordium","TheCity","TheBeyond","TheEnding"],"potions_floor_usage":[46,55,55],"damage_taken":[{"damage":1.0,"enemies":"Cultist","floor":1.0,"turns":3.0},{"damage":6.0,"enemies":"Jaw Worm","floor":2.0,"turns":4.0},{"damage":0.0,"enemies":"2 Louse","floor":3.0,"turns":2.0},{"damage":9.0,"enemies":"Looter","floor":4.0,"turns":4.0},{"damage":9.0,"enemies":"Gremlin Gang","floor":5.0,"turns":3.0},{"damage":20.0,"enemies":"Lagavulin","floor":6.0,"turns":7.0},{"damage":0.0,"enemies":"Red Slaver","floor":7.0,"turns":4.0},{"damage":4.0,"enemies":"Large Slime","floor":8.0,"turns":6.0},{"damage":22.0,"enemies":"Gremlin Nob","floor":11.0,"turns":4.0},{"damage":0.0,"enemies":"2 Fungi Beasts","floor":13.0,"turns":2.0},{"damage":15.0,"enemies":"Exordium Thugs","floor":14.0,"turns":5.0},{"damage":17.0,"enemies":"Fading Forest","floor":16.0,"turns":11.0},{"damage":0.0,"enemies":"Spheric Guardian","floor":18.0,"turns":2.0},{"damage":15.0,"enemies":"2 Thieves","floor":20.0,"turns":2.0},{"damage":0.0,"enemies":"Sentry and Sphere","floor":21.0,"turns":1.0},{"damage":1.0,"enemies":"Snecko","floor":22.0,"turns":4.0},{"damage":2.0,"enemies":"Book of Stabbing","floor":24.0,"turns":2.0},{"damage":0.0,"enemies":"Shelled Parasite and Fungi","floor":28.0,"turns":2.0},{"damage":6.0,"enemies":"Centurion and Healer","floor":31.0,"turns":5.0},{"damage":59.0,"enemies":"Champ","floor":33.0,"turns":12.0},{"damage":2.0,"enemies":"Orb Walker","floor":35.0,"turns":2.0},{"damage":10.0,"enemies":"3 Shapes","floor":37.0,"turns":2.0},{"damage":19.0,"enemies":"Transient","floor":38.0,"turns":5.0},{"damage":0.0,"enemies":"3 Darklings","floor":39.0,"turns":1.0},{"damage":4.0,"enemies":"R_Hoarder","floor":40.0,"turns":6.0},{"damage":0.0,"enemies":"Writhing Mass","floor":42.0,"turns":4.0},{"damage":3.0,"enemies":"Sphere and 2 Shapes","floor":44.0,"turns":2.0},{"damage":0.0,"enemies":"3 Darklings","floor":45.0,"turns":2.0},{"damage":41,"enemies":"Nemesis","floor":46,"turns":3},{"damage":47,"enemies":"Awakened One","floor":50,"turns":6},{"damage":0,"enemies":"Shield and Spear","floor":54,"turns":3},{"damage":131,"enemies":"The Heart","floor":55,"turns":8}],"seed_played":"4082222240386165582","potions_obtained":[{"floor":1.0,"key":"ColorlessPotion"},{"floor":3.0,"key":"Ancient Potion"},{"floor":4.0,"key":"Elixir"},{"floor":16.0,"key":"Fire Potion"},{"floor":20.0,"key":"Adrenaline Potion"},{"floor":22.0,"key":"Cursed Concoction"},{"floor":24.0,"key":"Swift Potion"},{"floor":28.0,"key":"Explosive Potion"},{"floor":35.0,"key":"LifebloodPotion"},{"floor":39.0,"key":"Energy Potion"},{"floor":45.0,"key":"LiquidMemories"},{"floor":46,"key":"PowerPotion"}],"is_trial":false,"path_per_floor":["M","M","M","M","M","E","M","M","T","R","E","R","M","M","R","B",null,"M","T","M","M","M","R","E","R","T","?","M","$","R","M","R","B",null,"M","$","M","M","M","E","R","M","T","M","M","E","$","?","R","B",null,"R","$","E","B"],"character_chosen":"HIEROPHANT","items_purchased":["ReplayTheSpireMod:TigerMarble"],"campfire_rested":4,"item_purchase_floors":[36],"current_hp_per_floor":[81,75,75,66,57,37,37,33,33,33,11,35,35,20,44,27,82,82,82,72,72,71,71,69,69,69,69,78,78,78,72,72,40,82,80,80,70,51,51,47,71,71,71,81,81,40,40,40,64,21,82,82,82,82,0,0],"gold":88,"neow_bonus":"TEN_PERCENT_HP_BONUS","is_daily":false,"chose_seed":false,"campfire_upgraded":3,"win_rate":0.0,"timestamp":1609426709,"path_taken":["M","M","?","M","M","E","M","M","T","R","E","R","M","M","R","BOSS","M","?","M","M","M","R","E","R","T","?","M","$","R","M","R","BOSS","M","$","M","M","M","E","R","M","T","M","M","E","?","?","R","BOSS","R","$","E","BOSS"],"items_purchased_type":["Relic"],"build_version":"2020-12-22","purchased_purges":3,"victory":false,"max_hp_per_floor":[82,82,82,82,82,82,82,82,82,82,82,82,82,82,82,82,82,82,82,82,82,82,82,82,82,82,82,82,82,82,82,82,82,82,82,82,82,82,82,82,82,82,82,82,82,82,82,82,82,82,82,82,82,82,82,82],"card_choices":[{"not_picked":["hierophant:Purify","hierophant:RustyCrate"],"picked":"hierophant:Alms","floor":1.0},{"not_picked":["hierophant:HammerAndAnvil","hierophant:ThreeLashes"],"picked":"hierophant:Smite","floor":2.0},{"not_picked":["hierophant:DisplayOfPower","hierophant:Doomsaying"],"picked":"hierophant:RepressedViolence","floor":3.0},{"not_picked":["hierophant:Zeal","hierophant:RecallFunds"],"picked":"hierophant:Endure","floor":4.0},{"not_picked":["hierophant:Remorse","hierophant:Mercenaries"],"picked":"hierophant:PristineSoul","floor":5.0},{"not_picked":["hierophant:OrnateBuckler","hierophant:Remorse"],"picked":"hierophant:Invocation","floor":6.0},{"not_picked":["hierophant:FieryStrike","hierophant:Community","hierophant:DisplayOfPower"],"picked":"SKIP","floor":7.0},{"not_picked":["hierophant:FieryStrike","hierophant:DisplayOfPower"],"picked":"hierophant:Community","floor":7.0},{"not_picked":["hierophant:TollTheBells","hierophant:OrnateBuckler","hierophant:PassingBell"],"picked":"SKIP","floor":8.0},{"not_picked":["hierophant:AuricBeam","hierophant:HammerAndAnvil","hierophant:PassingBell"],"picked":"SKIP","floor":11.0},{"not_picked":["hierophant:Mercenaries","hierophant:AuricShield","hierophant:Invocation"],"picked":"SKIP","floor":13.0},{"not_picked":["hierophant:ArchangelShield","hierophant:Glossolalia"],"picked":"hierophant:Flagellation","floor":14.0},{"not_picked":["hierophant:MintersHammer","hierophant:Batter"],"picked":"hierophant:Determination","floor":16.0},{"not_picked":["hierophant:RustyCrate+1","hierophant:RepressedViolence","hierophant:CoinFling+1","ReplayTheSpireMod:Uncanny Aura"],"picked":"SKIP","floor":18.0},{"not_picked":["hierophant:HolyVerse","hierophant:RustyCrate","hierophant:PassingBell","REME_ShortnessOfBreath+1"],"picked":"SKIP","floor":20.0},{"not_picked":["hierophant:RepressedViolence","hierophant:AuricShield","hierophant:Encroach"],"picked":"Dramatic Entrance","floor":21.0},{"not_picked":["hierophant:OrnateJavelin","hierophant:ThreeLashes","hierophant:Zeal+1","Bandage Up"],"picked":"SKIP","floor":22.0},{"not_picked":["hierophant:Sermon","hierophant:FlamingChariot","hierophant:SolarFlare+1","ReplayTheSpireMod:Private Reserves"],"picked":"SKIP","floor":24.0},{"not_picked":["hierophant:WrathOfGod","hierophant:RecallFunds","Dramatic Entrance"],"picked":"hierophant:FaithHealing","floor":28.0},{"not_picked":["hierophant:Racketeering","hierophant:Community","hierophant:FlamingChariot+1"],"picked":"Secret Technique","floor":31.0},{"not_picked":["hierophant:Kindle","hierophant:Cornucopia","Replay:Sssssssssstrike"],"picked":"hierophant:DivineIntervention","floor":33.0},{"not_picked":["hierophant:Smite","hierophant:RepressedViolence","hierophant:Remorse+1","Replay:Bootleg Shield Generator+1"],"picked":"SKIP","floor":35.0},{"not_picked":["hierophant:Exaltation","hierophant:AuricBeam+1","hierophant:Sermon+1","Finesse"],"picked":"SKIP","floor":37.0},{"not_picked":["hierophant:PassingBell+1","hierophant:CoinFling","Survey Options+1"],"picked":"hierophant:Anathema","floor":38.0},{"not_picked":["hierophant:Purify+1","hierophant:MorningPrayer","hierophant:CoinFling","REME_BuildACard"],"picked":"SKIP","floor":39.0},{"not_picked":["hierophant:AuricShield","hierophant:CursedGold+1","hierophant:FieryStrike+1"],"picked":"REME_Flogging","floor":40.0},{"not_picked":["hierophant:SealAway","hierophant:HammerAndAnvil","hierophant:Remorse"],"picked":"Panache","floor":42.0},{"not_picked":["hierophant:FieryStrike","hierophant:Cornucopia","hierophant:Purify","Impatience"],"picked":"SKIP","floor":44.0},{"not_picked":["hierophant:HolyVerse","hierophant:MorningPrayer+1","hierophant:Embezzle","REME_EyeOfCthun"],"picked":"SKIP","floor":45.0},{"not_picked":["hierophant:SecretStash+1","hierophant:Glossolalia","hierophant:Remorse","ReplayTheSpireMod:Private Reserves+1"],"picked":"SKIP","floor":46},{"not_picked":["hierophant:ConvertCurrency","hierophant:Remorse+1","hierophant:FlamingChariot+1"],"picked":"Secret Technique","floor":54}],"player_experience":242933,"relics_obtained":[{"floor":6.0,"key":"Bottled Lightning"},{"floor":11.0,"key":"Quantum Egg"},{"floor":17.0,"key":"Centennial Puzzle"},{"floor":17.0,"key":"War Paint"},{"floor":19.0,"key":"Replay:Towering Pillar of Hats"},{"floor":24.0,"key":"Boot"},{"floor":26.0,"key":"Lizard Tail"},{"floor":40.0,"key":"ReplayFunnel"},{"floor":43.0,"key":"Snack Pack"},{"floor":46,"key":"REME_HandOfSuture"},{"floor":54,"key":"Unceasing Top"}],"event_choices":[{"damage_healed":0.0,"max_hp_gain":0.0,"max_hp_loss":0.0,"gold_gain":0.0,"event_name":"Wheel of Change","player_choice":"Cursed","floor":27.0,"gold_loss":0.0,"damage_taken":0.0,"cards_obtained":["Decay"]},{"cards_removed":["LessonLearned"],"damage_healed":0,"gold_gain":0,"player_choice":"Removed Attack","damage_taken":0,"max_hp_gain":0,"max_hp_loss":0,"event_name":"Falling","floor":48,"gold_loss":0}],"is_beta":false,"boss_relics":[{"not_picked":["Black Star","Runic Dome"],"picked":"REME_LowDesire"},{"not_picked":["Astrolabe","Pandora\u0027s Box"],"picked":"Fusion Hammer"}],"items_purged_floors":[29,36,47],"is_endless":false,"potions_floor_spawned":[1,3,4,16,20,22,24,28,35,37,39,45,46],"killed_by":"The Heart","ascension_level":0}}