{"host":"2461dio7vetlq1z3","time":1609426628,"event":{"mods":["2.2 Compatiblity","AchievementEnabler","Aspiration","BaseMod","Better Third Choice","Friendly Minions","Hermit","Minty Spire (QoL Compilation)","Relic Stats","Spicy Shops","StSLib","Waifu the Spire"],"gold_per_floor":[116,132,182,200,200,200,227,227,227,247,281,281,281,301,301,301,301],"floor_reached":16,"playtime":540,"items_purged":[],"score":220,"play_id":"46f3f1c2-cf52-4926-a0c5-11d4094d36a2","local_time":"20201231155708","is_ascension_mode":true,"campfire_choices":[{"data":"Reprogram","floor":6,"key":"SMITH"},{"floor":8,"key":"REST"},{"floor":12,"key":"REST"},{"data":"Hyperbeam","floor":15,"key":"SMITH"}],"circlet_count":0,"master_deck":["AscendersBane","Strike_B","Strike_B","Strike_B","Strike_B","Defend_B","Defend_B","Defend_B","Defend_B","Zap","Dualcast","Compile Driver","Reprogram+1","Sunder","Biased Cognition","Compile Driver","Glacier","Hyperbeam+1","Beam Cell"],"relics":["Cracked Core","aspiration:Nostalgia","PureWater","Ornamental Fan","Cables","Omamori"],"acts_visited":["Exordium"],"potions_floor_usage":[7,16,16],"damage_taken":[{"damage":1,"enemies":"Cultist","floor":1,"turns":3},{"damage":4,"enemies":"Jaw Worm","floor":2,"turns":3},{"damage":6,"enemies":"Small Slimes","floor":4,"turns":3},{"damage":35,"enemies":"3 Sentries","floor":7,"turns":6},{"damage":4,"enemies":"Looter","floor":10,"turns":2},{"damage":33,"enemies":"Lagavulin","floor":11,"turns":5},{"damage":0,"enemies":"2 Fungi Beasts","floor":14,"turns":1},{"damage":23,"enemies":"The Guardian","floor":16,"turns":11}],"seed_played":"4867834369734057118","potions_obtained":[{"floor":1,"key":"SteroidPotion"},{"floor":10,"key":"Explosive Potion"},{"floor":11,"key":"SpeedPotion"}],"is_trial":false,"path_per_floor":["M","M","?","M","?","R","E","R","T","M","E","R","?","M","R","B"],"character_chosen":"DEFECT","items_purchased":[],"campfire_rested":2,"item_purchase_floors":[],"current_hp_per_floor":[63,59,59,53,53,53,18,39,39,35,2,23,23,23,23,0,0],"gold":301,"neow_bonus":"NOSTALGIA","is_daily":false,"chose_seed":false,"campfire_upgraded":2,"win_rate":0.0,"timestamp":1609426628,"path_taken":["M","M","?","?","?","R","E","R","T","M","E","R","?","?","R","BOSS"],"items_purchased_type":[],"build_version":"2020-12-22","purchased_purges":0,"victory":false,"max_hp_per_floor":[71,71,71,71,71,71,71,71,71,71,71,71,71,71,71,71,71],"relic_stats":{"counters":[8,34],"Ornamental Fan":[4],"obtain_stats":[{"aspiration:Nostalgia":0,"Ornamental Fan":7,"Omamori":11,"PureWater":0,"Cracked Core":0,"Cables":9},{"aspiration:Nostalgia":0,"Ornamental Fan":4,"Omamori":6,"PureWater":0,"Cracked Core":0,"Cables":4},{"aspiration:Nostalgia":0,"Ornamental Fan":15,"Omamori":22,"PureWater":0,"Cracked Core":0,"Cables":15}],"Cables":[18,17,1,0,0]},"card_choices":[{"not_picked":["Beam Cell","Leap"],"picked":"Compile Driver","floor":1},{"not_picked":["Barrage","Cold Snap"],"picked":"Reprogram","floor":2},{"not_picked":["Leap","Streamline"],"picked":"Sunder","floor":4},{"not_picked":["Darkness","Hologram"],"picked":"Biased Cognition","floor":7},{"not_picked":["Hologram","Coolheaded"],"picked":"Compile Driver","floor":10},{"not_picked":["FTL","Leap"],"picked":"Glacier","floor":11},{"not_picked":["Ball Lightning","Sweeping Beam"],"picked":"Beam Cell","floor":14}],"player_experience":1041394,"relics_obtained":[{"floor":7,"key":"Ornamental Fan"},{"floor":9,"key":"Cables"},{"floor":11,"key":"Omamori"}],"event_choices":[{"damage_healed":0,"gold_gain":50,"player_choice":"Pray","damage_taken":0,"max_hp_gain":0,"max_hp_loss":0,"event_name":"Golden Shrine","floor":3,"gold_loss":0},{"damage_healed":0,"gold_gain":0,"player_choice":"Ignored","damage_taken":200,"max_hp_gain":0,"max_hp_loss":0,"event_name":"betterThird:BetterSerpent","floor":5,"gold_loss":0},{"damage_healed":0,"gold_gain":0,"player_choice":"1 cards matched","damage_taken":0,"max_hp_gain":0,"max_hp_loss":0,"event_name":"Match and Keep!","floor":13,"gold_loss":0,"cards_obtained":["Hyperbeam"]}],"is_beta":false,"boss_relics":[],"items_purged_floors":[],"is_endless":false,"potions_floor_spawned":[1,10,11,14],"killed_by":"The Guardian","ascension_level":20}}