{"host":"5gc11emcm5chfr5t","time":1609411305,"event":{"mods":["2.2 Compatiblity","AchievementEnabler","BaseMod","Bestiary","Better Note","Colored Map","Colored Powertips","Downfall","Googly Eyes","Minty Spire (QoL Compilation)","Rare Cards Sparkle","StSLib"],"gold_per_floor":[116,179,189,189,189,215,215,249,298,298,16,36,56,56,56,149,149,162,176,176,18,18,62,62,83,134,134,184,222,243,158,158,257,257,281,297,33,91,5,5,38,38,38],"floor_reached":42,"playtime":2071,"items_purged":[],"score":1065,"play_id":"ec142793-11bd-4a9e-b5ce-9cac8137aa3d","local_time":"20201231054145","is_ascension_mode":true,"campfire_choices":[{"floor":7,"key":"REST"},{"floor":10,"key":"RECALL"},{"floor":15,"key":"REST"},{"floor":24,"key":"REST"},{"floor":32,"key":"REST"},{"floor":40,"key":"REST"}],"circlet_count":0,"master_deck":["AscendersBane","sneckomod:Strike","sneckomod:Strike","sneckomod:Strike","sneckomod:Defend","sneckomod:Defend","sneckomod:Defend","sneckomod:TailWhip","sneckomod:SnekBite","sneckomod:Unknown","sneckomod:Unknown","sneckomod:UnknownStrength","sneckomod:UnknownClassBLUE+1","sneckomod:WideSting","sneckomod:QuickMove","sneckomod:QuickBite","sneckomod:DiceBoulder","sneckomod:QuickMove+1","sneckomod:MorePower","sneckomod:UnknownDexterity+1","sneckomod:UnknownUncommonPower+1","sneckomod:UnknownClassRED+1","sneckomod:SerpentMind","sneckomod:UnknownClassGREEN+1","sneckomod:UnlimitedRolls","sneckomod:UnknownExhaust+1","sneckomod:QuickBite+1","sneckomod:UnknownRarePower+1","sneckomod:QuickMove","sneckomod:SoulRoll","sneckomod:TrashToTreasure","sneckomod:Unknown3Cost+1","sneckomod:UnknownColorless","CurseOfTheBell","sneckomod:UnknownRareSkill+1","sneckomod:MasterEye","sneckomod:UnknownColorless+1","sneckomod:WideSting+1","Mayhem","sneckomod:UnknownUncommonPower","sneckomod:UnknownClassRED+1","sneckomod:UnknownRareAttack","sneckomod:DiceBlock","sneckomod:Unknown3Cost+1","sneckomod:Mudshield"],"relics":["Philosopher\u0027s Stone","Mummified Hand","Question Card","Potion Belt","Orichalcum","Golden Idol","Snecko Eye","Lee\u0027s Waffle","War Paint","sneckomod:LoadedDie","Dream Catcher","Centennial Puzzle","WingedGreaves","Calling Bell","Toy Ornithopter","Blue Candle","Thread and Needle","Peace Pipe","Nunchaku","Bag of Marbles"],"acts_visited":["Exordium","TheCity","TheBeyond"],"potions_floor_usage":[16,16,18,19,30,38,41],"damage_taken":[{"damage":0,"enemies":"Cultist","floor":1,"turns":4},{"damage":0,"enemies":"Jaw Worm","floor":3,"turns":3},{"damage":19,"enemies":"Lagavulin","floor":6,"turns":8},{"damage":28,"enemies":"Gremlin Nob","floor":8,"turns":4},{"damage":0,"enemies":"Small Slimes","floor":12,"turns":2},{"damage":6,"enemies":"2 Fungi Beasts","floor":13,"turns":3},{"damage":49,"enemies":"The Guardian","floor":16,"turns":13},{"damage":34,"enemies":"Chosen","floor":18,"turns":6},{"damage":24,"enemies":"3 Byrds","floor":19,"turns":4},{"damage":36,"enemies":"Slavers","floor":23,"turns":4},{"damage":27,"enemies":"Centurion and Healer","floor":25,"turns":5},{"damage":6,"enemies":"Gremlin Leader","floor":29,"turns":3},{"damage":14,"enemies":"Shelled Parasite and Fungi","floor":30,"turns":2},{"damage":37,"enemies":"Collector","floor":33,"turns":6},{"damage":0,"enemies":"3 Darklings","floor":35,"turns":3},{"damage":3,"enemies":"3 Shapes","floor":36,"turns":2},{"damage":50,"enemies":"2 Orb Walkers","floor":38,"turns":4},{"damage":49,"enemies":"Reptomancer","floor":41,"turns":7},{"damage":32,"enemies":"3 Darklings","floor":42,"turns":2}],"seed_played":"5716194267961779388","potions_obtained":[{"floor":6,"key":"Weak Potion"},{"floor":13,"key":"sneckomod:DiceRollPotion"},{"floor":16,"key":"GamblersBrew"},{"floor":18,"key":"EssenceOfSteel"},{"floor":23,"key":"Block Potion"},{"floor":33,"key":"Fire Potion"},{"floor":35,"key":"Energy Potion"}],"is_trial":false,"path_per_floor":["M","?","M","T","?","E","R","E","T","R","$","M","M","?","R","B",null,"M","M","?","$","?","E","R","M","T","?","T","E","M","?","R","B",null,"M","M","$","?","?","R","E","M"],"character_chosen":"THE_SNECKO","items_purchased":["Orichalcum","sneckomod:QuickMove","sneckomod:QuickBite","Lee\u0027s Waffle","Mayhem","sneckomod:UnknownUncommonPower"],"campfire_rested":5,"item_purchase_floors":[11,11,11,21,37,37],"current_hp_per_floor":[75,75,75,75,75,56,80,52,52,52,52,52,46,46,68,19,61,37,13,13,82,70,38,62,41,41,41,41,35,31,31,55,23,67,69,78,78,32,32,56,22,0,0],"gold":38,"neow_bonus":"BOSS_RELIC","is_daily":false,"chose_seed":false,"campfire_upgraded":0,"win_rate":0.0,"timestamp":1609411305,"path_taken":["M","?","M","?","?","E","R","E","T","R","$","M","M","?","R","BOSS","M","M","?","$","?","E","R","?","T","?","?","E","?","?","R","BOSS","M","M","$","?","?","R","E","?"],"items_purchased_type":["Relic","Card","Card","Relic","Card","Card"],"build_version":"2020-12-22","purchased_purges":0,"victory":false,"max_hp_per_floor":[83,83,83,83,83,83,83,83,83,83,83,83,83,75,75,75,75,75,75,75,82,82,82,82,82,82,82,82,82,82,82,82,82,82,82,82,82,82,82,82,82,82,82],"card_choices":[{"not_picked":["sneckomod:SerpentIdol","sneckomod:SoulRoll"],"picked":"sneckomod:UnknownStrength","floor":1},{"not_picked":["sneckomod:UnknownStrike","sneckomod:UnknownWeak"],"picked":"sneckomod:UnknownClassBLUE","floor":3},{"not_picked":["sneckomod:MixItUp","sneckomod:SoulDraw","sneckomod:DiceCrush"],"picked":"SKIP","floor":6},{"not_picked":["sneckomod:UnknownClassPURPLE","sneckomod:UnknownUncommonPower"],"picked":"sneckomod:WideSting","floor":8},{"not_picked":["sneckomod:UnknownCommonAttack","sneckomod:UnknownEthereal","sneckomod:DefensiveFlair"],"picked":"sneckomod:DiceBoulder","floor":12},{"not_picked":["sneckomod:IronFang","sneckomod:DiceBoulder","sneckomod:UnknownCommonSkill"],"picked":"sneckomod:QuickMove","floor":13},{"not_picked":["sneckomod:Restock","sneckomod:Transmogrify","sneckomod:SoulExchange"],"picked":"sneckomod:MorePower","floor":16},{"not_picked":["sneckomod:UnknownEthereal+1","sneckomod:UnknownStrike+1","sneckomod:UnknownCommonSkill+1"],"picked":"sneckomod:UnknownDexterity+1","floor":18},{"not_picked":["sneckomod:IronFang","sneckomod:CheapStock","sneckomod:UnknownStrength"],"picked":"sneckomod:UnknownUncommonPower+1","floor":18},{"not_picked":["sneckomod:UnknownUncommonSkill+1","sneckomod:UnknownCommonAttack+1","sneckomod:UnknownUncommonAttack+1"],"picked":"sneckomod:UnknownClassRED+1","floor":19},{"not_picked":["sneckomod:RainOfDice","sneckomod:Nope","sneckomod:IronFang+1"],"picked":"sneckomod:SerpentMind","floor":19},{"not_picked":["sneckomod:UnknownX+1","sneckomod:UnknownClassBLUE+1","sneckomod:UnknownDexterity+1"],"picked":"sneckomod:UnknownClassGREEN+1","floor":23},{"not_picked":["sneckomod:SlitherStrike+1","sneckomod:WideSting","sneckomod:UnknownStrike"],"picked":"sneckomod:UnlimitedRolls","floor":23},{"not_picked":["sneckomod:UnknownDexterity+1","sneckomod:UnknownClassRED+1","sneckomod:Unknown2Cost+1"],"picked":"sneckomod:UnknownExhaust+1","floor":25},{"not_picked":["sneckomod:DiceCrush","sneckomod:UnknownCommonSkill","sneckomod:Nope"],"picked":"sneckomod:QuickBite+1","floor":25},{"not_picked":["sneckomod:UnknownDexterity+1","sneckomod:Unknown1Cost+1","sneckomod:UnknownBlock+1"],"picked":"sneckomod:UnknownRarePower+1","floor":29},{"not_picked":["sneckomod:UnknownEthereal+1","sneckomod:IronFang","sneckomod:UnknownCommonSkill"],"picked":"sneckomod:QuickMove","floor":29},{"not_picked":["sneckomod:UnknownStrike","sneckomod:DiceCrush","sneckomod:UnknownVulnerable+1"],"picked":"sneckomod:SoulRoll","floor":30},{"not_picked":["sneckomod:UnknownDexterity","sneckomod:RainOfDice","sneckomod:UnknownStrike"],"picked":"sneckomod:TrashToTreasure","floor":32},{"not_picked":["sneckomod:UnknownUncommonSkill+1","sneckomod:UnknownWeak+1","sneckomod:UnknownClassPURPLE+1"],"picked":"sneckomod:Unknown3Cost+1","floor":33},{"not_picked":["sneckomod:Transmogrify","sneckomod:SerpentMind","sneckomod:UnknownRareAttack"],"picked":"sneckomod:UnknownColorless","floor":33},{"not_picked":["sneckomod:UnknownWeak+1","sneckomod:Unknown3Cost+1","sneckomod:UnknownClassBLUE+1"],"picked":"sneckomod:UnknownRareSkill+1","floor":35},{"not_picked":["sneckomod:UnknownClassGUARDIAN+1","sneckomod:UnknownVulnerable","sneckomod:Nope"],"picked":"sneckomod:MasterEye","floor":35},{"not_picked":["sneckomod:UnknownClassBLUE+1","sneckomod:UnknownUncommonSkill+1","sneckomod:UnknownStrength+1"],"picked":"sneckomod:UnknownColorless+1","floor":36},{"not_picked":["sneckomod:Unknown0Cost+1","sneckomod:UnknownBlock","sneckomod:UnknownCommonSkill"],"picked":"sneckomod:WideSting+1","floor":36},{"not_picked":["sneckomod:Unknown0Cost+1","sneckomod:UnknownClassPURPLE+1","sneckomod:UnknownUncommonSkill+1"],"picked":"sneckomod:UnknownClassRED+1","floor":38},{"not_picked":["sneckomod:SerpentIdol+1","sneckomod:UnknownWeak","sneckomod:WideSting"],"picked":"sneckomod:UnknownRareAttack","floor":38},{"not_picked":["sneckomod:DiceCrush+1","sneckomod:UnknownClassRED+1","sneckomod:UnknownVulnerable"],"picked":"sneckomod:DiceBlock","floor":40},{"not_picked":["sneckomod:UnknownCommonAttack+1","sneckomod:UnknownClassBLUE+1","sneckomod:UnknownEthereal+1"],"picked":"sneckomod:Unknown3Cost+1","floor":41},{"not_picked":["sneckomod:SoulCleanse+1","sneckomod:UnknownDexterity","sneckomod:UnknownEthereal"],"picked":"sneckomod:Mudshield","floor":41}],"player_experience":509495,"relics_obtained":[{"floor":6,"key":"Mummified Hand"},{"floor":8,"key":"Question Card"},{"floor":9,"key":"Potion Belt"},{"floor":23,"key":"War Paint"},{"floor":26,"key":"sneckomod:LoadedDie"},{"floor":28,"key":"Dream Catcher"},{"floor":29,"key":"Centennial Puzzle"},{"floor":34,"key":"Toy Ornithopter"},{"floor":34,"key":"Blue Candle"},{"floor":34,"key":"Thread and Needle"},{"floor":38,"key":"Peace Pipe"},{"floor":41,"key":"Bag of Marbles"}],"event_choices":[{"damage_healed":0,"gold_gain":63,"player_choice":"Gained Gold","damage_taken":0,"max_hp_gain":0,"max_hp_loss":0,"event_name":"Golden Wing","floor":2,"gold_loss":0},{"damage_healed":0,"gold_gain":0,"player_choice":"Leave","damage_taken":0,"max_hp_gain":0,"max_hp_loss":0,"event_name":"The Cleric","floor":5,"gold_loss":0},{"damage_healed":0,"gold_gain":0,"player_choice":"Lose Max HP","damage_taken":0,"relics_obtained":["Golden Idol"],"max_hp_gain":0,"max_hp_loss":8,"event_name":"Golden Idol","floor":14,"gold_loss":0},{"damage_healed":0,"gold_gain":0,"player_choice":"Ignored","damage_taken":0,"max_hp_gain":0,"max_hp_loss":0,"event_name":"Beggar","floor":20,"gold_loss":0},{"damage_healed":0,"gold_gain":0,"player_choice":"Damaged","damage_taken":12,"max_hp_gain":0,"max_hp_loss":0,"event_name":"Wheel of Change","floor":22,"gold_loss":0},{"damage_healed":0,"gold_gain":0,"player_choice":"Ignored","damage_taken":0,"max_hp_gain":0,"max_hp_loss":0,"event_name":"Vampires","floor":27,"gold_loss":0},{"damage_healed":0,"gold_gain":0,"player_choice":"Obtained Relic","damage_taken":0,"relics_obtained":["WingedGreaves"],"max_hp_gain":0,"max_hp_loss":0,"event_name":"Addict","floor":31,"gold_loss":85},{"damage_healed":0,"gold_gain":0,"player_choice":"Fight","damage_taken":0,"max_hp_gain":0,"max_hp_loss":0,"event_name":"Mysterious Sphere","floor":38,"gold_loss":0},{"damage_healed":0,"gold_gain":0,"player_choice":"Paid Gold","damage_taken":0,"relics_obtained":["Nunchaku"],"max_hp_gain":0,"max_hp_loss":0,"event_name":"WeMeetAgain","floor":39,"gold_loss":86}],"is_beta":false,"boss_relics":[{"not_picked":["Astrolabe","Coffee Dripper"],"picked":"Snecko Eye"},{"not_picked":["Sozu","Runic Pyramid"],"picked":"Calling Bell"}],"items_purged_floors":[],"is_endless":false,"potions_floor_spawned":[6,13,16,18,23,33,35],"killed_by":"3 Darklings","ascension_level":20}}