{"host":"se62q65hiqxz7cab","time":1609386358,"event":{"mods":["Act Like it!","BaseMod","Colored Map","Minty Spire (QoL Compilation)","Replay The Spire","StSLib","The Bug Knight","The Cursed"],"gold_per_floor":[217,232,251,251,304,304,304,304,304,315,76,89,89,89,89,187,187,207,207,207,91,108,108,121,121,121,121,131,131,131],"floor_reached":29,"playtime":1033,"items_purged":[],"score":238,"play_id":"a107e1f6-8e36-4d72-9eaf-e769a40e8287","local_time":"20201231114558","is_ascension_mode":false,"campfire_choices":[{"data":"HollowMod:MothsMistake","floor":6,"key":"SMITH"},{"data":"HollowMod:DashSlash","floor":8,"key":"SMITH"},{"data":"HollowMod:BrokenVessel","floor":13,"key":"SMITH"},{"floor":15,"key":"REST"},{"floor":23,"key":"REST"},{"floor":25,"key":"REST"},{"floor":27,"key":"REST"}],"circlet_count":0,"master_deck":["HollowMod:NailStrikeStart+1","HollowMod:NailStrikeStart","HollowMod:NailStrikeStart","HollowMod:NailStrikeStart","HollowMod:QuickDashStart+1","HollowMod:QuickDashStart","HollowMod:QuickDashStart","HollowMod:QuickDashStart","HollowMod:FocusHealStart","HollowMod:PogoStrike","HollowMod:MothsMistake+1","HollowMod:NewJinnsSoul","HollowMod:MonarchWings","HollowMod:DashSlash+1","HollowMod:BrokenVessel+1","HollowMod:NewGlowingWomb","HollowMod:InfectedCysts","HollowMod:ChannelNail+1","HollowMod:MothsMistake","HollowMod:MonomonsArchive","HollowMod:NewGlowingWomb+1","HollowMod:TaintedHusks","HollowMod:LifebloodCore"],"relics":["HollowMod:VesselMask","Pen Nib","Prayer Wheel","Kunai","SlaversCollar","MutagenicStrength","Replay:Baseball","Pear"],"acts_visited":["Exordium","TheCity"],"potions_floor_usage":[22,29],"damage_taken":[{"damage":2,"enemies":"2 Louse","floor":1,"turns":3},{"damage":0,"enemies":"Small Slimes","floor":2,"turns":4},{"damage":6,"enemies":"Jaw Worm","floor":3,"turns":6},{"damage":1,"enemies":"Large Slime","floor":10,"turns":4},{"damage":4,"enemies":"Blue Slaver","floor":12,"turns":3},{"damage":38,"enemies":"The Guardian","floor":16,"turns":10},{"damage":20,"enemies":"Chosen","floor":18,"turns":5},{"damage":44,"enemies":"2 Thieves","floor":22,"turns":4},{"damage":26,"enemies":"Sentry and Sphere","floor":24,"turns":6},{"damage":29,"enemies":"3 Cultists","floor":28,"turns":4},{"damage":63,"enemies":"Slavers","floor":29,"turns":3}],"seed_played":"-4096779388064024177","potions_obtained":[{"floor":1,"key":"DuplicationPotion"},{"floor":3,"key":"Languid Potion"},{"floor":5,"key":"EssenceOfSteel"},{"floor":22,"key":"GamblersBrew"}],"is_trial":false,"path_per_floor":["M","M","M","?","?","R","?","R","T","M","$","M","R","?","R","B",null,"M","?","?","$","M","R","M","R","T","R","M","E"],"character_chosen":"THE_BUGKNIGHT","items_purchased":["Kunai","HollowMod:MothsMistake","HollowMod:MonomonsArchive"],"campfire_rested":4,"item_purchase_floors":[11,21,21],"current_hp_per_floor":[75,75,69,74,74,74,56,56,56,61,61,57,57,41,65,33,80,66,66,66,66,22,46,20,44,54,81,58,0,0],"gold":131,"neow_bonus":"HUNDRED_GOLD","is_daily":false,"chose_seed":false,"campfire_upgraded":3,"win_rate":0.0,"timestamp":1609386358,"path_taken":["M","M","M","?","?","R","?","R","T","M","?","M","R","?","R","BOSS","M","?","?","$","M","R","M","R","T","R","M","E"],"items_purchased_type":["Relic","Card","Card"],"build_version":"2020-12-22","purchased_purges":0,"victory":false,"max_hp_per_floor":[75,75,75,80,80,80,80,80,80,80,80,80,80,80,80,80,80,80,80,80,80,80,80,80,80,90,90,90,90,90],"card_choices":[{"not_picked":["HollowMod:DescendingDark","HollowMod:WraithStrike"],"picked":"HollowMod:MothsMistake","floor":1},{"not_picked":["HollowMod:WraithStrike","HollowMod:CycloneSlash"],"picked":"HollowMod:NewJinnsSoul","floor":2},{"not_picked":["HollowMod:LuriensSpire","HollowMod:VengefulVoid"],"picked":"HollowMod:MonarchWings","floor":3},{"not_picked":["HollowMod:HuntersJournal","HollowMod:CloakDash"],"picked":"HollowMod:DashSlash","floor":5},{"not_picked":["HollowMod:ChannelNail","HollowMod:SharpenedShadows"],"picked":"HollowMod:BrokenVessel","floor":10},{"not_picked":["HollowMod:PureNailStrike","HollowMod:LifebloodCocoon","HollowMod:HeavyBlow"],"picked":"SKIP","floor":10},{"not_picked":["HollowMod:DashSlash","HollowMod:HornetsHelp"],"picked":"HollowMod:NewGlowingWomb","floor":12},{"not_picked":["HollowMod:CycloneSlash","HollowMod:BrokenVessel"],"picked":"HollowMod:InfectedCysts","floor":12},{"not_picked":["HollowMod:WraithStrike+1","HollowMod:BlackTendrils"],"picked":"HollowMod:ChannelNail+1","floor":18},{"not_picked":["HollowMod:NewJinnsSoul","HollowMod:BlackTendrils","HollowMod:MonarchWings"],"picked":"SKIP","floor":18},{"not_picked":["HollowMod:SoulShaman+1","HollowMod:ShadowDash","HollowMod:HeavyBlow"],"picked":"SKIP","floor":22},{"not_picked":["HollowMod:HeavyBlow+1","HollowMod:GrimmsGift","HollowMod:PerfectDash"],"picked":"SKIP","floor":22},{"not_picked":["HollowMod:VengefulVoid","HollowMod:NewLittleFool+1"],"picked":"HollowMod:NewGlowingWomb+1","floor":24},{"not_picked":["HollowMod:SoulStrike","HollowMod:InfectedCysts"],"picked":"HollowMod:TaintedHusks","floor":24},{"not_picked":["HollowMod:GrimmsGift","HollowMod:DescendingDark"],"picked":"HollowMod:LifebloodCore","floor":28},{"not_picked":["HollowMod:SoulStrike","HollowMod:NewJinnsSoul","HollowMod:BlackTendrils"],"picked":"SKIP","floor":28}],"player_experience":144663,"relics_obtained":[{"floor":9,"key":"Prayer Wheel"},{"floor":26,"key":"Pear"}],"event_choices":[{"damage_healed":0,"gold_gain":0,"player_choice":"Donut","damage_taken":0,"max_hp_gain":5,"max_hp_loss":0,"event_name":"Big Fish","floor":4,"gold_loss":0},{"damage_healed":0,"gold_gain":0,"player_choice":"Success","damage_taken":18,"relics_obtained":["Pen Nib"],"max_hp_gain":0,"max_hp_loss":0,"event_name":"Scrap Ooze","floor":7,"gold_loss":0},{"damage_healed":0,"gold_gain":0,"player_choice":"Entered Light","damage_taken":16,"max_hp_gain":0,"max_hp_loss":0,"event_name":"Shining Light","floor":14,"gold_loss":0,"cards_upgraded":["HollowMod:QuickDashStart","HollowMod:NailStrikeStart"]},{"damage_healed":0,"gold_gain":0,"player_choice":"Inject Mutagens","damage_taken":0,"relics_obtained":["MutagenicStrength"],"max_hp_gain":0,"max_hp_loss":0,"event_name":"Drug Dealer","floor":19,"gold_loss":0},{"damage_healed":0,"gold_gain":0,"player_choice":"Gave Potion","damage_taken":0,"relics_obtained":["Replay:Baseball"],"max_hp_gain":0,"max_hp_loss":0,"event_name":"WeMeetAgain","floor":20,"gold_loss":0}],"is_beta":false,"boss_relics":[{"not_picked":["SacredBark","Pandora\u0027s Box"],"picked":"SlaversCollar"}],"items_purged_floors":[],"is_endless":false,"potions_floor_spawned":[1,3,12,16,18,22],"killed_by":"Slavers","ascension_level":0}}