{"host":"qwttrqaysb380yri","time":1609418380,"event":{"mods":["BaseMod","Custom Start","Minty Spire (QoL Compilation)","Permanent Neow","Puzzle Mod","Relic Stats","StSLib","The Hierophant"],"gold_per_floor":[167,167,237,237,36,101,155,155,180,210,210,268,295,401,401,496,496,582,608,691,691,317,439,439,523,523,523,338,447,523,620,620,564,564],"floor_reached":33,"playtime":994,"items_purged":["hierophant:Strike_Hierophant","hierophant:Strike_Hierophant"],"score":667,"play_id":"939a586c-d27e-437d-849d-846537ecc6b3","local_time":"20201231133940","is_ascension_mode":true,"campfire_choices":[{"data":"hierophant:BulkyChest","floor":8,"key":"SMITH"},{"floor":11,"key":"REST"},{"data":"hierophant:Mercenaries","floor":15,"key":"SMITH"},{"floor":24,"key":"REST"},{"data":"hierophant:Purify","floor":27,"key":"SMITH"},{"data":"hierophant:Exaltation","floor":32,"key":"SMITH"}],"circlet_count":0,"master_deck":["AscendersBane","hierophant:Strike_Hierophant","hierophant:Punish","hierophant:Defend_Hierophant","hierophant:Defend_Hierophant","hierophant:Defend_Hierophant","hierophant:ChurchCoffers","hierophant:BulkyChest+1","hierophant:Exaltation+1","hierophant:Mercenaries+1","hierophant:HolyVerse+1","hierophant:FieryStrike","hierophant:RepressedViolence","hierophant:OrnateBuckler","hierophant:Doubloon+1","hierophant:Remorse","hierophant:Doubloon","hierophant:Remorse","hierophant:DivineIntervention","hierophant:Bribe","hierophant:OrnateBuckler+1","hierophant:OrnateJavelin","hierophant:FlamingChariot","hierophant:Encroach","hierophant:Sermon","hierophant:Purify+1","hierophant:Doubloon","hierophant:Remorse","Trip","hierophant:Doubloon","hierophant:Remorse","hierophant:Doubloon","hierophant:Endure"],"relics":["hierophant:PropheticMaskRelic","MealTicket","Centennial Puzzle","Tiny Chest","Mercury Hourglass","War Paint","Sozu","Dream Catcher","Medical Kit","Meat on the Bone","Shovel","Lizard Tail","Ancient Tea Set"],"acts_visited":["Exordium","TheCity"],"potions_floor_usage":[3,10,16,23],"damage_taken":[{"damage":0,"enemies":"Small Slimes","floor":1,"turns":3},{"damage":2,"enemies":"2 Louse","floor":3,"turns":2},{"damage":32,"enemies":"Gremlin Nob","floor":6,"turns":4},{"damage":6,"enemies":"Cultist","floor":7,"turns":3},{"damage":15,"enemies":"3 Sentries","floor":10,"turns":6},{"damage":11,"enemies":"Exordium Thugs","floor":12,"turns":4},{"damage":0,"enemies":"Gremlin Gang","floor":14,"turns":1},{"damage":3,"enemies":"Hexaghost","floor":16,"turns":4},{"damage":17,"enemies":"2 Thieves","floor":18,"turns":2},{"damage":3,"enemies":"Spheric Guardian","floor":20,"turns":3},{"damage":12,"enemies":"Slavers","floor":23,"turns":3},{"damage":6,"enemies":"Book of Stabbing","floor":25,"turns":2},{"damage":2,"enemies":"Cultist and Chosen","floor":29,"turns":3},{"damage":12,"enemies":"Gremlin Leader","floor":30,"turns":4},{"damage":11,"enemies":"Chosen and Byrds","floor":31,"turns":3},{"damage":37,"enemies":"Champ","floor":33,"turns":8}],"seed_played":"-8055775194883013032","potions_obtained":[{"floor":1,"key":"Block Potion"},{"floor":6,"key":"ColorlessPotion"},{"floor":12,"key":"GamblersBrew"},{"floor":16,"key":"FearPotion"}],"is_trial":false,"path_per_floor":["M","?","M","?","$","E","M","R","T","E","R","M","T","M","R","B",null,"M","T","M","?","$","E","R","E","T","R","$","M","E","M","R","B"],"character_chosen":"HIEROPHANT","items_purchased":["MealTicket","hierophant:HolyVerse","hierophant:OrnateJavelin","hierophant:FlamingChariot","hierophant:Encroach","Medical Kit","Trip"],"campfire_rested":2,"item_purchase_floors":[5,5,22,22,22,22,28],"current_hp_per_floor":[68,61,59,59,59,27,21,21,21,6,26,15,15,15,15,12,54,37,37,34,34,49,37,57,51,51,51,66,64,52,41,41,4,4],"gold":564,"neow_bonus":"THREE_RARE_CARDS","is_daily":false,"chose_seed":false,"campfire_upgraded":4,"win_rate":0.0,"timestamp":1609418380,"path_taken":["M","?","M","?","$","E","M","R","T","E","R","?","?","?","R","BOSS","M","?","M","?","$","E","R","E","T","R","$","M","E","M","R","BOSS"],"items_purchased_type":["Relic","Card","Card","Card","Card","Relic","Card"],"build_version":"2020-12-22","purchased_purges":2,"victory":false,"max_hp_per_floor":[68,68,68,68,68,68,68,68,68,68,68,68,68,68,68,68,68,68,68,68,68,68,68,68,68,68,68,68,68,68,68,68,68,68],"relic_stats":{"counters":[16,55],"War Paint":["hierophant:Doubloon","hierophant:HolyVerse"],"Medical Kit":[0],"Mercury Hourglass":[153],"Sozu":4,"Centennial Puzzle":[36],"Dream Catcher":1,"Lizard Tail":0,"Shovel":0,"MealTicket":30,"Tiny Chest":1,"obtain_stats":[{"hierophant:PropheticMaskRelic":0,"War Paint":13,"Medical Kit":22,"Ancient Tea Set":30,"Mercury Hourglass":10,"Sozu":17,"Centennial Puzzle":6,"Dream Catcher":19,"Lizard Tail":26,"Shovel":25,"MealTicket":5,"Tiny Chest":9,"Meat on the Bone":23},{"hierophant:PropheticMaskRelic":0,"War Paint":6,"Medical Kit":10,"Ancient Tea Set":14,"Mercury Hourglass":5,"Sozu":8,"Centennial Puzzle":3,"Dream Catcher":9,"Lizard Tail":12,"Shovel":12,"MealTicket":2,"Tiny Chest":4,"Meat on the Bone":11},{"hierophant:PropheticMaskRelic":0,"War Paint":22,"Medical Kit":32,"Ancient Tea Set":44,"Mercury Hourglass":18,"Sozu":27,"Centennial Puzzle":9,"Dream Catcher":29,"Lizard Tail":37,"Shovel":37,"MealTicket":5,"Tiny Chest":12,"Meat on the Bone":35}],"Meat on the Bone":0},"card_choices":[{"not_picked":["hierophant:AuricForm","hierophant:Cornucopia"],"picked":"hierophant:BulkyChest","floor":0},{"not_picked":["hierophant:DisplayOfPower","hierophant:Patience"],"picked":"hierophant:Exaltation","floor":1},{"not_picked":["hierophant:Repentance","hierophant:Smite"],"picked":"hierophant:Mercenaries","floor":3},{"not_picked":["hierophant:RepressedViolence","hierophant:Cornucopia"],"picked":"hierophant:FieryStrike","floor":6},{"not_picked":["hierophant:Endure","hierophant:Encroach"],"picked":"hierophant:RepressedViolence","floor":7},{"not_picked":["hierophant:MorningPrayer","hierophant:Levitation"],"picked":"hierophant:OrnateBuckler","floor":10},{"not_picked":["hierophant:PassingBell","hierophant:Doubloon"],"picked":"hierophant:Remorse","floor":12},{"not_picked":["hierophant:PristineSoul","hierophant:HammerAndAnvil"],"picked":"hierophant:Remorse","floor":14},{"not_picked":["hierophant:Levitation","hierophant:WrathOfGod"],"picked":"hierophant:DivineIntervention","floor":16},{"not_picked":["hierophant:Sermon","hierophant:Encroach"],"picked":"hierophant:Bribe","floor":18},{"not_picked":["hierophant:AuricBeam","hierophant:ArchangelShield"],"picked":"hierophant:OrnateBuckler+1","floor":20},{"not_picked":["hierophant:LocustPlague","hierophant:SecretStash"],"picked":"hierophant:Sermon","floor":23},{"not_picked":["hierophant:FlamingChariot","hierophant:Doubloon"],"picked":"hierophant:Purify","floor":24},{"not_picked":["hierophant:Exaltation","hierophant:AuricBeam"],"picked":"hierophant:Remorse","floor":25},{"not_picked":["hierophant:OrnateJavelin","hierophant:RepressedViolence"],"picked":"hierophant:Remorse","floor":29},{"not_picked":["hierophant:PassingBell","hierophant:Empathy"],"picked":"hierophant:Doubloon","floor":30},{"not_picked":["hierophant:Generosity","hierophant:MorningPrayer"],"picked":"hierophant:Endure","floor":31}],"player_experience":1970434,"relics_obtained":[{"floor":6,"key":"Centennial Puzzle"},{"floor":9,"key":"Tiny Chest"},{"floor":10,"key":"Mercury Hourglass"},{"floor":13,"key":"War Paint"},{"floor":19,"key":"Dream Catcher"},{"floor":23,"key":"Meat on the Bone"},{"floor":25,"key":"Shovel"},{"floor":26,"key":"Lizard Tail"},{"floor":30,"key":"Ancient Tea Set"}],"event_choices":[{"cards_removed":["hierophant:Defend_Hierophant"],"damage_healed":0,"gold_gain":0,"player_choice":"Card Removal","damage_taken":7,"max_hp_gain":0,"max_hp_loss":0,"event_name":"Golden Wing","floor":2,"gold_loss":0},{"cards_removed":["hierophant:Strike_Hierophant"],"damage_healed":0,"gold_gain":0,"player_choice":"Purged","damage_taken":0,"max_hp_gain":0,"max_hp_loss":0,"event_name":"Purifier","floor":4,"gold_loss":0},{"damage_healed":0,"gold_gain":0,"player_choice":"Ignored","damage_taken":0,"max_hp_gain":0,"max_hp_loss":0,"event_name":"Ghosts","floor":21,"gold_loss":0}],"is_beta":false,"boss_relics":[{"not_picked":["Pandora\u0027s Box","Coffee Dripper"],"picked":"Sozu"}],"items_purged_floors":[22,28],"is_endless":false,"potions_floor_spawned":[1,6,12,16,18,23,29,30],"killed_by":"Champ","ascension_level":15}}