{"host":"59ckh7bj2z84pzgo","time":1609414428,"event":{"mods":["BaseMod","Better Vampires","Marked Mod","Minty Spire (QoL Compilation)","Replay The Spire","Spicy Shops","StSLib","TestMod","TheWitcher","°æ“≈ŒÔø®≈∆°øREMEMod","≤–¡Ù÷ÆŒÔ"],"gold_per_floor":[109,151,161,174,174,174,174],"floor_reached":6,"playtime":1345,"items_purged":[],"score":76,"play_id":"c5d85c15-936b-42ff-afc4-8fb48355206c","local_time":"20201231193348","is_ascension_mode":true,"campfire_choices":[],"circlet_count":0,"master_deck":["AscendersBane","Strike_B","Strike_B","Strike_B","Defend_B","Defend_B","Defend_B","Zap","Dualcast","PlaceholderMod:Inner","Panic Button","Redo","Reinforced Body","Multi-Cast","Fission"],"relics":["Cracked Core","REME_ComplimentaryCards","testmod-TestBox","testmod-AscensionHeart"],"acts_visited":["Exordium"],"potions_floor_usage":[2,6],"damage_taken":[{"damage":4,"enemies":"Jaw Worm","floor":1,"turns":3},{"damage":0,"enemies":"Cultist","floor":2,"turns":3},{"damage":5,"enemies":"2 Louse","floor":3,"turns":3},{"damage":8,"enemies":"Red Slaver","floor":4,"turns":4},{"damage":36,"enemies":"Lagavulin","floor":6,"turns":6}],"seed_played":"4828926143203139715","potions_obtained":[{"floor":1,"key":"REME_GoldPotion"},{"floor":3,"key":"Toxic Potion"}],"is_trial":false,"path_per_floor":["M","M","M","M","?","E"],"character_chosen":"DEFECT","items_purchased":[],"campfire_rested":0,"item_purchase_floors":[],"current_hp_per_floor":[61,65,61,54,54,22,22],"gold":174,"neow_bonus":"REMOVE_CARD","is_daily":false,"chose_seed":false,"campfire_upgraded":0,"win_rate":0.0,"timestamp":1609414428,"path_taken":["M","M","M","M","?","E"],"items_purchased_type":[],"build_version":"2020-12-22","purchased_purges":0,"victory":false,"max_hp_per_floor":[71,71,71,71,71,71,71],"card_choices":[{"not_picked":["Compile Driver","Gash"],"picked":"Panic Button","floor":1},{"not_picked":["Gash","Streamline"],"picked":"Redo","floor":2},{"not_picked":["ReplayTheSpireMod:Reroute Power","Conserve Battery"],"picked":"Reinforced Body","floor":3},{"not_picked":["Time Bomb","Cold Snap"],"picked":"Multi-Cast","floor":4}],"player_experience":218478,"relics_obtained":[],"event_choices":[{"damage_healed":0,"gold_gain":0,"cards_transformed":["Defend_B"],"player_choice":"Transformed","damage_taken":0,"max_hp_gain":0,"max_hp_loss":0,"event_name":"Transmorgrifier","floor":5,"gold_loss":0,"cards_obtained":["Fission"]}],"is_beta":false,"boss_relics":[],"items_purged_floors":[],"is_endless":false,"potions_floor_spawned":[1,3],"killed_by":"Lagavulin","ascension_level":20}}