{"host":"851hhqouejqwzba1","time":1609431883,"event":{"mods":["BaseMod","Minty Spire (QoL Compilation)","Permanent Neow","Shop Mod","StSLib","óô»ðÖ¸ÄÏ"],"gold_per_floor":[112,129,141,141,66,66,77,77,129,144,92,119,133,133,133,209,209,223,223,243,135,185,185,199,199,199,211,240,258,258,258,258],"floor_reached":31,"playtime":8925,"items_purged":["Defend_G"],"score":463,"play_id":"0e89aed8-8ac7-4fa8-927a-b8476ebea5ce","local_time":"20210101002443","is_ascension_mode":true,"campfire_choices":[{"data":"Deadly Poison","floor":6.0,"key":"SMITH"},{"data":"Blur","floor":8.0,"key":"SMITH"},{"data":"Dagger Spray","floor":15.0,"key":"SMITH"},{"data":"Bane","floor":23.0,"key":"SMITH"},{"floor":25,"key":"REST"}],"circlet_count":0,"master_deck":["AscendersBane","Strike_G","Defend_G","Defend_G+1","Survivor+1","Neutralize","Deadly Poison+1","Blur+1","Dagger Spray+1","Bane+1","PiercingWail","Die Die Die","Acrobatics","Tools of the Trade","Leg Sweep","Infinite Blades"],"relics":["Ring of the Snake","Anchor","Smiling Mask","Empty Cage","Ninja Scroll","PreservedInsect","War Paint"],"acts_visited":["Exordium","TheCity"],"potions_floor_usage":[29,29],"damage_taken":[{"damage":0.0,"enemies":"2 Louse","floor":1.0,"turns":2.0},{"damage":1.0,"enemies":"Small Slimes","floor":2.0,"turns":4.0},{"damage":1.0,"enemies":"Cultist","floor":3.0,"turns":4.0},{"damage":4.0,"enemies":"Looter","floor":7.0,"turns":4.0},{"damage":4.0,"enemies":"Exordium Thugs","floor":10.0,"turns":6.0},{"damage":24.0,"enemies":"Gremlin Nob","floor":12.0,"turns":5.0},{"damage":0.0,"enemies":"Blue Slaver","floor":13.0,"turns":2.0},{"damage":21.0,"enemies":"The Guardian","floor":16.0,"turns":10.0},{"damage":16.0,"enemies":"Chosen","floor":18.0,"turns":6.0},{"damage":10.0,"enemies":"2 Thieves","floor":20.0,"turns":4.0},{"damage":9,"enemies":"Snake Plant","floor":24,"turns":5},{"damage":12,"enemies":"Snecko","floor":27,"turns":4},{"damage":11,"enemies":"Gremlin Leader","floor":28,"turns":5},{"damage":0,"enemies":"Centurion and Healer","floor":29,"turns":7},{"damage":0,"enemies":"Snake Plant","floor":31,"turns":1}],"seed_played":"-8555414092976579668","potions_obtained":[{"floor":1.0,"key":"SkillPotion"},{"floor":12.0,"key":"Ancient Potion"},{"floor":13.0,"key":"CunningPotion"},{"floor":18.0,"key":"SpeedPotion"},{"floor":28,"key":"Swift Potion"}],"is_trial":false,"path_per_floor":["M","M","M","$","?","R","M","R","T","M","R","E","M","?","R","B",null,"M","T","M","$","?","R","M","R","T","M","E","M","?","M"],"character_chosen":"THE_SILENT","items_purchased":["Bane","Acrobatics"],"campfire_rested":1,"item_purchase_floors":[11,21],"current_hp_per_floor":[59,58,57,57,57,57,53,53,53,49,49,25,25,25,25,4,51,35,35,25,25,19,19,10,29,29,17,6,6,6,6,6],"gold":258,"neow_bonus":"THREE_CARDS","is_daily":false,"chose_seed":false,"campfire_upgraded":4,"win_rate":0.0,"timestamp":1609431883,"path_taken":["M","M","M","$","?","R","M","R","T","M","R","E","M","?","R","BOSS","M","?","M","$","?","R","?","R","T","M","E","M","?","M"],"items_purchased_type":["Card","Card"],"build_version":"2020-12-22","purchased_purges":1,"victory":false,"max_hp_per_floor":[66,66,66,66,66,66,66,66,66,66,66,66,66,66,66,66,66,66,66,66,66,66,66,66,66,66,66,66,66,66,66,66],"card_choices":[{"not_picked":["Quick Slash","Blade Dance"],"picked":"Deadly Poison","floor":0.0},{"not_picked":["Leg Sweep","Sucker Punch"],"picked":"Blur","floor":1.0},{"not_picked":["Deadly Poison","Outmaneuver"],"picked":"Dagger Spray","floor":2.0},{"not_picked":["Distraction","Dodge and Roll","Deadly Poison"],"picked":"SKIP","floor":3.0},{"not_picked":["Blade Dance","Bouncing Flask","Crippling Poison"],"picked":"SKIP","floor":7.0},{"not_picked":["Infinite Blades","Flying Knee","Slice"],"picked":"SKIP","floor":10.0},{"not_picked":["Malaise","Cloak And Dagger"],"picked":"PiercingWail","floor":12.0},{"not_picked":["Terror","Setup","Masterful Stab"],"picked":"SKIP","floor":13.0},{"not_picked":["Phantasmal Killer","After Image"],"picked":"Die Die Die","floor":16.0},{"not_picked":["Bane","Masterful Stab","Quick Slash"],"picked":"SKIP","floor":18.0},{"not_picked":["Eviscerate","Bouncing Flask","Quick Slash"],"picked":"SKIP","floor":20.0},{"not_picked":["Deadly Poison","Bane","Deflect"],"picked":"SKIP","floor":24},{"not_picked":["Poisoned Stab","Deadly Poison+1"],"picked":"Tools of the Trade","floor":27},{"not_picked":["Acrobatics","Envenom","Masterful Stab"],"picked":"SKIP","floor":28},{"not_picked":["Heel Hook","Quick Slash+1","Finisher"],"picked":"SKIP","floor":29}],"player_experience":427397,"relics_obtained":[{"floor":9.0,"key":"Anchor"},{"floor":12.0,"key":"Smiling Mask"},{"floor":19.0,"key":"Ninja Scroll"},{"floor":26,"key":"PreservedInsect"},{"floor":28,"key":"War Paint"}],"event_choices":[{"cards_removed":["Strike_G"],"damage_healed":0.0,"max_hp_gain":0.0,"max_hp_loss":0.0,"gold_gain":0.0,"event_name":"The Cleric","player_choice":"Card Removal","floor":5.0,"gold_loss":75.0,"damage_taken":0.0},{"cards_removed":["Strike_G"],"damage_healed":0.0,"max_hp_gain":0.0,"max_hp_loss":0.0,"gold_gain":0.0,"event_name":"Bonfire Elementals","player_choice":"Offered Basic","floor":14.0,"gold_loss":0.0,"damage_taken":0.0},{"damage_healed":0.0,"max_hp_gain":0.0,"max_hp_loss":0.0,"gold_gain":50.0,"event_name":"FaceTrader","player_choice":"Touch","floor":22.0,"gold_loss":0.0,"damage_taken":6.0},{"damage_healed":0,"gold_gain":0,"cards_transformed":["Defend_G","Strike_G"],"player_choice":"Became Test Subject","damage_taken":0,"max_hp_gain":0,"max_hp_loss":0,"event_name":"Drug Dealer","floor":30,"gold_loss":0,"cards_obtained":["Leg Sweep","Infinite Blades"]}],"is_beta":false,"boss_relics":[{"not_picked":["Ring of the Serpent","Velvet Choker"],"picked":"Empty Cage"}],"items_purged_floors":[21],"is_endless":false,"potions_floor_spawned":[1,12,13,18,28],"killed_by":"Snake Plant","ascension_level":16}}