{"host":"ormi09wwzv7sq47a","time":1609439864,"event":{"mods":["2.2 Compatiblity","AchievementEnabler","Act Like it!","BaseMod","Bestiary","Better Altar","Better Note","Better Sensory Stone","Better Skull","Better Third Choice","Better Vampires","BetterRewards","Block Reminder","Card Forge","Colored Map","Colored Powertips","Curses Come First","DeckTracker","Downfall","Highlight Path","Minty Spire (QoL Compilation)","Permanent Neow","Quick Restart","Rare Cards Sparkle","Relic Stats","Shop Mod","StSLib","The Jungle","The Servant 0.9.4"],"gold_per_floor":[119,132,148,159,173,200,200,226,226,243,243,277,277,277,227,304,304,322,338,24,34,34,59,9,9,79,107,57,77,88,88,38,115,115,132,132,148,23,23,23,51,63,117,117,37,54,4,29,29,29,29,29,29,57,57],"floor_reached":56,"playtime":3852,"items_purged":["Slimebound:Tackle","Slimebound:Strike_Slimebound","Slimebound:Strike_Slimebound"],"score":2384,"play_id":"0ad59b5c-7711-42e0-bd90-95fff1d8c1cc","local_time":"20201231153744","is_ascension_mode":true,"campfire_choices":[{"data":"expansioncontent:DashGenerateEvil","floor":11.0,"key":"SMITH"},{"data":"Slimebound:Split","floor":13.0,"key":"SMITH"},{"data":"Slimebound:SpikyOuterGoop","floor":15.0,"key":"SMITH"},{"data":"Slimebound:GoopSpray","floor":24.0,"key":"SMITH"},{"data":"Slimebound:MassFeed","floor":28.0,"key":"SMITH"},{"data":"Slimebound:OozeBath","floor":32.0,"key":"SMITH"},{"data":"Slimebound:ProtectTheBoss","floor":40.0,"key":"SMITH"},{"floor":47.0,"key":"RECALL"},{"data":"Slimebound:LeechEnergy","floor":49.0,"key":"SMITH"},{"data":"Slimebound:SlimeTap","floor":52.0,"key":"SMITH"}],"circlet_count":0,"master_deck":["AscendersBane","Slimebound:Defend_Slimebound","Slimebound:Defend_Slimebound","Slimebound:Defend_Slimebound+1","Slimebound:Split+1","Slimebound:CorrosiveSpit","expansioncontent:DashGenerateEvil+1","Slimebound:RejuvenatingLick+1","Slimebound:LeechingTouch","Slimebound:LeechEnergy+1","Slimebound:SpikyOuterGoop+1","Slimebound:Schlurp","Slimebound:GoopSpray+1","Slimebound:SlimeSpikes","Slimebound:Recollect","Slimebound:SlimeTap+1","Slimebound:Recycling","Slimebound:HauntingLick","Slimebound:ProtectTheBoss+1","Slimebound:OozeBath+1","Slimebound:MassFeed+1","Slimebound:SlimeSpikes+1","Slimebound:WasteNot","Slimebound:TongueLash","Slimebound:SlimeBarrage+1"],"relics":["Slimebound:AbsorbEndCombatUpgraded","Hammer of Thor","Seething Fire","Anvil of the Gods","Torii","White Beast Statue","Bird Faced Urn","Girya","Sundial","Du-Vu Doll","Slimebound:GreedOozeRelic","Art of War","Mummified Hand","theJungle:WildStrawberry","Bag of Marbles","Busted Crown","Incense Burner","Omamori","Letter Opener","War Paint"],"acts_visited":["Exordium","Exordium","TheBeyond","TheEnding"],"potions_floor_usage":[55],"damage_taken":[{"damage":5.0,"enemies":"Cultist","floor":1.0,"turns":4.0},{"damage":0.0,"enemies":"2 Louse","floor":2.0,"turns":3.0},{"damage":5.0,"enemies":"Jaw Worm","floor":3.0,"turns":3.0},{"damage":13.0,"enemies":"3 Louse","floor":4.0,"turns":2.0},{"damage":1.0,"enemies":"Blue Slaver","floor":5.0,"turns":3.0},{"damage":25.0,"enemies":"Lagavulin","floor":6.0,"turns":5.0},{"damage":50.0,"enemies":"Gremlin Nob","floor":8.0,"turns":5.0},{"damage":4.0,"enemies":"2 Fungi Beasts","floor":10.0,"turns":3.0},{"damage":8.0,"enemies":"Lagavulin","floor":12.0,"turns":7.0},{"damage":8.0,"enemies":"Slime Boss","floor":16.0,"turns":9.0},{"damage":17.0,"enemies":"Shell Parasite","floor":18.0,"turns":4.0},{"damage":22.0,"enemies":"theJungle:MUSHROOMGANG","floor":19.0,"turns":3.0},{"damage":22.0,"enemies":"theJungle:Snecko_Cultist_And_Trap","floor":21.0,"turns":7.0},{"damage":47.0,"enemies":"theJungle:MamaSnecko","floor":23.0,"turns":6.0},{"damage":38.0,"enemies":"theJungle:2_Phrogs","floor":27.0,"turns":7.0},{"damage":13.0,"enemies":"theJungle:Lyon","floor":29.0,"turns":3.0},{"damage":32.0,"enemies":"Snake Plant","floor":30.0,"turns":3.0},{"damage":16.0,"enemies":"theJungle:QueenSpyder","floor":33.0,"turns":12.0},{"damage":1.0,"enemies":"Orb Walker","floor":35.0,"turns":4.0},{"damage":39.0,"enemies":"3 Darklings","floor":37.0,"turns":4.0},{"damage":24.0,"enemies":"Nemesis","floor":41.0,"turns":5.0},{"damage":50.0,"enemies":"Transient","floor":42.0,"turns":6.0},{"damage":42.0,"enemies":"Jaw Worm Horde","floor":46.0,"turns":2.0},{"damage":72.0,"enemies":"Reptomancer","floor":48.0,"turns":6.0},{"damage":82.0,"enemies":"Awakened One","floor":50.0,"turns":13.0},{"damage":51.0,"enemies":"Shield and Spear","floor":54.0,"turns":6.0},{"damage":120,"enemies":"The Heart","floor":55,"turns":11}],"seed_played":"1957287272224531580","potions_obtained":[{"floor":1.0,"key":"SpeedPotion"},{"floor":2.0,"key":"Strength Potion"},{"floor":3.0,"key":"PowerPotion"},{"floor":4.0,"key":"BlessingOfTheForge"},{"floor":5.0,"key":"Slimebound:SlimedPotion"},{"floor":6.0,"key":"FairyPotion"},{"floor":8.0,"key":"Regen Potion"},{"floor":12.0,"key":"SpeedPotion"},{"floor":16.0,"key":"hexamod:EctoCoolerPotion"},{"floor":18.0,"key":"Guardian:BlockOnCardUsePotion"},{"floor":19.0,"key":"GamblersBrew"},{"floor":21.0,"key":"FearPotion"},{"floor":27.0,"key":"SkillPotion"},{"floor":29.0,"key":"PowerPotion"},{"floor":30.0,"key":"Slimebound:SlimedPotion"},{"floor":36.0,"key":"LiquidMemories"},{"floor":37.0,"key":"Regen Potion"},{"floor":48.0,"key":"Regen Potion"},{"floor":54.0,"key":"Energy Potion"}],"is_trial":false,"path_per_floor":["M","M","M","M","M","E","?","E","T","M","R","E","R","?","R","B",null,"M","M","$","M","?","E","R","?","T","E","R","M","M","?","R","B",null,"M","?","M","$","$","R","E","M","T","?","$","M","R","E","R","B",null,"R","$","E","B",null],"character_chosen":"SLIMEBOUND","items_purchased":["expansioncontent:DashGenerateEvil","White Beast Statue","Slimebound:HauntingLick","Art of War","Slimebound:TongueLash"],"campfire_rested":0,"item_purchase_floors":[0,0,20,20,45],"current_hp_per_floor":[51,54,53,49,54,43,48,20,20,30,30,59,59,59,59,59,59,59,59,59,59,59,48,48,41,41,53,53,56,56,41,41,66,66,66,66,57,57,57,57,66,62,62,62,62,72,72,64,64,47,70,70,70,78,19],"gold":57,"neow_bonus":"","is_daily":false,"chose_seed":false,"campfire_upgraded":9,"win_rate":0.0,"timestamp":1609439864,"path_taken":["M","M","M","?","M","E","?","E","T","M","R","E","R","?","R","BOSS","M","M","$","M","?","E","R","?","T","E","R","M","M","?","R","BOSS","M","?","M","?","$","R","E","M","T","?","$","M","R","E","R","BOSS","R","$","E","BOSS"],"items_purchased_type":["Card","Relic","Card","Relic","Card"],"build_version":"2020-12-22","purchased_purges":3,"victory":true,"max_hp_per_floor":[54,54,54,54,54,54,59,59,59,59,59,59,59,59,59,59,59,59,59,59,59,59,59,59,66,66,66,66,66,66,66,66,66,66,66,66,66,66,66,66,66,66,66,66,66,78,78,78,78,78,78,78,78,78,78],"relic_stats":{"Busted Crown":14,"Torii":78,"counters":[210,947],"Sundial":[20],"Mummified Hand":[111],"Bird Faced Urn":[68],"Art of War":[20],"Letter Opener":[280],"War Paint":["Slimebound:Defend_Slimebound","Slimebound:RejuvenatingLick"],"obtain_stats":[{"Spirit Poop":29,"Whetstone":26,"Ginger":54,"Bottled Tornado":8,"Sling":0,"Boot":54,"Old Coin":48,"Blood Vial":30,"Sundial":0,"MealTicket":24,"Kunai":39,"Slimebound:AggressiveSlimeRelic":12,"Pear":29,"Blue Candle":9,"Eternal Feather":45,"Pen Nib":40,"Guardian:PocketSentry":23,"Akabeko":26,"Slimebound:TarBlob":17,"SlaversCollar":34,"Bird Faced Urn":0,"StrikeDummy":26,"Slimebound:SlimedTailRelic":47,"Lantern":43,"Torii":39,"StoneCalendar":11,"Bag of Preparation":20,"Smiling Mask":42,"Ancient Tea Set":20,"Slimebound:MaxSlimesRelic":53,"Matryoshka":25,"Shovel":29,"InkBottle":43,"Potion Belt":31,"Golden Idol":4,"PreservedInsect":7,"The Courier":43,"Omamori":21,"Seething Fire":0,"Slimebound:PotencyRelic":0,"Busted Crown":34,"Turnip":30,"Slimebound:AbsorbEndCombat":0,"Art of War":29,"Bottled Lightning":47,"hexamod:BolsterEngine":0,"Slimebound:AbsorbEndCombatUpgraded":17,"Toy Ornithopter":40,"Ice Cream":41,"Calipers":0,"Gremlin Horn":9,"Nilry\u0027s Codex":20,"CeramicFish":31,"Vajra":44,"Hammer of Thor":0,"Sozu":34,"Lizard Tail":7,"HornCleat":0,"Philosopher\u0027s Stone":34,"Prayer Wheel":0,"Toxic Egg 2":0,"Girya":8,"Happy Flower":54,"Oddly Smooth Stone":43,"Letter Opener":48,"War Paint":37,"Question Card":26,"Du-Vu Doll":12,"Bottled Flame":26,"Shuriken":53,"Anvil of the Gods":0,"Bronze Scales":41,"Molten Egg 2":7,"Black Star":17,"theJungle:WildStrawberry":25,"Slimebound:SlimedSkullRelic":6,"Pocketwatch":0,"SacredBark":34,"Mango":0,"Incense Burner":0,"Empty Cage":17,"Nunchaku":54,"Mummified Hand":53,"Gambling Chip":21,"Pantograph":10,"Tiny Chest":0,"Red Mask":20,"White Beast Statue":11,"Mercury Hourglass":30,"Slimebound:GreedOozeRelic":10,"Strange Spoon":0,"Anchor":24,"CaptainsWheel":36,"Bag of Marbles":25,"Coffee Dripper":17,"Membership Card":37,"TungstenRod":27},{"Spirit Poop":13,"Whetstone":38,"Ginger":159,"Bottled Tornado":59,"Sling":83,"Boot":110,"Old Coin":80,"Blood Vial":100,"Sundial":83,"MealTicket":37,"Kunai":129,"Slimebound:AggressiveSlimeRelic":89,"Pear":70,"Blue Candle":4,"Eternal Feather":24,"Pen Nib":153,"Guardian:PocketSentry":67,"Akabeko":97,"Slimebound:TarBlob":141,"SlaversCollar":73,"Bird Faced Urn":54,"StrikeDummy":68,"Slimebound:SlimedTailRelic":80,"Lantern":154,"Torii":179,"StoneCalendar":89,"Bag of Preparation":9,"Smiling Mask":23,"Ancient Tea Set":65,"Slimebound:MaxSlimesRelic":52,"Matryoshka":68,"Shovel":124,"InkBottle":180,"Potion Belt":41,"Golden Idol":1,"PreservedInsect":31,"The Courier":77,"Omamori":9,"Seething Fire":0,"Slimebound:PotencyRelic":27,"Busted Crown":201,"Turnip":14,"Slimebound:AbsorbEndCombat":0,"Art of War":40,"Bottled Lightning":107,"hexamod:BolsterEngine":27,"Slimebound:AbsorbEndCombatUpgraded":7,"Toy Ornithopter":22,"Ice Cream":130,"Calipers":83,"Gremlin Horn":31,"Nilry\u0027s Codex":121,"CeramicFish":125,"Vajra":155,"Hammer of Thor":0,"Sozu":126,"Lizard Tail":163,"HornCleat":54,"Philosopher\u0027s Stone":16,"Prayer Wheel":160,"Toxic Egg 2":54,"Girya":190,"Happy Flower":26,"Oddly Smooth Stone":47,"Letter Opener":207,"War Paint":44,"Question Card":12,"Du-Vu Doll":192,"Bottled Flame":170,"Shuriken":109,"Anvil of the Gods":0,"Bronze Scales":47,"Molten Egg 2":3,"Black Star":92,"theJungle:WildStrawberry":197,"Slimebound:SlimedSkullRelic":138,"Pocketwatch":160,"SacredBark":175,"Mango":135,"Incense Burner":111,"Empty Cage":63,"Nunchaku":53,"Mummified Hand":81,"Gambling Chip":65,"Pantograph":140,"Tiny Chest":111,"Red Mask":168,"White Beast Statue":164,"Mercury Hourglass":100,"Slimebound:GreedOozeRelic":4,"Strange Spoon":160,"Anchor":37,"CaptainsWheel":128,"Bag of Marbles":12,"Coffee Dripper":35,"Membership Card":44,"TungstenRod":98},{"Spirit Poop":74,"Whetstone":221,"Ginger":712,"Bottled Tornado":317,"Sling":399,"Boot":510,"Old Coin":384,"Blood Vial":456,"Sundial":399,"MealTicket":217,"Kunai":586,"Slimebound:AggressiveSlimeRelic":416,"Pear":352,"Blue Candle":22,"Eternal Feather":153,"Pen Nib":689,"Guardian:PocketSentry":344,"Akabeko":446,"Slimebound:TarBlob":642,"SlaversCollar":362,"Bird Faced Urn":297,"StrikeDummy":346,"Slimebound:SlimedTailRelic":384,"Lantern":694,"Torii":782,"StoneCalendar":416,"Bag of Preparation":51,"Smiling Mask":145,"Ancient Tea Set":337,"Slimebound:MaxSlimesRelic":289,"Matryoshka":346,"Shovel":564,"InkBottle":787,"Potion Belt":232,"Golden Idol":5,"PreservedInsect":195,"The Courier":376,"Omamori":51,"Seething Fire":0,"Slimebound:PotencyRelic":184,"Busted Crown":891,"Turnip":81,"Slimebound:AbsorbEndCombat":0,"Art of War":229,"Bottled Lightning":486,"hexamod:BolsterEngine":184,"Slimebound:AbsorbEndCombatUpgraded":39,"Toy Ornithopter":137,"Ice Cream":593,"Calipers":399,"Gremlin Horn":195,"Nilry\u0027s Codex":551,"CeramicFish":569,"Vajra":697,"Hammer of Thor":0,"Sozu":578,"Lizard Tail":726,"HornCleat":297,"Philosopher\u0027s Stone":99,"Prayer Wheel":718,"Toxic Egg 2":297,"Girya":827,"Happy Flower":173,"Oddly Smooth Stone":261,"Letter Opener":918,"War Paint":248,"Question Card":71,"Du-Vu Doll":837,"Bottled Flame":748,"Shuriken":504,"Anvil of the Gods":0,"Bronze Scales":261,"Molten Egg 2":17,"Black Star":425,"theJungle:WildStrawberry":866,"Slimebound:SlimedSkullRelic":632,"Pocketwatch":718,"SacredBark":769,"Mango":622,"Incense Burner":516,"Empty Cage":330,"Nunchaku":295,"Mummified Hand":389,"Gambling Chip":337,"Pantograph":639,"Tiny Chest":516,"Red Mask":741,"White Beast Statue":728,"Mercury Hourglass":456,"Slimebound:GreedOozeRelic":22,"Strange Spoon":718,"Anchor":217,"CaptainsWheel":583,"Bag of Marbles":71,"Coffee Dripper":211,"Membership Card":248,"TungstenRod":449}]},"card_choices":[{"not_picked":["Slimebound:ViciousTackle","Slimebound:SplitMire"],"picked":"Slimebound:LeechingTouch","floor":1.0},{"not_picked":["Slimebound:Chomp","Slimebound:SamplingLick"],"picked":"Slimebound:LeechEnergy","floor":2.0},{"not_picked":["Slimebound:TongueLash","Slimebound:SplitBruiser"],"picked":"Slimebound:SpikyOuterGoop","floor":3.0},{"not_picked":["Slimebound:ItLooksTasty","Slimebound:ViciousTackle"],"picked":"Slimebound:Schlurp","floor":4.0},{"not_picked":["Slimebound:SplitMire","Slimebound:ViciousTackle"],"picked":"Slimebound:GoopSpray","floor":5.0},{"not_picked":["Slimebound:GrowthPunch","Slimebound:LeechEnergy"],"picked":"Slimebound:SlimeSpikes","floor":6.0},{"not_picked":["Slimebound:PressTheAttack","Slimebound:SplitBruiser","Slimebound:Schlurp"],"picked":"SKIP","floor":8.0},{"not_picked":["Slimebound:GrowthPunch","Slimebound:LevelUp"],"picked":"Slimebound:Recollect","floor":10.0},{"not_picked":["Slimebound:ViciousTackle","Slimebound:Replication"],"picked":"Slimebound:SlimeTap","floor":12.0},{"not_picked":["Slimebound:MinionMaster","Slimebound:WasteNot"],"picked":"Slimebound:Recycling","floor":16.0},{"not_picked":["Slimebound:LeechingTouch","Slimebound:LeechEnergy","Slimebound:SplitBruiser"],"picked":"SKIP","floor":18.0},{"not_picked":["Slimebound:BestDefense","Slimebound:LeechEnergy","Slimebound:GoopSpray"],"picked":"SKIP","floor":19.0},{"not_picked":["Slimebound:HungryTackle","Slimebound:SlimeSpikes"],"picked":"Slimebound:ProtectTheBoss","floor":21.0},{"not_picked":["Slimebound:GoopSpray","Slimebound:LevelUp"],"picked":"Slimebound:OozeBath","floor":23.0},{"not_picked":["Slimebound:GrowthPunch","Slimebound:ForwardTackle"],"picked":"Slimebound:MassFeed","floor":27.0},{"not_picked":["Slimebound:Equalize","Slimebound:ViciousTackle"],"picked":"Slimebound:SlimeSpikes+1","floor":29.0},{"not_picked":["Slimebound:Equalize","Slimebound:FinishingTackle","Slimebound:SplitMire"],"picked":"SKIP","floor":30.0},{"not_picked":["Slimebound:CheckThePlaybook","Slimebound:SelfFormingGoo"],"picked":"Slimebound:WasteNot","floor":33.0},{"not_picked":["Slimebound:SplitAcid"],"picked":"SKIP","floor":35.0},{"not_picked":["Slimebound:PressTheAttack"],"picked":"SKIP","floor":37.0},{"not_picked":["Slimebound:SplitMire"],"picked":"SKIP","floor":41.0},{"not_picked":["Slimebound:GrowthPunch"],"picked":"SKIP","floor":42.0},{"not_picked":["Slimebound:Schlurp"],"picked":"SKIP","floor":46.0},{"not_picked":["Slimebound:ComboTackle+1"],"picked":"SKIP","floor":48.0},{"not_picked":[],"picked":"Slimebound:SlimeBarrage+1","floor":54.0}],"player_experience":832529,"relics_obtained":[{"floor":6.0,"key":"Bird Faced Urn"},{"floor":8.0,"key":"Girya"},{"floor":9.0,"key":"Sundial"},{"floor":12.0,"key":"Du-Vu Doll"},{"floor":23.0,"key":"Mummified Hand"},{"floor":27.0,"key":"Bag of Marbles"},{"floor":41.0,"key":"Incense Burner"},{"floor":43.0,"key":"Omamori"},{"floor":48.0,"key":"Letter Opener"},{"floor":54.0,"key":"War Paint"}],"event_choices":[{"damage_healed":0.0,"max_hp_gain":5.0,"max_hp_loss":0.0,"gold_gain":0.0,"event_name":"Big Fish","player_choice":"Donut","floor":7.0,"gold_loss":0.0,"damage_taken":0.0},{"damage_healed":0.0,"max_hp_gain":0.0,"max_hp_loss":0.0,"gold_gain":0.0,"event_name":"Lab","player_choice":"Got Potions","floor":36.0,"gold_loss":0.0,"damage_taken":0.0},{"cards_removed":["Slimebound:Defend_Slimebound"],"damage_healed":0.0,"max_hp_gain":0.0,"max_hp_loss":0.0,"gold_gain":0.0,"event_name":"Purifier","player_choice":"Purged","floor":44.0,"gold_loss":0.0,"damage_taken":0.0}],"is_beta":false,"boss_relics":[{"not_picked":["Snecko Eye","Runic Dome"],"picked":"Slimebound:AbsorbEndCombatUpgraded"},{"not_picked":["Pandora\u0027s Box","Astrolabe"],"picked":"Busted Crown"}],"items_purged_floors":[0,20,38],"is_endless":false,"potions_floor_spawned":[1,2,3,4,5,6,8,10,12,16,18,19,21,23,27,29,30,33,35,37,41,42,46,48,54],"ascension_level":17}}